2101 3419
403 357 490 400 882

400 463 412 482 ⁶
429 463 646 493 Incruentam
661 461 835 493 victoriam
851 461 994 493 retulit!
1017 470 1098 494 xm.

402 515 477 544 246.
492 515 544 544 26.
567 513 577 531 ‘
592 513 813 544 Incruentam
838 511 1013 544 victoriam
1040 512 1098 543 ha-

401 562 497 594 buit.’

446 614 521 653 §10
544 612 702 644 Ducentos
724 611 875 653 captivos]
898 612 950 643 De
977 611 1097 653 quibus

401 673 519 695 versus
535 664 635 695 Ennii
649 664 821 704 elegantes
843 668 921 695 sunt
945 673 1000 704 ap.
1023 663 1096 695 Cic.

403 712 474 745 Off.
492 723 517 744 1.
536 716 586 744 ll.
609 714 715 753 Bong.

444 764 516 803 §ll
541 762 581 794 Iri
595 773 651 804 quo
673 773 733 803 par
750 763 884 801 fortuna
906 762 1007 804 priori
1021 763 1095 794 bello

390 812 477 853 suit]
507 812 605 843 Istud
629 813 704 844 bello
732 813 898 853 glossema
935 816 989 844 est
1014 822 1095 853 pue-

398 863 470 894 rile.
519 863 610 894 Huic
634 863 656 895 l.
679 863 764 894 alius
789 864 810 895 l.
835 867 889 894 est
906 863 1003 903 plane
1021 872 1095 902 ger-

397 922 528 953 manus,
550 922 642 944 xxu.
669 916 699 944 3.
722 914 731 930 ‘
748 913 815 944 Sed
831 913 970 943 secundi
986 917 1095 943 certa-

396 962 496 992 minis
512 962 631 993 eadem
647 962 793 1002 fortuna,
814 972 888 1003 quae
911 968 946 993 et
972 962 1093 1002 prioris

395 1011 484 1044 fuit!
507 1012 618 1044 Faber.
663 1013 773 1044 Priori
787 1013 861 1043 bello
878 1022 950 1053 pro,
971 1012 1094 1053 prioris

398 1062 490 1103 belli,
523 1062 543 1094 i.
573 1072 603 1093 e.
633 1063 743 1104 praelii
772 1062 929 1093 fortunae.
974 1062 1094 1092 Solent

396 1116 554 1144 auctores
570 1113 615 1144 ita
633 1112 764 1143 concise
780 1112 884 1153 loqui.
930 1111 1007 1142 Vid.
1024 1111 1094 1142 No-

396 1167 449 1193 tas
475 1162 516 1193 ad
543 1172 568 1193 1.
593 1165 624 1193 7.
652 1166 703 1193 14.
733 1162 833 1193 Vorst.
879 1161 988 1192 Faber
1011 1161 1094 1192 illud

395 1211 471 1243 bello
495 1212 600 1245 delet.
644 1212 734 1243 Puto
759 1221 825 1242 uon
849 1221 986 1242 necesse
1010 1220 1094 1242 esse.

394 1262 499 1301 Schef.

438 1313 558 1343 Iterato
571 1313 713 1353 proelz'um
729 1322 796 1343 cum
813 1313 900 1343 Rom.
913 1311 1014 1352 fucit]
1037 1310 1092 1343 Ad

397 1360 558 1393 Asculum
575 1362 702 1393 urbem.
729 1364 827 1394 Rern.

438 1412 524 1443 CAP.
541 1422 580 1443 11.
605 1413 622 1452 ξ
638 1415 653 1442 l
681 1414 759 1443 Cum
774 1416 895 1443 centum
909 1412 1025 1451 viginti
1040 1422 1093 1443 nu-

392 1461 493 1502 ribus]
518 1463 663 1493 Centum
679 1462 817 1502 triginta
833 1462 937 1493 habet
954 1463 1027 1493 Val.
1040 1463 1090 1493 M.

392 1521 448 1542 111.
466 1515 498 1542 7.
522 1513 679 1551 Bongars.
724 1512 780 1543 Ita
797 1516 932 1542 cautum
955 1511 1092 1542 videtur

389 1561 531 1602 foedere,
555 1562 596 1593 de
619 1572 685 1604 quo
709 1562 832 1603 Polyb.
856 1571 912 1593 111.
929 1565 982 1593 25.
1007 1562 1091 1603 agit.

398 1612 501 1643 Vorst.

434 1662 463 1692 A
493 1663 657 1703 peregrino
686 1663 775 1703 rege]
809 1663 895 1693 Mss.
925 1672 999 1702 rege
1025 1671 1091 1693 non

391 1717 609 1751 cognoscunt.
656 1714 701 1744 Et
730 1713 830 1754 quid?
865 1713 892 1744 si
922 1723 988 1743 non
1018 1723 1092 1753 rex,

390 1761 449 1792 sed
477 1763 620 1802 populus
644 1763 843 1803 peregrinus
862 1763 1019 1794 Romanis
1041 1763 1090 1794 in-

390 1811 525 1842 tulisset
539 1812 674 1851 bellum,
686 1813 986 1853 Carthaginienses
1000 1823 1089 1853 aegre

389 1860 422 1891 id
455 1860 545 1891 ferre
577 1872 641 1892 non
673 1863 886 1903 potuissent?
928 1864 995 1894 Sed
1023 1873 1089 1895 nou

390 1910 489 1941 niodo
506 1911 587 1942 illud
604 1922 676 1950 rege
691 1912 770 1942 mihi
792 1923 811 1943 a
833 1913 1016 1952 glossatore
1041 1914 1090 1944 in-

390 1967 520 1991 trusum
538 1961 681 1999 videtur,
698 1972 813 1993 verum
830 1968 863 1993 et
879 1973 897 1994 a
915 1963 1090 2003 peregrino,

390 2021 466 2042 cum
494 2021 559 2041 non
582 2013 688 2050 magis
716 2022 819 2043 causa
841 2023 932 2053 aegre
957 2012 1088 2044 ferendi

390 2062 434 2092 sit
452 2062 485 2092 in
501 2061 685 2103 hoc,quani
701 2063 733 2093 in
752 2064 870 2094 altero.
907 2064 982 2094 Hoc
998 2064 1087 2094 enim

391 2112 687 2151 Carthaginienses
711 2117 841 2143 tantuin
865 2113 1027 2144 dicebant
1045 2123 1088 2143 ce·

390 2171 449 2201 gre
466 2172 501 2193 se
517 2161 615 2201 ferre,
639 2163 740 2203 quod,
764 2172 839 2193 cum
864 2163 1006 2202 populus
1023 2163 1088 2193 Ro-

388 2222 507 2243 manus
524 2213 629 2243 multa
644 2211 789 2243 feliciter
805 2216 840 2243 et
854 2212 998 2252 gloriose
1014 2222 1086 2252 ges·

388 2263 471 2293 serit
487 2262 577 2293 bella
603 2263 635 2293 in
656 2263 752 2293 terris
770 2262 972 2303 peregrinis,
995 2272 1084 2294 nunc

388 2321 431 2342 ne
448 2311 479 2342 iu
497 2312 597 2343 Italia
613 2313 747 2353 quidem
770 2313 878 2352 possit
902 2322 974 2343 esse
993 2317 1084 2344 tutus

388 2366 423 2392 ct
441 2362 652 2402 tranquillus.
676 2362 778 2400 Sches.

432 2412 449 2451 ξ
481 2414 501 2442 2
538 2413 680 2443 Exim-no
707 2413 792 2443 hoste
818 2411 1084 2452 oppugnarentur]

387 2461 606 2493 Praetulerim
623 2461 661 2492 ab
675 2465 741 2492 curt.
759 2462 788 2492 11.
814 2463 895 2493 Fab.

432 2512 482 2551 §4
506 2511 725 2551 Speculaturus
748 2512 891 2553 consilia]
925 2513 972 2544 Ut
1000 2513 1084 2543 sole-

387 2561 470 2592 bant
486 2561 793 2602 Carthaginienses.
837 2562 914 2594 Vid.
933 2563 1085 2595 Frontin.

386 2613 491 2643 Strat.
507 2621 530 2643 1.
548 2616 578 2643 2.
594 2616 624 2643 3.
642 2618 677 2644 et
693 2616 726 2644 4.
766 2613 830 2644 Ars
845 2614 971 2654 magnis
987 2614 1085 2645 Prin-

386 2662 519 2701 cipibus
535 2662 717 2693 etiamnum
740 2662 926 2702 familiaris,
952 2663 994 2695 de
1020 2674 1086 2704 qua

385 2711 536 2743 Piccart.
567 2712 652 2744 Obs.
682 2713 765 2745 Dec.
802 2723 865 2744 vu.
904 2716 936 2744 4.
993 2714 1083 2744 And.

385 2762 480 2792 Fam.
497 2762 653 2793 stradam
669 2763 701 2794 iu
718 2763 814 2794 Actis
838 2763 916 2794 anni
934 2766 1027 2794 1581.
1050 2772 1084 2804 p.

384 2813 458 2841 486.
482 2812 580 2844 Rern.

428 2861 599 2901 Arcessiri]
632 2861 739 2893 Scrib.
772 2862 895 2895 arcessi.
933 2862 1081 2894 Gronov.

388 2908 471 2940 Mas.
489 2910 610 2942 arcessi.
635 2912 749 2943 Graev.

856 368 996 398 NOTAE
1032 368 1293 400 VARlORUM
1326 369 1376 399 IN

1192 464 1208 503 ᾗ
1225 466 1242 494 5
1267 464 1353 494 Nom
1369 463 1518 495 Romanis
1537 463 1642 494 eadem
1664 471 1756 493 causa
1769 461 1842 493 mit-

1148 513 1233 544 tendi
1259 513 1372 544 auxilii
1397 512 1703 553 Carthaginiensibus
1716 511 1842 551 fuerat]

1148 562 1342 602 Propositio
1360 572 1449 600 vera,
1477 567 1515 593 ut
1536 561 1704 592 dialectici
1727 560 1842 592 dicere

1147 613 1257 643 solent
1272 613 1305 643 in
1321 622 1422 644 sensu
1433 612 1625 651 diviso,non
1641 620 1841 642 sensueom-

1147 663 1271 703 posito.
1294 664 1378 694 Vult
1390 663 1476 693 enim
1494 663 1619 698 dicere,
1631 661 1841 702 Carthagini-

1146 713 1282 744 ensibus
1299 713 1398 745 eand.
1410 723 1545 744 causam
1561 712 1665 743 fuisse
1681 711 1842 743 mittendi

1146 762 1268 794 auxilia
1278 763 1436 794 Romanis
1448 774 1455 794 :
1465 763 1573 794 innuit
1583 767 1695 794 autem
1706 761 1841 793 occulte

1146 813 1441 853 Carthaginienses
1452 823 1518 844 non
1532 814 1756 844 Romanorum
1768 821 1842 851 gra-

1146 864 1192 895 tia
1203 864 1275 895 haec
1285 865 1410 895 auxilia
1420 864 1561 904 misisse,
1574 864 1631 895 sed
1645 873 1704 894 sua
1718 871 1841 901 causa;

1145 924 1268 955 nempe
1292 919 1330 946 ut
1354 916 1520 956 Pyrrhum
1543 916 1575 946 in
1599 915 1700 946 Italia
1715 914 1841 946 retine·

1144 968 1234 1004 rent,
1245 974 1306 995 nec
1319 965 1468 996 Siciliam
1481 965 1728 1005 ingrederetur,
1741 974 1840 1006 quam

1143 1013 1208 1054 ipsi
1223 1015 1324 1045 armis
1339 1015 1521 1046 vexabant.
1556 1015 1737 1053 Caeterum,
1750 1014 1840 1055 quod

1143 1063 1191 1094 ait
1210 1063 1377 1102 Jusfinus,
1400 1064 1592 1095 Fabricium
1611 1073 1631 1095 a
1652 1068 1772 1095 senatu
1795 1063 1840 1095 ad

1143 1112 1310 1153 Pyrrhum
1322 1113 1458 1144 missum
1470 1123 1589 1153 pacem
1599 1113 1841 1154 composuisse,

1143 1172 1240 1193 secus
1261 1173 1280 1193 a
1305 1163 1398 1194 Plut.
1422 1163 1589 1195 traditur:
1614 1164 1673 1196 sed
1689 1164 1839 1204 Cyneam

1143 1223 1162 1244 a
1178 1213 1309 1253 Pyrrho
1327 1213 1469 1244 Romam
1485 1213 1623 1244 missum
1648 1222 1710 1256 pro
1733 1213 1840 1254 impe-

1142 1262 1264 1293 tranda
1295 1272 1378 1303 pace
1408 1264 1508 1293 etiam
1539 1263 1611 1294 Cic.
1640 1264 1761 1302 doc-213
1791 1262 1839 1293 ibi

1140 1322 1222 1344 vero
1238 1313 1409 1344 obstitisse
1422 1312 1572 1354 Appium
1584 1313 1762 1344 Claudium
1775 1321 1840 1344 cae-

1141 1373 1229 1404 cum,
1251 1373 1293 1394 ne
1317 1373 1393 1394 cum
1417 1373 1497 1403 rege
1521 1373 1587 1404 pax
1611 1363 1720 1394 fieret.
1766 1363 1837 1394 No-

1142 1413 1207 1443 tior
1222 1417 1274 1443 est
1291 1412 1442 1450 historia,
1465 1422 1565 1453 quam
1583 1417 1620 1443 ut
1637 1412 1751 1443 multis
1765 1422 1838 1444 ver-

1142 1462 1190 1492 bis
1207 1461 1369 1502 indigeat.
1397 1462 1491 1492 Glor.

1184 1511 1268 1541 Nam
1285 1511 1434 1541 Romanis
1454 1511 1558 1542 eodem
1580 1520 1671 1541 causa
1693 1510 1839 1542 mittendi

1138 1561 1266 1601 anxilii,
1282 1561 1351 1601 ὅτ]
1377 1562 1475 1592 Mens
1492 1560 1648 1592 Auctoris
1674 1560 1740 1600 legi
1761 1559 1837 1601 'pos-

1140 1611 1228 1642 tulat
1266 1612 1350 1642 Nam.
1388 1610 1699 1650 Carthaginiensibus
1733 1611 1838 1642 eudem

1138 1671 1230 1692 causa
1252 1661 1398 1692 mittendi
1420 1661 1534 1692 auxilii
1552 1661 1699 1692 Romanis
1713 1660 1837 1699 fuerat.

1138 1711 1247 1742 Sebis.
1292 1711 1377 1741 Mihi
1404 1711 1554 1742 Romanis
1575 1711 1768 1752 glossemati
1794 1711 1838 1742 si-

1138 1761 1216 1792 mile
1248 1760 1397 1793 videtur.
1435 1761 1568 1793 Ber-nec.
1622 1761 1697 1801 Ego
1727 1760 1838 1792 omnia

1139 1816 1233 1842 recte
1260 1821 1295 1842 se
1318 1811 1443 1842 habere
1469 1811 1640 1850 existimo,
1670 1815 1707 1842 et
1736 1820 1837 1842 voees

1138 1861 1238 1892 modo
1269 1862 1432 1901 trajectas
1467 1871 1562 1892 esse:
1599 1861 1634 1892 id
1674 1861 1770 1902 quoti
1800 1861 1835 1892 in

1138 1911 1273 1951 scriptis
1303 1911 1469 1942 Veterum
1509 1915 1563 1942 est
1600 1910 1834 1951 perfrequens.

1138 1961 1262 1991 Sensus
1291 1960 1425 2001 quidem
1455 1965 1526 1992 est:
1564 1960 1671 1992 Eand.
1699 1970 1833 1992 causam

1139 2009 1468 2050 Carthaginiensibus
1502 2009 1619 2049 fuisse,
1652 2010 1705 2040 vel
1735 2009 1835 2041 eand.

1137 2070 1272 2091 causam
1283 2060 1578 2099 Carthaginienses
1590 2059 1744 2090 habuisse
1756 2069 1836 2090 aux-

1137 2110 1184 2141 ilii
1201 2110 1358 2140 Romanis
1376 2110 1544 2141 mittendi.
1574 2110 1676 2141 Vorst.
1721 2111 1833 2141 Locus

1136 2160 1191 2190 hic
1219 2169 1284 2190 non
1311 2169 1410 2190 sanus
1437 2159 1516 2189 viris
1546 2159 1655 2190 doctis
1686 2159 1831 2190 videtur.

1136 2209 1221 2240 Mihi
1250 2219 1293 2240 ne
1316 2209 1448 2249 integer
1476 2208 1622 2250 quidem.
1677 2210 1723 2240 Et
1749 2214 1834 2249 puto

1135 2264 1212 2300 post
1244 2259 1393 2290 Romanis
1420 2259 1537 2290 deesse
1563 2260 1688 2300 aliqua,
1710 2259 1831 2300 quibus

1134 2309 1389 2349 ostendebatur,
1411 2319 1470 2340 cur
1489 2310 1632 2340 Romani
1655 2310 1833 2350 Carthagi·

1134 2361 1298 2392 niensium
1322 2360 1447 2392 auxilia
1467 2361 1630 2392 haberent
1659 2367 1830 2401 suspecta,

1135 2412 1220 2442 sicut
1232 2412 1393 2452 sequitur,
1408 2421 1468 2441 cur
1479 2411 1773 2451 Carthaginienses
1790 2422 1832 2443 ea

1134 2461 1295 2492 Romanis
1307 2461 1476 2493 voluerint
1487 2461 1681 2493 obtrudere.
1719 2462 1833 2494 Docet

1135 2522 1200 2543 vox
1230 2511 1395 2551 ‘eadem,'
1425 2522 1500 2552 qum
1531 2522 1662 2553 semper
1687 2513 1830 2553 respicit

1134 2562 1213 2604 quid
1229 2561 1434 2593 antecedens
1451 2563 1573 2604 simile,
1594 2564 1692 2605 quale
1708 2564 1740 2595 b.
1756 2563 1790 2594 in
1806 2563 1830 2594 l.

1134 2612 1214 2643 nihil
1231 2616 1337 2643 extat.
1364 2612 1467 2650 Sclief.

1177 2664 1194 2703 ᾗ
1217 2666 1237 2693 6
1261 2662 1424 2694 fabricius
1450 2662 1616 2703 Luscinus]
1649 2663 1717 2694 Alii
1743 2663 1830 2696 hunc

1133 2713 1269 2743 missum
1292 2711 1421 2752 ferunt,
1443 2717 1481 2743 ut
1506 2713 1548 2743 de
1575 2714 1717 2753 captivis
1743 2713 1831 2744 redi-

1132 2763 1262 2794 mendis
1279 2767 1408 2803 ageret.
1445 2763 1497 2793 De
1514 2764 1738 2794 Romanorum
1755 2773 1832 2794 con-

1132 2813 1279 2844 tinentia
1308 2813 1371 2852 leg.
1397 2813 1568 2844 Valerium
1596 2821 1647 2844 iv,
1673 2815 1705 2843 3.
1751 2812 1829 2844 Hoc

1132 2862 1239 2893 voluit
1254 2862 1362 2892 Varro
1381 2871 1421 2893 11.
1450 2862 1492 2893 ‹le
1509 2863 1590 2893 Vita
1617 2862 1703 2902 Pop.
1730 2861 1826 2893 Rom.

1132 2913 1142 2930 ⁴
1166 2913 1242 2945 Qua
1271 2912 1477 2944 abstinentia
1513 2912 1575 2943 viri
1605 2912 1828 2954 mulieresque
