<?xml version="1.0" encoding="UTF-8"?>
<!DOCTYPE html PUBLIC "-//W3C//DTD XHTML 1.0 Transitional//EN"
    "http://www.w3.org/TR/xhtml1/DTD/xhtml1-transitional.dtd">
<html xmlns="http://www.w3.org/1999/xhtml" xml:lang="en" lang="en">
 <head>
  <title>
</title>
<meta http-equiv="Content-Type" content="text/html;charset=utf-8" />
  <meta name='ocr-system' content='tesseract 3.04.00' />
  <meta name='ocr-capabilities' content='ocr_page ocr_carea ocr_par ocr_line ocrx_word'/>
</head>
<body>
  <div class='ocr_page' id='page_1' title='image "./historiaephilipp02just/historiaephilipp02just_0206.png"; bbox 0 0 2174 3424; ppageno 0'>
   <div class='ocr_carea' id='block_1_1' title="bbox 405 312 489 353">
    <p class='ocr_par' dir='ltr' id='par_1_1' title="bbox 405 312 489 353">
     <span class='ocr_line' id='line_1_1' title="bbox 405 312 489 353; baseline -0.012 0"><span class='ocrx_word' id='word_1_1' title='bbox 405 312 489 353; x_wconf 74' lang='lat'><strong>808</strong></span> 
     </span>
    </p>
   </div>
   <div class='ocr_carea' id='block_1_2' title="bbox 408 413 1117 1106">
    <p class='ocr_par' dir='ltr' id='par_1_2' title="bbox 408 413 1104 554">
     <span class='ocr_line' id='line_1_2' title="bbox 409 413 1102 454; baseline -0.001 -8"><span class='ocrx_word' id='word_1_2' title='bbox 409 415 529 454; x_wconf 73' lang='lat' dir='ltr'><strong>Estulz&#39;,</strong></span> <span class='ocrx_word' id='word_1_3' title='bbox 549 413 726 446; x_wconf 82' lang='lat' dir='ltr'><strong>autetiam</strong></span> <span class='ocrx_word' id='word_1_4' title='bbox 748 414 859 445; x_wconf 79' lang='lat' dir='ltr'><strong>Eteoli.</strong></span> <span class='ocrx_word' id='word_1_5' title='bbox 897 413 1102 445; x_wconf 86' lang='lat' dir='ltr'><strong>Habitatum</strong></span> 
     </span>
     <span class='ocr_line' id='line_1_3' title="bbox 408 464 1104 497; baseline -0.004 0"><span class='ocrx_word' id='word_1_6' title='bbox 408 476 427 496; x_wconf 81' lang='lat' dir='ltr'><strong>a</strong></span> <span class='ocrx_word' id='word_1_7' title='bbox 445 464 665 497; x_wconf 84' lang='lat' dir='ltr'><strong>Cretensibus</strong></span> <span class='ocrx_word' id='word_1_8' title='bbox 680 464 907 495; x_wconf 82' lang='lat' dir='ltr'><strong>Brundusium</strong></span> <span class='ocrx_word' id='word_1_9' title='bbox 922 469 1040 495; x_wconf 85' lang='lat' dir='ltr'><strong>auctor</strong></span> <span class='ocrx_word' id='word_1_10' title='bbox 1052 468 1104 495; x_wconf 86' lang='lat' dir='ltr'><strong>est</strong></span> 
     </span>
     <span class='ocr_line' id='line_1_4' title="bbox 409 515 1018 554; baseline -0.003 -7"><span class='ocrx_word' id='word_1_11' title='bbox 409 515 546 554; x_wconf 91' lang='lat' dir='ltr'><strong>Strabo,</strong></span> <span class='ocrx_word' id='word_1_12' title='bbox 560 519 596 545; x_wconf 87' lang='lat' dir='ltr'><strong>et</strong></span> <span class='ocrx_word' id='word_1_13' title='bbox 611 515 737 546; x_wconf 88' lang='lat' dir='ltr'><strong>Lucan.</strong></span> <span class='ocrx_word' id='word_1_14' title='bbox 754 523 794 545; x_wconf 92' lang='lat'><strong>11.</strong></span> <span class='ocrx_word' id='word_1_15' title='bbox 813 518 849 545; x_wconf 90' lang='lat' dir='ltr'><strong>et</strong></span> <span class='ocrx_word' id='word_1_16' title='bbox 865 524 898 545; x_wconf 85' lang='lat' dir='ltr'><strong>v.</strong></span> <span class='ocrx_word' id='word_1_17' title='bbox 912 515 1018 553; x_wconf 80' lang='lat' dir='ltr'><strong>Bong.</strong></span> 
     </span>
    </p>

    <p class='ocr_par' dir='ltr' id='par_1_3' title="bbox 411 563 1104 697">
     <span class='ocr_line' id='line_1_5' title="bbox 454 563 1103 605; baseline -0.003 -9"><span class='ocrx_word' id='word_1_18' title='bbox 454 566 531 596; x_wconf 84' lang='lat' dir='ltr'><strong>Tum</strong></span> <span class='ocrx_word' id='word_1_19' title='bbox 548 564 637 603; x_wconf 86' lang='lat' dir='ltr'><strong>fama</strong></span> <span class='ocrx_word' id='word_1_20' title='bbox 656 564 774 605; x_wconf 84' lang='lat' dir='ltr'><strong>rerum]</strong></span> <span class='ocrx_word' id='word_1_21' title='bbox 797 564 866 595; x_wconf 87' lang='lat' dir='ltr'><strong>Pro</strong></span> <span class='ocrx_word' id='word_1_22' title='bbox 881 568 947 595; x_wconf 82' lang='lat' dir='ltr'><strong>tum</strong></span> <span class='ocrx_word' id='word_1_23' title='bbox 969 563 1103 603; x_wconf 78' lang='lat' dir='ltr'><strong>legend.</strong></span> 
     </span>
     <span class='ocr_line' id='line_1_6' title="bbox 411 615 1104 646; baseline 0.001 -1"><span class='ocrx_word' id='word_1_24' title='bbox 411 619 465 646; x_wconf 82' lang='lat' dir='ltr'><strong>est</strong></span> <span class='ocrx_word' id='word_1_25' title='bbox 492 624 534 645; x_wconf 85' lang='lat' dir='ltr'><strong>ex</strong></span> <span class='ocrx_word' id='word_1_26' title='bbox 557 615 641 646; x_wconf 81' lang='lat' dir='ltr'><strong>Mss.</strong></span> <span class='ocrx_word' id='word_1_27' title='bbox 664 616 789 646; x_wconf 80' lang='lat' dir='ltr'><strong>dudum.</strong></span> <span class='ocrx_word' id='word_1_28' title='bbox 812 615 932 646; x_wconf 86' lang='lat' dir='ltr'><strong>Faber.</strong></span> <span class='ocrx_word' id='word_1_29' title='bbox 977 615 1104 646; x_wconf 85' lang='lat' dir='ltr'><strong>Recte:</strong></span> 
     </span>
     <span class='ocr_line' id='line_1_7' title="bbox 413 665 756 697; baseline 0.003 -1"><span class='ocrx_word' id='word_1_30' title='bbox 413 665 461 696; x_wconf 87' lang='lat' dir='ltr'><strong>sic</strong></span> <span class='ocrx_word' id='word_1_31' title='bbox 478 670 512 696; x_wconf 92' lang='lat' dir='ltr'><strong>et</strong></span> <span class='ocrx_word' id='word_1_32' title='bbox 527 665 623 697; x_wconf 90' lang='lat' dir='ltr'><strong>Junt.</strong></span> <span class='ocrx_word' id='word_1_33' title='bbox 648 665 756 697; x_wconf 80' lang='lat' dir='ltr'><strong>Groev.</strong></span> 
     </span>
    </p>

    <p class='ocr_par' dir='ltr' id='par_1_4' title="bbox 414 714 1116 1047">
     <span class='ocr_line' id='line_1_8' title="bbox 457 714 1110 756; baseline 0 -10"><span class='ocrx_word' id='word_1_34' title='bbox 457 716 474 756; x_wconf 57' lang='grc' dir='ltr'>ς</span> <span class='ocrx_word' id='word_1_35' title='bbox 489 717 509 745; x_wconf 85' lang='grc'>8</span> <span class='ocrx_word' id='word_1_36' title='bbox 531 715 646 746; x_wconf 80' lang='lat' dir='ltr'><strong>Locum</strong></span> <span class='ocrx_word' id='word_1_37' title='bbox 659 725 747 756; x_wconf 81' lang='lat' dir='ltr'><strong>quem</strong></span> <span class='ocrx_word' id='word_1_38' title='bbox 762 714 958 755; x_wconf 76' lang='lat' dir='ltr'><strong>repetissent]</strong></span> <span class='ocrx_word' id='word_1_39' title='bbox 977 715 985 731; x_wconf 91' lang='lat'>‘</span> <span class='ocrx_word' id='word_1_40' title='bbox 1002 715 1110 755; x_wconf 89' lang='lat' dir='ltr'><strong>Repe-</strong></span> 
     </span>
     <span class='ocr_line' id='line_1_9' title="bbox 414 764 1110 805; baseline -0.001 -9"><span class='ocrx_word' id='word_1_41' title='bbox 414 764 552 797; x_wconf 85' lang='lat' dir='ltr'><strong>tissent’</strong></span> <span class='ocrx_word' id='word_1_42' title='bbox 581 775 655 805; x_wconf 88' lang='lat' dir='ltr'><strong>pro,</strong></span> <span class='ocrx_word' id='word_1_43' title='bbox 677 769 887 805; x_wconf 83' lang='lat' dir='ltr'><strong>repeterent,</strong></span> <span class='ocrx_word' id='word_1_44' title='bbox 910 766 963 796; x_wconf 92' lang='lat' dir='ltr'><strong>vel</strong></span> <span class='ocrx_word' id='word_1_45' title='bbox 985 766 1110 805; x_wconf 89' lang='lat' dir='ltr'><strong>repeti-</strong></span> 
     </span>
     <span class='ocr_line' id='line_1_10' title="bbox 415 814 1111 856; baseline -0.001 -10"><span class='ocrx_word' id='word_1_46' title='bbox 415 815 485 846; x_wconf 84' lang='lat' dir='ltr'><strong>turi</strong></span> <span class='ocrx_word' id='word_1_47' title='bbox 526 820 653 846; x_wconf 83' lang='lat' dir='ltr'><strong>essent.</strong></span> <span class='ocrx_word' id='word_1_48' title='bbox 705 816 890 856; x_wconf 89' lang='lat' dir='ltr'><strong>Plusquam</strong></span> <span class='ocrx_word' id='word_1_49' title='bbox 921 814 1111 855; x_wconf 85' lang='lat' dir='ltr'><strong>perfectum</strong></span> 
     </span>
     <span class='ocr_line' id='line_1_11' title="bbox 417 864 1114 906; baseline -0.001 -10"><span class='ocrx_word' id='word_1_50' title='bbox 417 875 480 906; x_wconf 90' lang='lat' dir='ltr'><strong>pro</strong></span> <span class='ocrx_word' id='word_1_51' title='bbox 496 864 699 905; x_wconf 86' lang='lat' dir='ltr'><strong>imperfecto</strong></span> <span class='ocrx_word' id='word_1_52' title='bbox 715 874 782 895; x_wconf 88' lang='lat' dir='ltr'><strong>nou</strong></span> <span class='ocrx_word' id='word_1_53' title='bbox 798 865 964 903; x_wconf 76' lang='lat' dir='ltr'><strong>insolens3</strong></span> <span class='ocrx_word' id='word_1_54' title='bbox 983 870 1018 895; x_wconf 84' lang='lat' dir='ltr'><strong>ut</strong></span> <span class='ocrx_word' id='word_1_55' title='bbox 1037 874 1114 895; x_wconf 91' lang='lat' dir='ltr'><strong>con-</strong></span> 
     </span>
     <span class='ocr_line' id='line_1_12' title="bbox 419 914 1111 956; baseline -0.001 -10"><span class='ocrx_word' id='word_1_56' title='bbox 419 921 472 946; x_wconf 85' lang='lat' dir='ltr'><strong>tra</strong></span> <span class='ocrx_word' id='word_1_57' title='bbox 503 914 727 956; x_wconf 88' lang='lat' dir='ltr'><strong>inperfectum</strong></span> <span class='ocrx_word' id='word_1_58' title='bbox 756 925 816 956; x_wconf 86' lang='lat' dir='ltr'><strong>pro</strong></span> <span class='ocrx_word' id='word_1_59' title='bbox 842 916 1021 956; x_wconf 84' lang='lat' dir='ltr'><strong>plusquam</strong></span> <span class='ocrx_word' id='word_1_60' title='bbox 1039 925 1111 955; x_wconf 84' lang='lat' dir='ltr'><strong>per-</strong></span> 
     </span>
     <span class='ocr_line' id='line_1_13' title="bbox 418 964 1116 998; baseline 0.001 -2"><span class='ocrx_word' id='word_1_61' title='bbox 418 965 523 997; x_wconf 88' lang='lat' dir='ltr'><strong>fecto.</strong></span> <span class='ocrx_word' id='word_1_62' title='bbox 570 964 648 996; x_wconf 83' lang='lat' dir='ltr'><strong>Vid.</strong></span> <span class='ocrx_word' id='word_1_63' title='bbox 666 970 701 996; x_wconf 87' lang='lat' dir='ltr'><strong>et</strong></span> <span class='ocrx_word' id='word_1_64' title='bbox 718 966 828 996; x_wconf 90' lang='lat' dir='ltr'><strong>Notas</strong></span> <span class='ocrx_word' id='word_1_65' title='bbox 845 965 887 996; x_wconf 89' lang='lat' dir='ltr'><strong>ad</strong></span> <span class='ocrx_word' id='word_1_66' title='bbox 911 974 990 996; x_wconf 83' lang='lat' dir='ltr'><strong>xm.</strong></span> <span class='ocrx_word' id='word_1_67' title='bbox 1014 968 1045 997; x_wconf 86' lang='lat'><strong>2.</strong></span> <span class='ocrx_word' id='word_1_68' title='bbox 1064 968 1116 998; x_wconf 89' lang='grc'><strong>11.</strong></span> 
     </span>
     <span class='ocr_line' id='line_1_14' title="bbox 419 1015 776 1047; baseline 0 0"><span class='ocrx_word' id='word_1_69' title='bbox 419 1020 456 1047; x_wconf 88' lang='lat' dir='ltr'><strong>et</strong></span> <span class='ocrx_word' id='word_1_70' title='bbox 472 1024 557 1046; x_wconf 84' lang='lat' dir='ltr'><strong>xm.</strong></span> <span class='ocrx_word' id='word_1_71' title='bbox 574 1018 605 1046; x_wconf 82' lang='lat'><strong>2.</strong></span> <span class='ocrx_word' id='word_1_72' title='bbox 626 1018 676 1046; x_wconf 84' lang='grc'><strong>14.</strong></span> <span class='ocrx_word' id='word_1_73' title='bbox 701 1015 776 1047; x_wconf 86' lang='lat' dir='ltr'><strong>Vor.</strong></span> 
     </span>
    </p>

    <p class='ocr_par' dir='ltr' id='par_1_5' title="bbox 465 1065 1117 1106">
     <span class='ocr_line' id='line_1_15' title="bbox 465 1065 1117 1106; baseline 0.002 -10"><span class='ocrx_word' id='word_1_74' title='bbox 465 1067 483 1106; x_wconf 50' lang='grc' dir='ltr'><strong>ξ</strong></span> <span class='ocrx_word' id='word_1_75' title='bbox 504 1068 524 1096; x_wconf 90' lang='grc'><strong>9</strong></span> <span class='ocrx_word' id='word_1_76' title='bbox 550 1066 628 1096; x_wconf 86' lang='lat' dir='ltr'><strong>Cum</strong></span> <span class='ocrx_word' id='word_1_77' title='bbox 647 1065 717 1096; x_wconf 75' lang='lat' dir='ltr'><strong>belli</strong></span> <span class='ocrx_word' id='word_1_78' title='bbox 742 1066 991 1106; x_wconf 74' lang='lat' dir='ltr'><strong><em>comminatione]</em></strong></span> <span class='ocrx_word' id='word_1_79' title='bbox 1018 1066 1117 1098; x_wconf 92' lang='lat' dir='ltr'><strong>Anti-</strong></span> 
     </span>
    </p>
   </div>
   <div class='ocr_carea' id='block_1_3' title="bbox 423 1115 1151 2911">
    <p class='ocr_par' dir='ltr' id='par_1_6' title="bbox 423 1115 1118 1255">
     <span class='ocr_line' id='line_1_16' title="bbox 423 1115 1118 1156; baseline 0.003 -11"><span class='ocrx_word' id='word_1_80' title='bbox 423 1115 561 1156; x_wconf 83' lang='lat' dir='ltr'><strong>quiores</strong></span> <span class='ocrx_word' id='word_1_81' title='bbox 588 1115 681 1155; x_wconf 86' lang='lat' dir='ltr'><strong>typis</strong></span> <span class='ocrx_word' id='word_1_82' title='bbox 711 1117 862 1155; x_wconf 83' lang='lat' dir='ltr'><strong>expressi</strong></span> <span class='ocrx_word' id='word_1_83' title='bbox 887 1117 942 1146; x_wconf 85' lang='lat' dir='ltr'><strong>sub</strong></span> <span class='ocrx_word' id='word_1_84' title='bbox 967 1116 994 1147; x_wconf 87' lang='lat' dir='ltr'><strong>b.</strong></span> <span class='ocrx_word' id='word_1_85' title='bbox 1022 1127 1049 1148; x_wconf 87' lang='lat' dir='ltr'><strong>c.</strong></span> <span class='ocrx_word' id='word_1_86' title='bbox 1080 1120 1118 1147; x_wconf 91' lang='lat' dir='ltr'><strong>ut</strong></span> 
     </span>
     <span class='ocr_line' id='line_1_17' title="bbox 425 1164 1118 1207; baseline 0.001 -11"><span class='ocrx_word' id='word_1_87' title='bbox 425 1174 518 1196; x_wconf 83' lang='lat' dir='ltr'><strong>xvn.</strong></span> <span class='ocrx_word' id='word_1_88' title='bbox 535 1167 566 1196; x_wconf 85' lang='lat'><strong>3.</strong></span> <span class='ocrx_word' id='word_1_89' title='bbox 581 1168 634 1196; x_wconf 85' lang='grc'><strong>20.</strong></span> <span class='ocrx_word' id='word_1_90' title='bbox 679 1164 727 1195; x_wconf 86' lang='lat' dir='ltr'><strong>At</strong></span> <span class='ocrx_word' id='word_1_91' title='bbox 747 1165 851 1205; x_wconf 81' lang='lat' dir='ltr'><strong>ssong.</strong></span> <span class='ocrx_word' id='word_1_92' title='bbox 868 1176 886 1197; x_wconf 89' lang='lat' dir='ltr'><strong>e</strong></span> <span class='ocrx_word' id='word_1_93' title='bbox 907 1166 988 1197; x_wconf 87' lang='lat' dir='ltr'><strong>Mss.</strong></span> <span class='ocrx_word' id='word_1_94' title='bbox 1004 1166 1118 1207; x_wconf 89' lang='lat' dir='ltr'><strong>credo,</strong></span> 
     </span>
     <span class='ocr_line' id='line_1_18' title="bbox 426 1214 905 1255; baseline 0 -9"><span class='ocrx_word' id='word_1_95' title='bbox 426 1214 533 1246; x_wconf 80' lang='lat' dir='ltr'><strong>edidit</strong></span> <span class='ocrx_word' id='word_1_96' title='bbox 549 1225 615 1245; x_wconf 80' lang='lat' dir='ltr'><strong>cum</strong></span> <span class='ocrx_word' id='word_1_97' title='bbox 631 1225 692 1255; x_wconf 91' lang='lat' dir='ltr'><strong>pro</strong></span> <span class='ocrx_word' id='word_1_98' title='bbox 705 1215 771 1245; x_wconf 82' lang='lat' dir='ltr'><strong>sub.</strong></span> <span class='ocrx_word' id='word_1_99' title='bbox 795 1215 905 1246; x_wconf 89' lang='lat' dir='ltr'><strong>Idem.</strong></span> 
     </span>
    </p>

    <p class='ocr_par' dir='ltr' id='par_1_7' title="bbox 426 1264 1123 1455">
     <span class='ocr_line' id='line_1_19' title="bbox 470 1264 1120 1305; baseline 0.003 -11"><span class='ocrx_word' id='word_1_100' title='bbox 470 1266 487 1304; x_wconf 50' lang='grc' dir='ltr'>ᾧ</span> <span class='ocrx_word' id='word_1_101' title='bbox 505 1267 544 1295; x_wconf 91' lang='grc'><strong>10</strong></span> <span class='ocrx_word' id='word_1_102' title='bbox 567 1264 752 1302; x_wconf 79' lang='lat' dir='ltr'><strong>Interfectos</strong></span> <span class='ocrx_word' id='word_1_103' title='bbox 767 1266 884 1303; x_wconf 81' lang='lat' dir='ltr'><strong>legatos</strong></span> <span class='ocrx_word' id='word_1_104' title='bbox 905 1266 937 1296; x_wconf 85' lang='lat' dir='ltr'><strong>in</strong></span> <span class='ocrx_word' id='word_1_105' title='bbox 950 1265 1024 1296; x_wconf 83' lang='lat' dir='ltr'><strong>urbe</strong></span> <span class='ocrx_word' id='word_1_106' title='bbox 1037 1275 1120 1305; x_wconf 85' lang='lat' dir='ltr'><strong>sepe-</strong></span> 
     </span>
     <span class='ocr_line' id='line_1_20' title="bbox 426 1313 1121 1355; baseline 0.001 -10"><span class='ocrx_word' id='word_1_107' title='bbox 426 1313 555 1353; x_wconf 77' lang='lat' dir='ltr'><strong>lierunt]</strong></span> <span class='ocrx_word' id='word_1_108' title='bbox 587 1315 697 1346; x_wconf 84' lang='lat' dir='ltr'><strong>Quam</strong></span> <span class='ocrx_word' id='word_1_109' title='bbox 724 1314 1004 1346; x_wconf 85' lang='lat' dir='ltr'><strong>inhumanitatem</strong></span> <span class='ocrx_word' id='word_1_110' title='bbox 1036 1325 1121 1355; x_wconf 81' lang='lat' dir='ltr'><strong>prae-</strong></span> 
     </span>
     <span class='ocr_line' id='line_1_21' title="bbox 428 1364 1123 1405; baseline 0.003 -11"><span class='ocrx_word' id='word_1_111' title='bbox 428 1365 516 1395; x_wconf 82' lang='lat' dir='ltr'><strong>dixit</strong></span> <span class='ocrx_word' id='word_1_112' title='bbox 543 1364 735 1395; x_wconf 88' lang='lat' dir='ltr'><strong>Cassandra</strong></span> <span class='ocrx_word' id='word_1_113' title='bbox 755 1374 810 1404; x_wconf 89' lang='lat' dir='ltr'><strong>ap.</strong></span> <span class='ocrx_word' id='word_1_114' title='bbox 833 1364 1004 1405; x_wconf 86' lang='lat' dir='ltr'><strong>Lycophr.</strong></span> <span class='ocrx_word' id='word_1_115' title='bbox 1029 1368 1123 1397; x_wconf 88' lang='grc'><strong>1056.</strong></span> 
     </span>
     <span class='ocr_line' id='line_1_22' title="bbox 430 1414 697 1455; baseline 0 -10"><span class='ocrx_word' id='word_1_116' title='bbox 430 1418 466 1446; x_wconf 88' lang='lat' dir='ltr'><strong>et</strong></span> <span class='ocrx_word' id='word_1_117' title='bbox 480 1424 574 1455; x_wconf 83' lang='lat' dir='ltr'><strong>seqq.</strong></span> <span class='ocrx_word' id='word_1_118' title='bbox 598 1414 697 1445; x_wconf 83' lang='lat' dir='ltr'><strong>Rern.</strong></span> 
     </span>
    </p>

    <p class='ocr_par' dir='ltr' id='par_1_8' title="bbox 472 1463 1124 1504">
     <span class='ocr_line' id='line_1_23' title="bbox 472 1463 1124 1504; baseline 0.002 -9"><span class='ocrx_word' id='word_1_119' title='bbox 472 1463 679 1504; x_wconf 78' lang='lat' dir='ltr'><strong>Sepelierant]</strong></span> <span class='ocrx_word' id='word_1_120' title='bbox 696 1463 843 1495; x_wconf 80' lang='lat' dir='ltr'><strong>Freinsh.</strong></span> <span class='ocrx_word' id='word_1_121' title='bbox 855 1464 1053 1504; x_wconf 83' lang='lat' dir='ltr'><strong>sepelierunt.</strong></span> <span class='ocrx_word' id='word_1_122' title='bbox 1070 1465 1124 1496; x_wconf 93' lang='lat' dir='ltr'><strong>Id.</strong></span> 
     </span>
    </p>

    <p class='ocr_par' dir='ltr' id='par_1_9' title="bbox 432 1513 1133 1956">
     <span class='ocr_line' id='line_1_24' title="bbox 473 1513 1126 1554; baseline 0.003 -10"><span class='ocrx_word' id='word_1_123' title='bbox 473 1515 575 1554; x_wconf 81' lang='lat' dir='ltr'><strong>Aeque</strong></span> <span class='ocrx_word' id='word_1_124' title='bbox 590 1514 635 1544; x_wconf 80' lang='lat' dir='ltr'><strong>itu</strong></span> <span class='ocrx_word' id='word_1_125' title='bbox 646 1513 788 1551; x_wconf 53' lang='lat' dir='ltr'><strong>*defuncti</strong></span> <span class='ocrx_word' id='word_1_126' title='bbox 802 1514 957 1554; x_wconf 83' lang='lat' dir='ltr'><strong>responso]</strong></span> <span class='ocrx_word' id='word_1_127' title='bbox 979 1515 1051 1546; x_wconf 91' lang='lat' dir='ltr'><strong>Imo</strong></span> <span class='ocrx_word' id='word_1_128' title='bbox 1069 1525 1126 1546; x_wconf 89' lang='lat' dir='ltr'><strong>au-</strong></span> 
     </span>
     <span class='ocr_line' id='line_1_25' title="bbox 432 1563 1127 1604; baseline 0.001 -9"><span class='ocrx_word' id='word_1_129' title='bbox 432 1569 501 1595; x_wconf 91' lang='lat' dir='ltr'><strong>tem</strong></span> <span class='ocrx_word' id='word_1_130' title='bbox 518 1563 670 1595; x_wconf 78' lang='lat' dir='ltr'><strong>defuncti</strong></span> <span class='ocrx_word' id='word_1_131' title='bbox 685 1573 843 1604; x_wconf 86' lang='lat' dir='ltr'><strong>responso</strong></span> <span class='ocrx_word' id='word_1_132' title='bbox 860 1575 923 1595; x_wconf 90' lang='lat' dir='ltr'><strong>non</strong></span> <span class='ocrx_word' id='word_1_133' title='bbox 940 1570 1049 1604; x_wconf 85' lang='lat' dir='ltr'><strong>erant,</strong></span> <span class='ocrx_word' id='word_1_134' title='bbox 1067 1565 1127 1596; x_wconf 90' lang='lat' dir='ltr'><strong>sed</strong></span> 
     </span>
     <span class='ocr_line' id='line_1_26' title="bbox 435 1614 1129 1655; baseline 0.001 -10"><span class='ocrx_word' id='word_1_135' title='bbox 435 1615 546 1645; x_wconf 90' lang='lat' dir='ltr'><strong>Deum</strong></span> <span class='ocrx_word' id='word_1_136' title='bbox 563 1614 751 1653; x_wconf 86' lang='lat' dir='ltr'><strong>illuserunt,</strong></span> <span class='ocrx_word' id='word_1_137' title='bbox 772 1615 867 1654; x_wconf 88' lang='lat' dir='ltr'><strong>cujus</strong></span> <span class='ocrx_word' id='word_1_138' title='bbox 888 1615 969 1645; x_wconf 91' lang='lat' dir='ltr'><strong>illud</strong></span> <span class='ocrx_word' id='word_1_139' title='bbox 991 1625 1129 1655; x_wconf 89' lang='lat' dir='ltr'><strong>respon-</strong></span> 
     </span>
     <span class='ocr_line' id='line_1_27' title="bbox 434 1663 1130 1704; baseline 0.001 -9"><span class='ocrx_word' id='word_1_140' title='bbox 434 1674 506 1695; x_wconf 85' lang='lat' dir='ltr'><strong>sum</strong></span> <span class='ocrx_word' id='word_1_141' title='bbox 534 1670 619 1703; x_wconf 85' lang='lat' dir='ltr'><strong>crat,</strong></span> <span class='ocrx_word' id='word_1_142' title='bbox 645 1663 734 1704; x_wconf 92' lang='lat' dir='ltr'><strong>quod</strong></span> <span class='ocrx_word' id='word_1_143' title='bbox 759 1663 822 1703; x_wconf 90' lang='lat' dir='ltr'><strong>ipsi</strong></span> <span class='ocrx_word' id='word_1_144' title='bbox 848 1664 942 1695; x_wconf 74' lang='lat' dir='ltr'><strong>caede</strong></span> <span class='ocrx_word' id='word_1_145' title='bbox 967 1663 1059 1695; x_wconf 90' lang='lat' dir='ltr'><strong>facta</strong></span> <span class='ocrx_word' id='word_1_146' title='bbox 1081 1666 1130 1696; x_wconf 91' lang='lat' dir='ltr'><strong>in-</strong></span> 
     </span>
     <span class='ocr_line' id='line_1_28' title="bbox 435 1713 1131 1755; baseline 0 -9"><span class='ocrx_word' id='word_1_147' title='bbox 435 1714 617 1754; x_wconf 82' lang='lat' dir='ltr'><strong>terpretati</strong></span> <span class='ocrx_word' id='word_1_148' title='bbox 645 1713 792 1744; x_wconf 87' lang='lat' dir='ltr'><strong>fuerant.</strong></span> <span class='ocrx_word' id='word_1_149' title='bbox 838 1714 918 1755; x_wconf 84' lang='lat' dir='ltr'><strong>Legi</strong></span> <span class='ocrx_word' id='word_1_150' title='bbox 941 1715 1055 1755; x_wconf 90' lang='lat' dir='ltr'><strong>itaque</strong></span> <span class='ocrx_word' id='word_1_151' title='bbox 1073 1715 1131 1746; x_wconf 90' lang='lat' dir='ltr'><strong>de·</strong></span> 
     </span>
     <span class='ocr_line' id='line_1_29' title="bbox 436 1763 1132 1805; baseline 0 -10"><span class='ocrx_word' id='word_1_152' title='bbox 436 1764 496 1795; x_wconf 91' lang='lat' dir='ltr'><strong>bet</strong></span> <span class='ocrx_word' id='word_1_153' title='bbox 511 1767 613 1804; x_wconf 77' lang='lat' dir='ltr'><strong>utque,</strong></span> <span class='ocrx_word' id='word_1_154' title='bbox 626 1763 685 1803; x_wconf 85' lang='lat' dir='ltr'><strong>ita,</strong></span> <span class='ocrx_word' id='word_1_155' title='bbox 708 1764 771 1794; x_wconf 89' lang='lat' dir='ltr'><strong>hoc</strong></span> <span class='ocrx_word' id='word_1_156' title='bbox 792 1772 911 1795; x_wconf 87' lang='lat' dir='ltr'><strong>sensu:</strong></span> <span class='ocrx_word' id='word_1_157' title='bbox 938 1765 1052 1805; x_wconf 87' lang='lat' dir='ltr'><strong>thue</strong></span> <span class='ocrx_word' id='word_1_158' title='bbox 1076 1764 1132 1795; x_wconf 90' lang='lat' dir='ltr'><strong>de-</strong></span> 
     </span>
     <span class='ocr_line' id='line_1_30' title="bbox 438 1814 1133 1856; baseline -0.001 -10"><span class='ocrx_word' id='word_1_159' title='bbox 438 1814 549 1846; x_wconf 80' lang='lat' dir='ltr'><strong>functi</strong></span> <span class='ocrx_word' id='word_1_160' title='bbox 564 1824 736 1855; x_wconf 83' lang='lat' dir='ltr'><strong>responso,</strong></span> <span class='ocrx_word' id='word_1_161' title='bbox 754 1815 791 1855; x_wconf 90' lang='lat' dir='ltr'><strong>(i.</strong></span> <span class='ocrx_word' id='word_1_162' title='bbox 802 1824 831 1846; x_wconf 91' lang='lat' dir='ltr'><strong>e.</strong></span> <span class='ocrx_word' id='word_1_163' title='bbox 845 1819 879 1846; x_wconf 94' lang='lat' dir='ltr'><strong>et</strong></span> <span class='ocrx_word' id='word_1_164' title='bbox 890 1816 982 1856; x_wconf 86' lang='lat' dir='ltr'><strong>quasi</strong></span> <span class='ocrx_word' id='word_1_165' title='bbox 995 1825 1133 1856; x_wconf 82' lang='lat' dir='ltr'><strong>respon-</strong></span> 
     </span>
     <span class='ocr_line' id='line_1_31' title="bbox 440 1864 1133 1906; baseline 0 -9"><span class='ocrx_word' id='word_1_166' title='bbox 440 1875 475 1897; x_wconf 84' lang='lat' dir='ltr'><strong>so</strong></span> <span class='ocrx_word' id='word_1_167' title='bbox 494 1865 649 1896; x_wconf 89' lang='lat' dir='ltr'><strong>defuncti</strong></span> <span class='ocrx_word' id='word_1_168' title='bbox 674 1864 803 1905; x_wconf 81' lang='lat' dir='ltr'><strong>essent&gt;</strong></span> <span class='ocrx_word' id='word_1_169' title='bbox 828 1866 875 1897; x_wconf 92' lang='lat' dir='ltr'><strong>ita</strong></span> <span class='ocrx_word' id='word_1_170' title='bbox 891 1865 985 1906; x_wconf 84' lang='lat' dir='ltr'><strong>(dum</strong></span> <span class='ocrx_word' id='word_1_171' title='bbox 1003 1866 1133 1906; x_wconf 84' lang='lat' dir='ltr'><strong>legatos</strong></span> 
     </span>
     <span class='ocr_line' id='line_1_32' title="bbox 441 1914 940 1956; baseline 0 -9"><span class='ocrx_word' id='word_1_172' title='bbox 441 1926 546 1947; x_wconf 78' lang='lat' dir='ltr'><strong>caesos</strong></span> <span class='ocrx_word' id='word_1_173' title='bbox 563 1916 743 1956; x_wconf 81' lang='lat' dir='ltr'><strong>sepeliunt,</strong></span> <span class='ocrx_word' id='word_1_174' title='bbox 758 1914 840 1955; x_wconf 70' lang='grc' dir='ltr'><strong>διο.)</strong></span> <span class='ocrx_word' id='word_1_175' title='bbox 864 1915 940 1947; x_wconf 76' lang='lat' dir='ltr'><strong>Fab.</strong></span> 
     </span>
    </p>

    <p class='ocr_par' dir='ltr' id='par_1_10' title="bbox 443 1965 1147 2601">
     <span class='ocr_line' id='line_1_33' title="bbox 485 1965 1136 2006; baseline -0.003 -9"><span class='ocrx_word' id='word_1_176' title='bbox 485 1968 502 2006; x_wconf 61' lang='grc' dir='ltr'><strong>ξ</strong></span> <span class='ocrx_word' id='word_1_177' title='bbox 521 1968 559 1997; x_wconf 85' lang='grc'><strong>12</strong></span> <span class='ocrx_word' id='word_1_178' title='bbox 580 1965 746 2004; x_wconf 75' lang='grc' dir='ltr'><strong>Ρεάίιηιίὶε]</strong></span> <span class='ocrx_word' id='word_1_179' title='bbox 764 1965 872 1996; x_wconf 84' lang='lat' dir='ltr'><strong>Italiae</strong></span> <span class='ocrx_word' id='word_1_180' title='bbox 887 1966 1015 2005; x_wconf 88' lang='lat' dir='ltr'><strong>populi.</strong></span> <span class='ocrx_word' id='word_1_181' title='bbox 1046 1966 1136 1997; x_wconf 91' lang='lat' dir='ltr'><strong>Plin.</strong></span> 
     </span>
     <span class='ocr_line' id='line_1_34' title="bbox 445 2014 1137 2047; baseline -0.001 0"><span class='ocrx_word' id='word_1_182' title='bbox 445 2026 503 2047; x_wconf 82' lang='lat'><strong>111.</strong></span> <span class='ocrx_word' id='word_1_183' title='bbox 521 2020 550 2047; x_wconf 89' lang='lat'><strong>5.</strong></span> <span class='ocrx_word' id='word_1_184' title='bbox 567 2015 680 2047; x_wconf 87' lang='lat' dir='ltr'><strong>Strab.</strong></span> <span class='ocrx_word' id='word_1_185' title='bbox 697 2025 743 2047; x_wconf 79' lang='lat' dir='ltr'><strong>vi.</strong></span> <span class='ocrx_word' id='word_1_186' title='bbox 768 2014 946 2046; x_wconf 82' lang='grc' dir='ltr'>Ποιδίκλους</span> <span class='ocrx_word' id='word_1_187' title='bbox 958 2021 1070 2046; x_wconf 88' lang='lat' dir='ltr'><strong>vocat.</strong></span> <span class='ocrx_word' id='word_1_188' title='bbox 1098 2016 1137 2046; x_wconf 90' lang='lat' dir='ltr'><strong>ln</strong></span> 
     </span>
     <span class='ocr_line' id='line_1_35' title="bbox 443 2065 1138 2106; baseline 0 -10"><span class='ocrx_word' id='word_1_189' title='bbox 443 2067 527 2097; x_wconf 84' lang='lat' dir='ltr'><strong>Mss.</strong></span> <span class='ocrx_word' id='word_1_190' title='bbox 556 2066 681 2105; x_wconf 89' lang='lat' dir='ltr'><strong>legitur</strong></span> <span class='ocrx_word' id='word_1_191' title='bbox 705 2066 853 2096; x_wconf 79' lang='lat' dir='ltr'><strong>Pedituli.</strong></span> <span class='ocrx_word' id='word_1_192' title='bbox 900 2065 997 2105; x_wconf 88' lang='lat' dir='ltr'><strong>Inde,</strong></span> <span class='ocrx_word' id='word_1_193' title='bbox 1022 2066 1077 2106; x_wconf 93' lang='lat' dir='ltr'><strong>qui</strong></span> <span class='ocrx_word' id='word_1_194' title='bbox 1100 2066 1138 2096; x_wconf 92' lang='lat' dir='ltr'><strong>li-</strong></span> 
     </span>
     <span class='ocr_line' id='line_1_36' title="bbox 444 2115 1140 2156; baseline 0 -10"><span class='ocrx_word' id='word_1_195' title='bbox 444 2116 523 2147; x_wconf 89' lang='lat' dir='ltr'><strong>bros</strong></span> <span class='ocrx_word' id='word_1_196' title='bbox 540 2116 716 2156; x_wconf 80' lang='lat' dir='ltr'><strong>impressos</strong></span> <span class='ocrx_word' id='word_1_197' title='bbox 733 2115 969 2155; x_wconf 83' lang='lat' dir='ltr'><strong>emendarunt,</strong></span> <span class='ocrx_word' id='word_1_198' title='bbox 984 2115 1140 2147; x_wconf 88' lang='lat' dir='ltr'><strong>fecerunt</strong></span> 
     </span>
     <span class='ocr_line' id='line_1_37' title="bbox 447 2166 1140 2206; baseline 0 -10"><span class='ocrx_word' id='word_1_199' title='bbox 447 2166 572 2204; x_wconf 78' lang='lat' dir='ltr'><strong>Rutuli,</strong></span> <span class='ocrx_word' id='word_1_200' title='bbox 588 2166 684 2206; x_wconf 88' lang='lat' dir='ltr'><strong>longe</strong></span> <span class='ocrx_word' id='word_1_201' title='bbox 700 2166 807 2206; x_wconf 86' lang='lat' dir='ltr'><strong>petita</strong></span> <span class='ocrx_word' id='word_1_202' title='bbox 823 2166 1029 2206; x_wconf 88' lang='lat' dir='ltr'><strong>conjectura.</strong></span> <span class='ocrx_word' id='word_1_203' title='bbox 1054 2166 1140 2197; x_wconf 84' lang='lat' dir='ltr'><strong>Bon-</strong></span> 
     </span>
     <span class='ocr_line' id='line_1_38' title="bbox 444 2216 1140 2257; baseline 0.003 -11"><span class='ocrx_word' id='word_1_204' title='bbox 444 2226 531 2256; x_wconf 81' lang='lat' dir='ltr'><strong>gars.</strong></span> <span class='ocrx_word' id='word_1_205' title='bbox 568 2216 635 2257; x_wconf 88' lang='lat' dir='ltr'><strong>Ap.</strong></span> <span class='ocrx_word' id='word_1_206' title='bbox 660 2216 811 2256; x_wconf 88' lang='lat' dir='ltr'><strong>Appiau.</strong></span> <span class='ocrx_word' id='word_1_207' title='bbox 839 2217 941 2246; x_wconf 87' lang='lat' dir='ltr'><strong>etiam</strong></span> <span class='ocrx_word' id='word_1_208' title='bbox 971 2216 1042 2247; x_wconf 83' lang='lat' dir='ltr'><strong>Civ.</strong></span> <span class='ocrx_word' id='word_1_209' title='bbox 1058 2226 1082 2247; x_wconf 92' lang='lat'><strong>1.</strong></span> <span class='ocrx_word' id='word_1_210' title='bbox 1107 2226 1140 2257; x_wconf 90' lang='lat' dir='ltr'><strong>p.</strong></span> 
     </span>
     <span class='ocr_line' id='line_1_39' title="bbox 449 2265 1141 2307; baseline -0.001 -9"><span class='ocrx_word' id='word_1_211' title='bbox 449 2270 524 2298; x_wconf 83' lang='grc'><strong>381.</strong></span> <span class='ocrx_word' id='word_1_212' title='bbox 552 2272 712 2307; x_wconf 85' lang='lat' dir='ltr'><strong>corrupte</strong></span> <span class='ocrx_word' id='word_1_213' title='bbox 738 2267 861 2306; x_wconf 86' lang='lat' dir='ltr'><strong>legitur</strong></span> <span class='ocrx_word' id='word_1_214' title='bbox 888 2265 1054 2297; x_wconf 77' lang='grc' dir='ltr'>Ποδίκλους</span> <span class='ocrx_word' id='word_1_215' title='bbox 1081 2276 1141 2306; x_wconf 88' lang='lat' dir='ltr'><strong>pro</strong></span> 
     </span>
     <span class='ocr_line' id='line_1_40' title="bbox 449 2317 1142 2357; baseline 0 -9"><span class='ocrx_word' id='word_1_216' title='bbox 449 2317 638 2348; x_wconf 82' lang='grc' dir='ltr'><strong>Ποιδίκλους.</strong></span> <span class='ocrx_word' id='word_1_217' title='bbox 683 2318 728 2348; x_wconf 87' lang='lat' dir='ltr'><strong>Et</strong></span> <span class='ocrx_word' id='word_1_218' title='bbox 758 2327 812 2357; x_wconf 91' lang='lat' dir='ltr'><strong>ap.</strong></span> <span class='ocrx_word' id='word_1_219' title='bbox 830 2317 906 2347; x_wconf 90' lang='lat' dir='ltr'><strong>Val.</strong></span> <span class='ocrx_word' id='word_1_220' title='bbox 919 2317 967 2347; x_wconf 84' lang='lat' dir='ltr'><strong>M.</strong></span> <span class='ocrx_word' id='word_1_221' title='bbox 984 2326 1048 2347; x_wconf 85' lang='lat' dir='ltr'><strong>vn.</strong></span> <span class='ocrx_word' id='word_1_222' title='bbox 1064 2319 1096 2347; x_wconf 88' lang='lat'><strong>6.</strong></span> <span class='ocrx_word' id='word_1_223' title='bbox 1112 2319 1142 2348; x_wconf 93' lang='lat'><strong>1.</strong></span> 
     </span>
     <span class='ocr_line' id='line_1_41' title="bbox 450 2366 1146 2408; baseline -0.001 -10"><span class='ocrx_word' id='word_1_224' title='bbox 450 2377 513 2408; x_wconf 88' lang='lat' dir='ltr'><strong>pro</strong></span> <span class='ocrx_word' id='word_1_225' title='bbox 531 2368 680 2398; x_wconf 81' lang='lat' dir='ltr'><strong>Fidiculis</strong></span> <span class='ocrx_word' id='word_1_226' title='bbox 695 2376 768 2397; x_wconf 90' lang='lat' dir='ltr'><strong>esse</strong></span> <span class='ocrx_word' id='word_1_227' title='bbox 785 2366 954 2398; x_wconf 89' lang='lat' dir='ltr'><strong>scribend.</strong></span> <span class='ocrx_word' id='word_1_228' title='bbox 977 2366 1146 2398; x_wconf 81' lang='lat' dir='ltr'><strong>Poediculis</strong></span> 
     </span>
     <span class='ocr_line' id='line_1_42' title="bbox 450 2416 1146 2448; baseline 0 -1"><span class='ocrx_word' id='word_1_229' title='bbox 450 2416 538 2448; x_wconf 89' lang='lat' dir='ltr'><strong>bene</strong></span> <span class='ocrx_word' id='word_1_230' title='bbox 555 2418 684 2448; x_wconf 89' lang='lat' dir='ltr'><strong>monuit</strong></span> <span class='ocrx_word' id='word_1_231' title='bbox 699 2417 762 2447; x_wconf 85' lang='lat' dir='ltr'><strong>Ph.</strong></span> <span class='ocrx_word' id='word_1_232' title='bbox 779 2417 958 2448; x_wconf 88' lang='lat' dir='ltr'><strong>Cluverius</strong></span> <span class='ocrx_word' id='word_1_233' title='bbox 971 2416 1049 2447; x_wconf 84' lang='lat' dir='ltr'><strong>Ital.</strong></span> <span class='ocrx_word' id='word_1_234' title='bbox 1066 2416 1146 2447; x_wconf 88' lang='lat' dir='ltr'><strong>Ant.</strong></span> 
     </span>
     <span class='ocr_line' id='line_1_43' title="bbox 453 2467 1144 2508; baseline -0.003 -9"><span class='ocrx_word' id='word_1_235' title='bbox 453 2477 504 2499; x_wconf 76' lang='lat' dir='ltr'><strong>lv.</strong></span> <span class='ocrx_word' id='word_1_236' title='bbox 531 2471 582 2499; x_wconf 90' lang='grc'><strong>10.</strong></span> <span class='ocrx_word' id='word_1_237' title='bbox 627 2468 787 2498; x_wconf 91' lang='lat' dir='ltr'><strong>Ceterum</strong></span> <span class='ocrx_word' id='word_1_238' title='bbox 812 2467 1042 2498; x_wconf 80' lang='lat' dir='ltr'><strong>Poediculorum</strong></span> <span class='ocrx_word' id='word_1_239' title='bbox 1057 2467 1144 2508; x_wconf 80' lang='lat' dir='ltr'><strong>(haec</strong></span> 
     </span>
     <span class='ocr_line' id='line_1_44' title="bbox 454 2516 1147 2558; baseline -0.003 -8"><span class='ocrx_word' id='word_1_240' title='bbox 454 2519 541 2550; x_wconf 89' lang='lat' dir='ltr'><strong>enim</strong></span> <span class='ocrx_word' id='word_1_241' title='bbox 560 2527 638 2549; x_wconf 87' lang='lat' dir='ltr'><strong>vera</strong></span> <span class='ocrx_word' id='word_1_242' title='bbox 653 2518 822 2558; x_wconf 88' lang='lat' dir='ltr'><strong>scriptura</strong></span> <span class='ocrx_word' id='word_1_243' title='bbox 837 2516 904 2558; x_wconf 89' lang='lat' dir='ltr'><strong>est)</strong></span> <span class='ocrx_word' id='word_1_244' title='bbox 927 2518 1052 2558; x_wconf 90' lang='lat' dir='ltr'><strong>oppida</strong></span> <span class='ocrx_word' id='word_1_245' title='bbox 1067 2527 1147 2549; x_wconf 87' lang='lat' dir='ltr'><strong>enu-</strong></span> 
     </span>
     <span class='ocr_line' id='line_1_45' title="bbox 452 2568 976 2601; baseline -0.006 0"><span class='ocrx_word' id='word_1_246' title='bbox 452 2574 563 2601; x_wconf 85' lang='lat' dir='ltr'><strong>merat</strong></span> <span class='ocrx_word' id='word_1_247' title='bbox 579 2569 668 2600; x_wconf 89' lang='lat' dir='ltr'><strong>Plin.</strong></span> <span class='ocrx_word' id='word_1_248' title='bbox 681 2578 739 2600; x_wconf 89' lang='lat'><strong>111.</strong></span> <span class='ocrx_word' id='word_1_249' title='bbox 754 2571 805 2600; x_wconf 92' lang='grc'><strong>11.</strong></span> <span class='ocrx_word' id='word_1_250' title='bbox 818 2578 862 2598; x_wconf 87' lang='lat' dir='ltr'><strong>m.</strong></span> <span class='ocrx_word' id='word_1_251' title='bbox 880 2568 976 2599; x_wconf 84' lang='lat' dir='ltr'><strong>Rern.</strong></span> 
     </span>
    </p>

    <p class='ocr_par' dir='ltr' id='par_1_11' title="bbox 454 2617 1150 2802">
     <span class='ocr_line' id='line_1_46' title="bbox 499 2617 1149 2661; baseline -0.003 -11"><span class='ocrx_word' id='word_1_252' title='bbox 499 2621 516 2661; x_wconf 55' lang='grc' dir='ltr'><strong>ξ</strong></span> <span class='ocrx_word' id='word_1_253' title='bbox 535 2622 573 2650; x_wconf 80' lang='grc'><strong>14</strong></span> <span class='ocrx_word' id='word_1_254' title='bbox 594 2619 720 2650; x_wconf 81' lang='lat' dir='ltr'><strong>Flumen</strong></span> <span class='ocrx_word' id='word_1_255' title='bbox 734 2617 927 2657; x_wconf 79' lang='lat' dir='ltr'><strong>Acheronta]</strong></span> <span class='ocrx_word' id='word_1_256' title='bbox 950 2618 1095 2649; x_wconf 88' lang='lat' dir='ltr'><strong>Bechar.</strong></span> <span class='ocrx_word' id='word_1_257' title='bbox 1113 2621 1149 2648; x_wconf 87' lang='lat' dir='ltr'><strong>et</strong></span> 
     </span>
     <span class='ocr_line' id='line_1_47' title="bbox 454 2668 1150 2710; baseline -0.004 -9"><span class='ocrx_word' id='word_1_258' title='bbox 454 2671 511 2701; x_wconf 84' lang='lat' dir='ltr'><strong>alii</strong></span> <span class='ocrx_word' id='word_1_259' title='bbox 543 2669 681 2701; x_wconf 82' lang='lat' dir='ltr'><strong>edidere</strong></span> <span class='ocrx_word' id='word_1_260' title='bbox 709 2669 827 2710; x_wconf 82' lang='lat' dir='ltr'><strong>flumen</strong></span> <span class='ocrx_word' id='word_1_261' title='bbox 858 2668 1078 2706; x_wconf 82' lang='lat' dir='ltr'><strong>Acherusium;</strong></span> <span class='ocrx_word' id='word_1_262' title='bbox 1111 2671 1150 2698; x_wconf 88' lang='lat' dir='ltr'><strong>ut</strong></span> 
     </span>
     <span class='ocr_line' id='line_1_48' title="bbox 457 2718 1148 2761; baseline -0.001 -10"><span class='ocrx_word' id='word_1_263' title='bbox 457 2721 558 2761; x_wconf 82' lang='lat' dir='ltr'><strong>paulo</strong></span> <span class='ocrx_word' id='word_1_264' title='bbox 589 2725 666 2751; x_wconf 86' lang='lat' dir='ltr'><strong>ante</strong></span> <span class='ocrx_word' id='word_1_265' title='bbox 700 2720 709 2737; x_wconf 86' lang='lat'>‘</span> <span class='ocrx_word' id='word_1_266' title='bbox 742 2729 874 2750; x_wconf 88' lang='lat' dir='ltr'><strong>amnem</strong></span> <span class='ocrx_word' id='word_1_267' title='bbox 904 2718 1148 2750; x_wconf 86' lang='lat' dir='ltr'><strong>Acherusium’</strong></span> 
     </span>
     <span class='ocr_line' id='line_1_49' title="bbox 458 2770 649 2802; baseline -0.005 0"><span class='ocrx_word' id='word_1_268' title='bbox 458 2771 554 2802; x_wconf 88' lang='lat' dir='ltr'><strong>dixit.</strong></span> <span class='ocrx_word' id='word_1_269' title='bbox 576 2770 649 2801; x_wconf 86' lang='lat' dir='ltr'><strong>Vor.</strong></span> 
     </span>
    </p>

    <p class='ocr_par' dir='ltr' id='par_1_12' title="bbox 457 2818 1151 2911">
     <span class='ocr_line' id='line_1_50' title="bbox 504 2818 1151 2860; baseline -0.002 -10"><span class='ocrx_word' id='word_1_270' title='bbox 504 2820 612 2850; x_wconf 73' lang='lat' dir='ltr'><strong>Fuisse</strong></span> <span class='ocrx_word' id='word_1_271' title='bbox 631 2818 691 2850; x_wconf 69' lang='lat' dir='ltr'><strong>sibi</strong></span> <span class='ocrx_word' id='word_1_272' title='bbox 712 2820 913 2860; x_wconf 79' lang='lat' dir='ltr'><strong>periculosam</strong></span> <span class='ocrx_word' id='word_1_273' title='bbox 927 2818 1070 2858; x_wconf 80' lang='lat' dir='ltr'><strong>mortem]</strong></span> <span class='ocrx_word' id='word_1_274' title='bbox 1092 2819 1151 2849; x_wconf 87' lang='lat' dir='ltr'><strong>Pe·</strong></span> 
     </span>
     <span class='ocr_line' id='line_1_51' title="bbox 457 2870 1150 2911; baseline 0 -11"><span class='ocrx_word' id='word_1_275' title='bbox 457 2871 588 2901; x_wconf 78' lang='lat' dir='ltr'><strong>riculosa</strong></span> <span class='ocrx_word' id='word_1_276' title='bbox 612 2880 692 2901; x_wconf 76' lang='lat' dir='ltr'><strong>mors</strong></span> <span class='ocrx_word' id='word_1_277' title='bbox 719 2870 798 2911; x_wconf 84' lang='lat' dir='ltr'><strong>quid</strong></span> <span class='ocrx_word' id='word_1_278' title='bbox 825 2871 868 2901; x_wconf 86' lang='lat' dir='ltr'><strong>sit</strong></span> <span class='ocrx_word' id='word_1_279' title='bbox 892 2879 990 2902; x_wconf 89' lang='lat' dir='ltr'><strong>nemo</strong></span> <span class='ocrx_word' id='word_1_280' title='bbox 1013 2870 1150 2901; x_wconf 77' lang='lat' dir='ltr'><strong>dlxerit.</strong></span> 
     </span>
    </p>
   </div>
   <div class='ocr_carea' id='block_1_4' title="bbox 863 318 1386 350">
    <p class='ocr_par' dir='ltr' id='par_1_13' title="bbox 863 318 1386 350">
     <span class='ocr_line' id='line_1_52' title="bbox 863 318 1386 350; baseline -0.002 -1"><span class='ocrx_word' id='word_1_281' title='bbox 863 319 1004 350; x_wconf 80' lang='lat' dir='ltr'>NOTAE</span> <span class='ocrx_word' id='word_1_282' title='bbox 1038 318 1301 349; x_wconf 76' lang='lat' dir='ltr'>VARIORUM</span> <span class='ocrx_word' id='word_1_283' title='bbox 1336 318 1386 348; x_wconf 79' lang='lat' dir='ltr'><strong>IN</strong></span> 
     </span>
    </p>
   </div>
   <div class='ocr_carea' id='block_1_5' title="bbox 1153 412 1900 2905">
    <p class='ocr_par' dir='ltr' id='par_1_14' title="bbox 1153 412 1896 2696">
     <span class='ocr_line' id='line_1_53' title="bbox 1154 412 1850 455; baseline -0.001 -10"><span class='ocrx_word' id='word_1_284' title='bbox 1154 413 1285 445; x_wconf 91' lang='lat' dir='ltr'><strong>Mortui</strong></span> <span class='ocrx_word' id='word_1_285' title='bbox 1301 413 1455 445; x_wconf 83' lang='lat' dir='ltr'><strong>omnibus</strong></span> <span class='ocrx_word' id='word_1_286' title='bbox 1471 413 1630 455; x_wconf 81' lang='lat' dir='ltr'><strong>periculis</strong></span> <span class='ocrx_word' id='word_1_287' title='bbox 1652 422 1764 443; x_wconf 86' lang='lat' dir='ltr'><strong>sumus</strong></span> <span class='ocrx_word' id='word_1_288' title='bbox 1790 412 1850 444; x_wconf 86' lang='lat' dir='ltr'><strong>de-</strong></span> 
     </span>
     <span class='ocr_line' id='line_1_54' title="bbox 1153 462 1850 502; baseline -0.001 -8"><span class='ocrx_word' id='word_1_289' title='bbox 1153 463 1273 495; x_wconf 83' lang='lat' dir='ltr'><strong>functi.</strong></span> <span class='ocrx_word' id='word_1_290' title='bbox 1318 464 1416 497; x_wconf 86' lang='lat' dir='ltr'><strong>Quod</strong></span> <span class='ocrx_word' id='word_1_291' title='bbox 1433 469 1541 495; x_wconf 88' lang='lat' dir='ltr'><strong>morte</strong></span> <span class='ocrx_word' id='word_1_292' title='bbox 1557 474 1617 495; x_wconf 91' lang='lat' dir='ltr'><strong>nos</strong></span> <span class='ocrx_word' id='word_1_293' title='bbox 1642 462 1761 502; x_wconf 86' lang='lat' dir='ltr'><strong>afficit,</strong></span> <span class='ocrx_word' id='word_1_294' title='bbox 1789 466 1850 494; x_wconf 85' lang='lat' dir='ltr'><strong>aut</strong></span> 
     </span>
     <span class='ocr_line' id='line_1_55' title="bbox 1154 513 1853 554; baseline -0.001 -10"><span class='ocrx_word' id='word_1_295' title='bbox 1154 515 1294 554; x_wconf 91' lang='lat' dir='ltr'><strong>propius</strong></span> <span class='ocrx_word' id='word_1_296' title='bbox 1311 514 1470 545; x_wconf 89' lang='lat' dir='ltr'><strong>admovet</strong></span> <span class='ocrx_word' id='word_1_297' title='bbox 1493 514 1606 553; x_wconf 89' lang='lat' dir='ltr'><strong>morti,</strong></span> <span class='ocrx_word' id='word_1_298' title='bbox 1626 513 1853 553; x_wconf 89' lang='lat' dir='ltr'><strong>periculosum</strong></span> 
     </span>
     <span class='ocr_line' id='line_1_56' title="bbox 1155 563 1850 604; baseline -0.003 -9"><span class='ocrx_word' id='word_1_299' title='bbox 1155 569 1220 603; x_wconf 86' lang='lat' dir='ltr'><strong>est,</strong></span> <span class='ocrx_word' id='word_1_300' title='bbox 1244 569 1281 595; x_wconf 93' lang='lat' dir='ltr'><strong>ut</strong></span> <span class='ocrx_word' id='word_1_301' title='bbox 1299 565 1422 604; x_wconf 84' lang='lat' dir='ltr'><strong>Caesar,</strong></span> <span class='ocrx_word' id='word_1_302' title='bbox 1444 564 1524 603; x_wconf 90' lang='lat' dir='ltr'><strong>iter,</strong></span> <span class='ocrx_word' id='word_1_303' title='bbox 1547 563 1737 604; x_wconf 81' lang='lat' dir='ltr'><strong>expeditio,</strong></span> <span class='ocrx_word' id='word_1_304' title='bbox 1761 572 1850 603; x_wconf 80' lang='lat' dir='ltr'><strong>prae-</strong></span> 
     </span>
     <span class='ocr_line' id='line_1_57' title="bbox 1157 615 1852 655; baseline -0.003 -9"><span class='ocrx_word' id='word_1_305' title='bbox 1157 616 1249 654; x_wconf 89' lang='lat' dir='ltr'><strong>lium,</strong></span> <span class='ocrx_word' id='word_1_306' title='bbox 1272 616 1375 654; x_wconf 86' lang='lat' dir='ltr'><strong>lucta,</strong></span> <span class='ocrx_word' id='word_1_307' title='bbox 1407 615 1556 654; x_wconf 88' lang='lat' dir='ltr'><strong>morbus,</strong></span> <span class='ocrx_word' id='word_1_308' title='bbox 1583 620 1619 645; x_wconf 89' lang='lat' dir='ltr'><strong>et</strong></span> <span class='ocrx_word' id='word_1_309' title='bbox 1660 624 1735 655; x_wconf 84' lang='lat' dir='ltr'><strong>quae</strong></span> <span class='ocrx_word' id='word_1_310' title='bbox 1772 617 1852 644; x_wconf 85' lang='lat' dir='ltr'><strong>sunt</strong></span> 
     </span>
     <span class='ocr_line' id='line_1_58' title="bbox 1157 664 1855 704; baseline -0.001 -10"><span class='ocrx_word' id='word_1_311' title='bbox 1157 664 1248 695; x_wconf 90' lang='lat' dir='ltr'><strong>mille</strong></span> <span class='ocrx_word' id='word_1_312' title='bbox 1264 664 1340 695; x_wconf 87' lang='lat' dir='ltr'><strong>alia.</strong></span> <span class='ocrx_word' id='word_1_313' title='bbox 1378 664 1446 695; x_wconf 87' lang='lat' dir='ltr'><strong>Sed</strong></span> <span class='ocrx_word' id='word_1_314' title='bbox 1463 665 1536 704; x_wconf 85' lang='lat' dir='ltr'><strong>ipsa</strong></span> <span class='ocrx_word' id='word_1_315' title='bbox 1551 673 1639 695; x_wconf 90' lang='lat' dir='ltr'><strong>mors</strong></span> <span class='ocrx_word' id='word_1_316' title='bbox 1655 674 1721 694; x_wconf 92' lang='lat' dir='ltr'><strong>non</strong></span> <span class='ocrx_word' id='word_1_317' title='bbox 1739 665 1855 704; x_wconf 90' lang='lat' dir='ltr'><strong>potest</strong></span> 
     </span>
     <span class='ocr_line' id='line_1_59' title="bbox 1159 714 1855 754; baseline 0 -10"><span class='ocrx_word' id='word_1_318' title='bbox 1159 714 1226 745; x_wconf 88' lang='lat' dir='ltr'><strong>dici</strong></span> <span class='ocrx_word' id='word_1_319' title='bbox 1249 715 1448 754; x_wconf 89' lang='lat' dir='ltr'><strong>periculosa.</strong></span> <span class='ocrx_word' id='word_1_320' title='bbox 1491 715 1600 745; x_wconf 87' lang='lat' dir='ltr'><strong>Unius</strong></span> <span class='ocrx_word' id='word_1_321' title='bbox 1626 714 1752 745; x_wconf 77' lang='lat' dir='ltr'><strong>litterae</strong></span> <span class='ocrx_word' id='word_1_322' title='bbox 1777 723 1855 754; x_wconf 87' lang='lat' dir='ltr'><strong>per-</strong></span> 
     </span>
     <span class='ocr_line' id='line_1_60' title="bbox 1161 764 1857 804; baseline -0.001 -9"><span class='ocrx_word' id='word_1_323' title='bbox 1161 765 1267 795; x_wconf 84' lang='lat' dir='ltr'><strong>versio</strong></span> <span class='ocrx_word' id='word_1_324' title='bbox 1292 764 1380 795; x_wconf 89' lang='lat' dir='ltr'><strong>hunc</strong></span> <span class='ocrx_word' id='word_1_325' title='bbox 1408 765 1520 795; x_wconf 90' lang='lat' dir='ltr'><strong>locum</strong></span> <span class='ocrx_word' id='word_1_326' title='bbox 1543 764 1705 802; x_wconf 81' lang='lat' dir='ltr'><strong>turbavit,</strong></span> <span class='ocrx_word' id='word_1_327' title='bbox 1732 764 1857 804; x_wconf 90' lang='lat' dir='ltr'><strong>quire-</strong></span> 
     </span>
     <span class='ocr_line' id='line_1_61' title="bbox 1161 815 1856 856; baseline -0.001 -10"><span class='ocrx_word' id='word_1_328' title='bbox 1161 815 1302 846; x_wconf 91' lang='lat' dir='ltr'><strong>stitutus</strong></span> <span class='ocrx_word' id='word_1_329' title='bbox 1318 815 1396 854; x_wconf 86' lang='lat' dir='ltr'><strong>erit,</strong></span> <span class='ocrx_word' id='word_1_330' title='bbox 1412 815 1439 845; x_wconf 91' lang='lat' dir='ltr'><strong>si</strong></span> <span class='ocrx_word' id='word_1_331' title='bbox 1455 816 1570 856; x_wconf 80' lang='lat' dir='ltr'><strong>legas:</strong></span> <span class='ocrx_word' id='word_1_332' title='bbox 1595 815 1780 854; x_wconf 70' lang='lat' dir='ltr'><strong>moriensque</strong></span> <span class='ocrx_word' id='word_1_333' title='bbox 1795 824 1856 845; x_wconf 79' lang='lat' dir='ltr'><strong>non</strong></span> 
     </span>
     <span class='ocr_line' id='line_1_62' title="bbox 1161 865 1858 905; baseline -0.001 -11"><span class='ocrx_word' id='word_1_334' title='bbox 1161 865 1195 895; x_wconf 78' lang='lat' dir='ltr'><strong>in</strong></span> <span class='ocrx_word' id='word_1_335' title='bbox 1210 865 1421 904; x_wconf 77' lang='lat' dir='ltr'><strong>patriasuisse</strong></span> <span class='ocrx_word' id='word_1_336' title='bbox 1436 865 1497 896; x_wconf 64' lang='lat' dir='ltr'><strong>sibi·</strong></span> <span class='ocrx_word' id='word_1_337' title='bbox 1517 865 1716 905; x_wconf 78' lang='lat' dir='ltr'><strong>periculosam</strong></span> <span class='ocrx_word' id='word_1_338' title='bbox 1730 868 1858 904; x_wconf 80' lang='lat' dir='ltr'><strong>sortem,</strong></span> 
     </span>
     <span class='ocr_line' id='line_1_63' title="bbox 1162 913 1859 955; baseline -0.003 -10"><span class='ocrx_word' id='word_1_339' title='bbox 1162 915 1196 945; x_wconf 91' lang='lat' dir='ltr'><strong>h.</strong></span> <span class='ocrx_word' id='word_1_340' title='bbox 1219 925 1248 945; x_wconf 89' lang='lat' dir='ltr'><strong>e.</strong></span> <span class='ocrx_word' id='word_1_341' title='bbox 1271 915 1494 955; x_wconf 86' lang='lat' dir='ltr'><strong>periculosum</strong></span> <span class='ocrx_word' id='word_1_342' title='bbox 1519 914 1704 953; x_wconf 87' lang='lat' dir='ltr'><strong>oraculum,</strong></span> <span class='ocrx_word' id='word_1_343' title='bbox 1725 913 1859 953; x_wconf 89' lang='lat' dir='ltr'><strong>pericu-</strong></span> 
     </span>
     <span class='ocr_line' id='line_1_64' title="bbox 1164 963 1859 1006; baseline -0.001 -12"><span class='ocrx_word' id='word_1_344' title='bbox 1164 965 1231 995; x_wconf 91' lang='lat' dir='ltr'><strong>lum</strong></span> <span class='ocrx_word' id='word_1_345' title='bbox 1248 965 1336 1006; x_wconf 92' lang='lat' dir='ltr'><strong>quod</strong></span> <span class='ocrx_word' id='word_1_346' title='bbox 1354 965 1526 995; x_wconf 81' lang='lat' dir='ltr'><strong>cecinerat</strong></span> <span class='ocrx_word' id='word_1_347' title='bbox 1543 964 1728 1002; x_wconf 83' lang='lat' dir='ltr'><strong>oraculum,</strong></span> <span class='ocrx_word' id='word_1_348' title='bbox 1742 973 1807 994; x_wconf 88' lang='lat' dir='ltr'><strong>non</strong></span> <span class='ocrx_word' id='word_1_349' title='bbox 1824 963 1859 993; x_wconf 88' lang='lat' dir='ltr'><strong>in</strong></span> 
     </span>
     <span class='ocr_line' id='line_1_65' title="bbox 1164 1012 1860 1054; baseline -0.003 -10"><span class='ocrx_word' id='word_1_350' title='bbox 1164 1014 1276 1054; x_wconf 78' lang='lat' dir='ltr'><strong>patria</strong></span> <span class='ocrx_word' id='word_1_351' title='bbox 1292 1014 1356 1044; x_wconf 87' lang='lat' dir='ltr'><strong>sibi</strong></span> <span class='ocrx_word' id='word_1_352' title='bbox 1382 1013 1590 1053; x_wconf 84' lang='lat' dir='ltr'><strong>impendere.</strong></span> <span class='ocrx_word' id='word_1_353' title='bbox 1633 1013 1672 1043; x_wconf 92' lang='lat' dir='ltr'><strong>In</strong></span> <span class='ocrx_word' id='word_1_354' title='bbox 1690 1012 1860 1053; x_wconf 88' lang='lat' dir='ltr'><strong>principio</strong></span> 
     </span>
     <span class='ocr_line' id='line_1_66' title="bbox 1165 1060 1861 1104; baseline -0.003 -10"><span class='ocrx_word' id='word_1_355' title='bbox 1165 1064 1287 1104; x_wconf 88' lang='lat' dir='ltr'><strong>capitis</strong></span> <span class='ocrx_word' id='word_1_356' title='bbox 1311 1063 1398 1094; x_wconf 80' lang='lat' dir='ltr'><strong>dixit</strong></span> <span class='ocrx_word' id='word_1_357' title='bbox 1409 1063 1550 1101; x_wconf 82' lang='lat' dir='ltr'><strong>satorum</strong></span> <span class='ocrx_word' id='word_1_358' title='bbox 1576 1063 1726 1103; x_wconf 80' lang='lat' dir='ltr'><strong>pericula.</strong></span> <span class='ocrx_word' id='word_1_359' title='bbox 1770 1062 1779 1079; x_wconf 85' lang='lat'>‘</span> <span class='ocrx_word' id='word_1_360' title='bbox 1804 1060 1861 1093; x_wconf 85' lang='lat' dir='ltr'><strong>Ad</strong></span> 
     </span>
     <span class='ocr_line' id='line_1_67' title="bbox 1167 1111 1863 1154; baseline -0.003 -10"><span class='ocrx_word' id='word_1_361' title='bbox 1167 1113 1389 1153; x_wconf 83' lang='lat' dir='ltr'><strong>declinanda,&#39;</strong></span> <span class='ocrx_word' id='word_1_362' title='bbox 1413 1114 1532 1154; x_wconf 86' lang='lat' dir='ltr'><strong>inquit,</strong></span> <span class='ocrx_word' id='word_1_363' title='bbox 1563 1113 1573 1130; x_wconf 87' lang='lat'>‘</span> <span class='ocrx_word' id='word_1_364' title='bbox 1598 1112 1745 1143; x_wconf 87' lang='lat' dir='ltr'><strong>fatorum</strong></span> <span class='ocrx_word' id='word_1_365' title='bbox 1772 1111 1863 1152; x_wconf 84' lang='lat' dir='ltr'><strong>peri·</strong></span> 
     </span>
     <span class='ocr_line' id='line_1_68' title="bbox 1168 1162 1864 1203; baseline -0.003 -9"><span class='ocrx_word' id='word_1_366' title='bbox 1168 1164 1245 1194; x_wconf 86' lang='lat' dir='ltr'><strong>cula</strong></span> <span class='ocrx_word' id='word_1_367' title='bbox 1280 1163 1495 1203; x_wconf 81' lang='lat' dir='ltr'><strong>peregrinam</strong></span> <span class='ocrx_word' id='word_1_368' title='bbox 1529 1162 1682 1194; x_wconf 84' lang='lat' dir='ltr'><strong>militiam</strong></span> <span class='ocrx_word' id='word_1_369' title='bbox 1719 1162 1864 1202; x_wconf 86' lang='lat' dir='ltr'><strong>cupidus</strong></span> 
     </span>
     <span class='ocr_line' id='line_1_69' title="bbox 1169 1211 1865 1253; baseline -0.003 -9"><span class='ocrx_word' id='word_1_370' title='bbox 1169 1213 1341 1253; x_wconf 78' lang='lat' dir='ltr'><strong>elegerat.’</strong></span> <span class='ocrx_word' id='word_1_371' title='bbox 1373 1213 1450 1244; x_wconf 86' lang='lat' dir='ltr'><strong>Jam</strong></span> <span class='ocrx_word' id='word_1_372' title='bbox 1469 1222 1547 1243; x_wconf 85' lang='lat' dir='ltr'><strong>vero</strong></span> <span class='ocrx_word' id='word_1_373' title='bbox 1564 1213 1596 1242; x_wconf 89' lang='lat' dir='ltr'><strong>iu</strong></span> <span class='ocrx_word' id='word_1_374' title='bbox 1611 1212 1712 1242; x_wconf 86' lang='lat' dir='ltr'><strong>Italia</strong></span> <span class='ocrx_word' id='word_1_375' title='bbox 1729 1211 1865 1251; x_wconf 89' lang='lat' dir='ltr'><strong>didicit,</strong></span> 
     </span>
     <span class='ocr_line' id='line_1_70' title="bbox 1169 1261 1865 1302; baseline -0.001 -9"><span class='ocrx_word' id='word_1_376' title='bbox 1169 1272 1237 1293; x_wconf 89' lang='lat' dir='ltr'><strong>non</strong></span> <span class='ocrx_word' id='word_1_377' title='bbox 1255 1263 1287 1293; x_wconf 88' lang='lat' dir='ltr'><strong>in</strong></span> <span class='ocrx_word' id='word_1_378' title='bbox 1308 1263 1416 1302; x_wconf 80' lang='lat' dir='ltr'><strong>patria</strong></span> <span class='ocrx_word' id='word_1_379' title='bbox 1432 1261 1535 1292; x_wconf 84' lang='lat' dir='ltr'><strong>fuisse</strong></span> <span class='ocrx_word' id='word_1_380' title='bbox 1557 1262 1614 1293; x_wconf 90' lang='lat' dir='ltr'><strong>illa</strong></span> <span class='ocrx_word' id='word_1_381' title='bbox 1629 1261 1778 1292; x_wconf 85' lang='lat' dir='ltr'><strong>fatorum</strong></span> <span class='ocrx_word' id='word_1_382' title='bbox 1804 1271 1865 1301; x_wconf 89' lang='lat' dir='ltr'><strong>pe-</strong></span> 
     </span>
     <span class='ocr_line' id='line_1_71' title="bbox 1171 1312 1868 1353; baseline -0.001 -10"><span class='ocrx_word' id='word_1_383' title='bbox 1171 1314 1287 1353; x_wconf 89' lang='lat' dir='ltr'><strong>ricula,</strong></span> <span class='ocrx_word' id='word_1_384' title='bbox 1301 1314 1358 1343; x_wconf 90' lang='lat' dir='ltr'><strong>sed</strong></span> <span class='ocrx_word' id='word_1_385' title='bbox 1375 1313 1408 1343; x_wconf 89' lang='lat' dir='ltr'><strong>in</strong></span> <span class='ocrx_word' id='word_1_386' title='bbox 1422 1313 1551 1343; x_wconf 84' lang='lat' dir='ltr'><strong>Brutiis</strong></span> <span class='ocrx_word' id='word_1_387' title='bbox 1563 1317 1688 1343; x_wconf 82' lang='lat' dir='ltr'><strong>sortem</strong></span> <span class='ocrx_word' id='word_1_388' title='bbox 1703 1312 1793 1342; x_wconf 90' lang='lat' dir='ltr'><strong>illam</strong></span> <span class='ocrx_word' id='word_1_389' title='bbox 1803 1312 1868 1343; x_wconf 88' lang='lat' dir='ltr'><strong>sibi</strong></span> 
     </span>
     <span class='ocr_line' id='line_1_72' title="bbox 1171 1362 1870 1402; baseline 0 -9"><span class='ocrx_word' id='word_1_390' title='bbox 1171 1362 1275 1393; x_wconf 80' lang='lat' dir='ltr'><strong>fuisse</strong></span> <span class='ocrx_word' id='word_1_391' title='bbox 1293 1362 1527 1402; x_wconf 87' lang='lat' dir='ltr'><strong>periculosam.</strong></span> <span class='ocrx_word' id='word_1_392' title='bbox 1572 1364 1581 1379; x_wconf 89' lang='lat'>‘</span> <span class='ocrx_word' id='word_1_393' title='bbox 1599 1362 1697 1393; x_wconf 90' lang='lat' dir='ltr'><strong>Sors&#39;</strong></span> <span class='ocrx_word' id='word_1_394' title='bbox 1721 1367 1773 1393; x_wconf 87' lang='lat' dir='ltr'><strong>est</strong></span> <span class='ocrx_word' id='word_1_395' title='bbox 1795 1372 1870 1393; x_wconf 85' lang='lat' dir='ltr'><strong>ora·</strong></span> 
     </span>
     <span class='ocr_line' id='line_1_73' title="bbox 1173 1411 1870 1453; baseline -0.001 -10"><span class='ocrx_word' id='word_1_396' title='bbox 1173 1414 1305 1444; x_wconf 87' lang='lat' dir='ltr'><strong>culum:</strong></span> <span class='ocrx_word' id='word_1_397' title='bbox 1331 1413 1469 1453; x_wconf 89' lang='lat' dir='ltr'><strong>proprie</strong></span> <span class='ocrx_word' id='word_1_398' title='bbox 1487 1412 1602 1443; x_wconf 86' lang='lat' dir='ltr'><strong>tabula</strong></span> <span class='ocrx_word' id='word_1_399' title='bbox 1626 1412 1661 1442; x_wconf 88' lang='lat' dir='ltr'><strong>in</strong></span> <span class='ocrx_word' id='word_1_400' title='bbox 1683 1411 1771 1443; x_wconf 88' lang='lat' dir='ltr'><strong>cista</strong></span> <span class='ocrx_word' id='word_1_401' title='bbox 1791 1421 1870 1443; x_wconf 89' lang='lat' dir='ltr'><strong>con-</strong></span> 
     </span>
     <span class='ocr_line' id='line_1_74' title="bbox 1175 1462 1870 1503; baseline 0.001 -10"><span class='ocrx_word' id='word_1_402' title='bbox 1175 1463 1260 1502; x_wconf 91' lang='lat' dir='ltr'><strong>dita,</strong></span> <span class='ocrx_word' id='word_1_403' title='bbox 1291 1463 1344 1493; x_wconf 93' lang='lat' dir='ltr'><strong>cui</strong></span> <span class='ocrx_word' id='word_1_404' title='bbox 1374 1464 1502 1494; x_wconf 80' lang='lat' dir='ltr'><strong>litterae</strong></span> <span class='ocrx_word' id='word_1_405' title='bbox 1543 1467 1642 1493; x_wconf 89' lang='lat' dir='ltr'><strong>erant</strong></span> <span class='ocrx_word' id='word_1_406' title='bbox 1679 1462 1870 1503; x_wconf 82' lang='lat' dir='ltr'><strong>inscriptae,</strong></span> 
     </span>
     <span class='ocr_line' id='line_1_75' title="bbox 1175 1512 1874 1554; baseline 0 -11"><span class='ocrx_word' id='word_1_407' title='bbox 1175 1523 1250 1554; x_wconf 86' lang='lat' dir='ltr'><strong>quae</strong></span> <span class='ocrx_word' id='word_1_408' title='bbox 1281 1523 1300 1543; x_wconf 91' lang='lat' dir='ltr'><strong>a</strong></span> <span class='ocrx_word' id='word_1_409' title='bbox 1331 1513 1585 1543; x_wconf 87' lang='lat' dir='ltr'><strong>consulentibus</strong></span> <span class='ocrx_word' id='word_1_410' title='bbox 1619 1512 1874 1553; x_wconf 82' lang='lat' dir='ltr'><strong>extrahebatur,</strong></span> 
     </span>
     <span class='ocr_line' id='line_1_76' title="bbox 1177 1563 1874 1605; baseline 0 -11"><span class='ocrx_word' id='word_1_411' title='bbox 1177 1564 1294 1605; x_wconf 88' lang='lat' dir='ltr'><strong>quales</strong></span> <span class='ocrx_word' id='word_1_412' title='bbox 1316 1568 1416 1594; x_wconf 87' lang='lat' dir='ltr'><strong>erant</strong></span> <span class='ocrx_word' id='word_1_413' title='bbox 1437 1563 1656 1593; x_wconf 81' lang='lat' dir='ltr'><strong>Praenestinae</strong></span> <span class='ocrx_word' id='word_1_414' title='bbox 1683 1568 1803 1602; x_wconf 87' lang='lat' dir='ltr'><strong>sortes,</strong></span> <span class='ocrx_word' id='word_1_415' title='bbox 1830 1564 1874 1594; x_wconf 88' lang='lat' dir='ltr'><strong>de</strong></span> 
     </span>
     <span class='ocr_line' id='line_1_77' title="bbox 1178 1613 1877 1656; baseline -0.001 -11"><span class='ocrx_word' id='word_1_416' title='bbox 1178 1615 1301 1656; x_wconf 83' lang='lat' dir='ltr'><strong>quibus</strong></span> <span class='ocrx_word' id='word_1_417' title='bbox 1318 1615 1389 1646; x_wconf 90' lang='lat' dir='ltr'><strong>Cic.</strong></span> <span class='ocrx_word' id='word_1_418' title='bbox 1405 1624 1445 1645; x_wconf 92' lang='lat'><strong>11.</strong></span> <span class='ocrx_word' id='word_1_419' title='bbox 1462 1615 1504 1645; x_wconf 93' lang='lat' dir='ltr'><strong>de</strong></span> <span class='ocrx_word' id='word_1_420' title='bbox 1519 1614 1634 1645; x_wconf 91' lang='lat' dir='ltr'><strong>Divin.</strong></span> <span class='ocrx_word' id='word_1_421' title='bbox 1646 1616 1698 1645; x_wconf 83' lang='lat'><strong>41.</strong></span> <span class='ocrx_word' id='word_1_422' title='bbox 1721 1614 1730 1630; x_wconf 90' lang='lat'>‘</span> <span class='ocrx_word' id='word_1_423' title='bbox 1749 1614 1800 1644; x_wconf 85' lang='lat' dir='ltr'><strong>Ex</strong></span> <span class='ocrx_word' id='word_1_424' title='bbox 1816 1613 1877 1644; x_wconf 83' lang='lat' dir='ltr'><strong>illa</strong></span> 
     </span>
     <span class='ocr_line' id='line_1_78' title="bbox 1179 1664 1876 1705; baseline -0.004 -8"><span class='ocrx_word' id='word_1_425' title='bbox 1179 1666 1252 1697; x_wconf 85' lang='lat' dir='ltr'><strong>olea</strong></span> <span class='ocrx_word' id='word_1_426' title='bbox 1283 1675 1394 1696; x_wconf 87' lang='lat' dir='ltr'><strong>arcam</strong></span> <span class='ocrx_word' id='word_1_427' title='bbox 1428 1674 1499 1695; x_wconf 87' lang='lat' dir='ltr'><strong>esse</strong></span> <span class='ocrx_word' id='word_1_428' title='bbox 1528 1665 1670 1702; x_wconf 85' lang='lat' dir='ltr'><strong>factam,</strong></span> <span class='ocrx_word' id='word_1_429' title='bbox 1704 1664 1738 1694; x_wconf 91' lang='lat' dir='ltr'><strong>in</strong></span> <span class='ocrx_word' id='word_1_430' title='bbox 1767 1672 1876 1705; x_wconf 84' lang='lat' dir='ltr'><strong>eaque</strong></span> 
     </span>
     <span class='ocr_line' id='line_1_79' title="bbox 1180 1714 1876 1755; baseline -0.001 -9"><span class='ocrx_word' id='word_1_431' title='bbox 1180 1715 1331 1746; x_wconf 84' lang='lat' dir='ltr'><strong>conditas</strong></span> <span class='ocrx_word' id='word_1_432' title='bbox 1358 1719 1479 1753; x_wconf 87' lang='lat' dir='ltr'><strong>sortes,</strong></span> <span class='ocrx_word' id='word_1_433' title='bbox 1502 1724 1575 1755; x_wconf 86' lang='lat' dir='ltr'><strong>quae</strong></span> <span class='ocrx_word' id='word_1_434' title='bbox 1592 1714 1692 1745; x_wconf 89' lang='lat' dir='ltr'><strong>hodie</strong></span> <span class='ocrx_word' id='word_1_435' title='bbox 1716 1714 1876 1746; x_wconf 83' lang='lat' dir='ltr'><strong>Fortunae</strong></span> 
     </span>
     <span class='ocr_line' id='line_1_80' title="bbox 1180 1764 1881 1804; baseline -0.003 -8"><span class='ocrx_word' id='word_1_436' title='bbox 1180 1766 1311 1796; x_wconf 88' lang='lat' dir='ltr'><strong>monitu</strong></span> <span class='ocrx_word' id='word_1_437' title='bbox 1327 1764 1514 1796; x_wconf 88' lang='lat' dir='ltr'><strong>tolluntur.&#39;</strong></span> <span class='ocrx_word' id='word_1_438' title='bbox 1545 1764 1632 1794; x_wconf 89' lang='lat' dir='ltr'><strong>Dein</strong></span> <span class='ocrx_word' id='word_1_439' title='bbox 1649 1774 1714 1794; x_wconf 80' lang='lat' dir='ltr'><strong>sors</strong></span> <span class='ocrx_word' id='word_1_440' title='bbox 1726 1774 1788 1804; x_wconf 84' lang='lat' dir='ltr'><strong>pro</strong></span> <span class='ocrx_word' id='word_1_441' title='bbox 1800 1773 1881 1804; x_wconf 82' lang='lat' dir='ltr'><strong>quo-</strong></span> 
     </span>
     <span class='ocr_line' id='line_1_81' title="bbox 1182 1814 1879 1855; baseline -0.001 -9"><span class='ocrx_word' id='word_1_442' title='bbox 1182 1816 1230 1846; x_wconf 90' lang='lat' dir='ltr'><strong>vis</strong></span> <span class='ocrx_word' id='word_1_443' title='bbox 1247 1816 1392 1852; x_wconf 84' lang='lat' dir='ltr'><strong>oraculo,</strong></span> <span class='ocrx_word' id='word_1_444' title='bbox 1408 1826 1433 1846; x_wconf 88' lang='lat' dir='ltr'><strong>s.</strong></span> <span class='ocrx_word' id='word_1_445' title='bbox 1451 1824 1613 1855; x_wconf 87' lang='lat' dir='ltr'><strong>responso</strong></span> <span class='ocrx_word' id='word_1_446' title='bbox 1629 1814 1767 1845; x_wconf 85' lang='lat' dir='ltr'><strong>oraculi.</strong></span> <span class='ocrx_word' id='word_1_447' title='bbox 1803 1814 1879 1845; x_wconf 88' lang='lat' dir='ltr'><strong>Cic.</strong></span> 
     </span>
     <span class='ocr_line' id='line_1_82' title="bbox 1183 1863 1880 1897; baseline -0.004 0"><span class='ocrx_word' id='word_1_448' title='bbox 1183 1866 1257 1897; x_wconf 86' lang='lat' dir='ltr'><strong>eod.</strong></span> <span class='ocrx_word' id='word_1_449' title='bbox 1272 1866 1329 1897; x_wconf 89' lang='lat' dir='ltr'><strong>lib.</strong></span> <span class='ocrx_word' id='word_1_450' title='bbox 1353 1867 1362 1881; x_wconf 88' lang='lat'>‘</span> <span class='ocrx_word' id='word_1_451' title='bbox 1377 1866 1455 1895; x_wconf 85' lang='lat' dir='ltr'><strong>Sors</strong></span> <span class='ocrx_word' id='word_1_452' title='bbox 1473 1865 1531 1895; x_wconf 91' lang='lat' dir='ltr'><strong>illa</strong></span> <span class='ocrx_word' id='word_1_453' title='bbox 1556 1864 1650 1895; x_wconf 88' lang='lat' dir='ltr'><strong>edita</strong></span> <span class='ocrx_word' id='word_1_454' title='bbox 1674 1868 1727 1895; x_wconf 83' lang='lat' dir='ltr'><strong>est</strong></span> <span class='ocrx_word' id='word_1_455' title='bbox 1744 1863 1880 1895; x_wconf 84' lang='lat' dir='ltr'><strong>Croeso:</strong></span> 
     </span>
     <span class='ocr_line' id='line_1_83' title="bbox 1182 1916 1881 1955; baseline -0.004 -8"><span class='ocrx_word' id='word_1_456' title='bbox 1182 1916 1191 1933; x_wconf 87' lang='lat'>‘</span> <span class='ocrx_word' id='word_1_457' title='bbox 1209 1917 1344 1947; x_wconf 75' lang='lat' dir='ltr'><strong>Croesus</strong></span> <span class='ocrx_word' id='word_1_458' title='bbox 1371 1916 1487 1955; x_wconf 89' lang='lat' dir='ltr'><strong>Halyn</strong></span> <span class='ocrx_word' id='word_1_459' title='bbox 1515 1920 1697 1954; x_wconf 82' lang='lat' dir='ltr'><strong>penetrans</strong></span> <span class='ocrx_word' id='word_1_460' title='bbox 1723 1924 1881 1954; x_wconf 83' lang='lat' dir='ltr'><strong>maguam</strong></span> 
     </span>
     <span class='ocr_line' id='line_1_84' title="bbox 1185 1964 1885 2007; baseline -0.001 -10"><span class='ocrx_word' id='word_1_461' title='bbox 1185 1971 1361 2007; x_wconf 87' lang='lat' dir='ltr'><strong>pervertet</strong></span> <span class='ocrx_word' id='word_1_462' title='bbox 1378 1976 1477 2006; x_wconf 90' lang='lat' dir='ltr'><strong>opum</strong></span> <span class='ocrx_word' id='word_1_463' title='bbox 1495 1964 1586 1996; x_wconf 86' lang='lat' dir='ltr'><strong>vim.’</strong></span> <span class='ocrx_word' id='word_1_464' title='bbox 1600 1965 1610 1978; x_wconf 92' lang='lat'><em>&#39;</em></span> <span class='ocrx_word' id='word_1_465' title='bbox 1634 1965 1729 1995; x_wconf 87' lang='lat' dir='ltr'><strong>Suet.</strong></span> <span class='ocrx_word' id='word_1_466' title='bbox 1743 1965 1885 2005; x_wconf 82' lang='lat' dir='ltr'><strong>Vespas.</strong></span> 
     </span>
     <span class='ocr_line' id='line_1_85' title="bbox 1186 2015 1885 2056; baseline -0.001 -10"><span class='ocrx_word' id='word_1_467' title='bbox 1186 2017 1195 2033; x_wconf 92' lang='lat'>‘</span> <span class='ocrx_word' id='word_1_468' title='bbox 1215 2016 1317 2056; x_wconf 77' lang='lat' dir='ltr'><strong>Apud</strong></span> <span class='ocrx_word' id='word_1_469' title='bbox 1333 2015 1489 2047; x_wconf 76' lang='lat' dir='ltr'><strong>Judaeam</strong></span> <span class='ocrx_word' id='word_1_470' title='bbox 1506 2015 1654 2046; x_wconf 89' lang='lat' dir='ltr'><strong>Carmeli</strong></span> <span class='ocrx_word' id='word_1_471' title='bbox 1674 2015 1741 2045; x_wconf 89' lang='lat' dir='ltr'><strong>Dei</strong></span> <span class='ocrx_word' id='word_1_472' title='bbox 1767 2024 1885 2046; x_wconf 87' lang='lat' dir='ltr'><strong>oracu-</strong></span> 
     </span>
     <span class='ocr_line' id='line_1_86' title="bbox 1186 2064 1886 2096; baseline 0 0"><span class='ocrx_word' id='word_1_473' title='bbox 1186 2066 1254 2096; x_wconf 89' lang='lat' dir='ltr'><strong>lum</strong></span> <span class='ocrx_word' id='word_1_474' title='bbox 1271 2067 1318 2096; x_wconf 85' lang='lat' dir='ltr'><strong>ita</strong></span> <span class='ocrx_word' id='word_1_475' title='bbox 1335 2064 1578 2096; x_wconf 88' lang='lat' dir='ltr'><strong>confirmavere</strong></span> <span class='ocrx_word' id='word_1_476' title='bbox 1596 2064 1729 2095; x_wconf 64' lang='lat' dir='ltr'><strong>sortes!</strong></span> <span class='ocrx_word' id='word_1_477' title='bbox 1763 2064 1886 2096; x_wconf 87' lang='lat' dir='ltr'><strong>Claud.</strong></span> 
     </span>
     <span class='ocr_line' id='line_1_87' title="bbox 1187 2114 1889 2154; baseline -0.003 -7"><span class='ocrx_word' id='word_1_478' title='bbox 1187 2117 1229 2148; x_wconf 89' lang='lat' dir='ltr'><strong>de</strong></span> <span class='ocrx_word' id='word_1_479' title='bbox 1248 2116 1287 2146; x_wconf 85' lang='lat' dir='ltr'><strong>B.</strong></span> <span class='ocrx_word' id='word_1_480' title='bbox 1303 2115 1450 2146; x_wconf 87' lang='lat' dir='ltr'><strong>Getico:</strong></span> <span class='ocrx_word' id='word_1_481' title='bbox 1473 2117 1481 2132; x_wconf 89' lang='lat'>‘</span> <span class='ocrx_word' id='word_1_482' title='bbox 1500 2114 1530 2145; x_wconf 95' lang='lat' dir='ltr'>O</span> <span class='ocrx_word' id='word_1_483' title='bbox 1548 2124 1682 2154; x_wconf 87' lang='lat' dir='ltr'><strong>semper</strong></span> <span class='ocrx_word' id='word_1_484' title='bbox 1699 2114 1804 2145; x_wconf 73' lang='lat' dir='ltr'><strong>tacita</strong></span> <span class='ocrx_word' id='word_1_485' title='bbox 1820 2124 1889 2145; x_wconf 88' lang='lat' dir='ltr'><strong>sor-</strong></span> 
     </span>
     <span class='ocr_line' id='line_1_88' title="bbox 1188 2163 1888 2204; baseline -0.001 -8"><span class='ocrx_word' id='word_1_486' title='bbox 1188 2170 1240 2196; x_wconf 89' lang='lat' dir='ltr'><strong>tes</strong></span> <span class='ocrx_word' id='word_1_487' title='bbox 1256 2165 1399 2204; x_wconf 81' lang='lat' dir='ltr'><strong>ambage</strong></span> <span class='ocrx_word' id='word_1_488' title='bbox 1418 2164 1599 2204; x_wconf 80' lang='lat' dir='ltr'><strong>malignae.’</strong></span> <span class='ocrx_word' id='word_1_489' title='bbox 1641 2163 1683 2194; x_wconf 80' lang='grc' dir='ltr'><strong>Τὸ</strong></span> <span class='ocrx_word' id='word_1_490' title='bbox 1697 2173 1762 2194; x_wconf 82' lang='lat' dir='ltr'><strong>sors</strong></span> <span class='ocrx_word' id='word_1_491' title='bbox 1775 2168 1888 2195; x_wconf 83' lang='lat' dir='ltr'><strong>autem</strong></span> 
     </span>
     <span class='ocr_line' id='line_1_89' title="bbox 1189 2214 1889 2255; baseline -0.001 -9"><span class='ocrx_word' id='word_1_492' title='bbox 1189 2216 1223 2246; x_wconf 90' lang='lat' dir='ltr'><strong>in</strong></span> <span class='ocrx_word' id='word_1_493' title='bbox 1240 2215 1313 2245; x_wconf 87' lang='lat' dir='ltr'><strong>aliis</strong></span> <span class='ocrx_word' id='word_1_494' title='bbox 1331 2223 1465 2255; x_wconf 89' lang='lat' dir='ltr'><strong>quoque</strong></span> <span class='ocrx_word' id='word_1_495' title='bbox 1481 2214 1564 2245; x_wconf 87' lang='lat' dir='ltr'><strong>locis</strong></span> <span class='ocrx_word' id='word_1_496' title='bbox 1580 2214 1612 2244; x_wconf 90' lang='lat' dir='ltr'><strong>in</strong></span> <span class='ocrx_word' id='word_1_497' title='bbox 1628 2224 1709 2244; x_wconf 88' lang='lat' dir='ltr'><strong>mors</strong></span> <span class='ocrx_word' id='word_1_498' title='bbox 1728 2214 1889 2245; x_wconf 83' lang='lat' dir='ltr'><strong>transisse</strong></span> 
     </span>
     <span class='ocr_line' id='line_1_90' title="bbox 1190 2263 1891 2296; baseline 0.001 -2"><span class='ocrx_word' id='word_1_499' title='bbox 1190 2265 1272 2296; x_wconf 88' lang='lat' dir='ltr'><strong>vitio</strong></span> <span class='ocrx_word' id='word_1_500' title='bbox 1303 2269 1338 2295; x_wconf 89' lang='lat' dir='ltr'><strong>et</strong></span> <span class='ocrx_word' id='word_1_501' title='bbox 1369 2264 1507 2294; x_wconf 85' lang='lat' dir='ltr'><strong>inscitia</strong></span> <span class='ocrx_word' id='word_1_502' title='bbox 1536 2263 1747 2294; x_wconf 84' lang='lat' dir='ltr'><strong>librariorum</strong></span> <span class='ocrx_word' id='word_1_503' title='bbox 1773 2263 1891 2295; x_wconf 83' lang='lat' dir='ltr'><strong>docuit</strong></span> 
     </span>
     <span class='ocr_line' id='line_1_91' title="bbox 1189 2313 1891 2346; baseline -0.003 0"><span class='ocrx_word' id='word_1_504' title='bbox 1189 2323 1336 2346; x_wconf 88' lang='lat' dir='ltr'><strong>summus</strong></span> <span class='ocrx_word' id='word_1_505' title='bbox 1346 2318 1460 2344; x_wconf 83' lang='lat' dir='ltr'><strong>noster</strong></span> <span class='ocrx_word' id='word_1_506' title='bbox 1473 2313 1593 2344; x_wconf 79' lang='lat' dir='ltr'><strong>Heins.</strong></span> <span class='ocrx_word' id='word_1_507' title='bbox 1606 2313 1647 2344; x_wconf 87' lang='lat' dir='ltr'><strong>ad</strong></span> <span class='ocrx_word' id='word_1_508' title='bbox 1659 2315 1777 2344; x_wconf 86' lang='lat' dir='ltr'><strong>Fastos</strong></span> <span class='ocrx_word' id='word_1_509' title='bbox 1789 2314 1891 2346; x_wconf 91' lang='lat' dir='ltr'><strong>Ovid.</strong></span> 
     </span>
     <span class='ocr_line' id='line_1_92' title="bbox 1192 2363 1892 2405; baseline 0 -10"><span class='ocrx_word' id='word_1_510' title='bbox 1192 2374 1313 2405; x_wconf 85' lang='lat' dir='ltr'><strong>magno</strong></span> <span class='ocrx_word' id='word_1_511' title='bbox 1330 2364 1376 2394; x_wconf 86' lang='lat' dir='ltr'><strong>rei</strong></span> <span class='ocrx_word' id='word_1_512' title='bbox 1393 2363 1569 2395; x_wconf 65' lang='lat' dir='ltr'><strong>litterariae</strong></span> <span class='ocrx_word' id='word_1_513' title='bbox 1584 2363 1789 2395; x_wconf 89' lang='lat' dir='ltr'><strong>detrimento</strong></span> <span class='ocrx_word' id='word_1_514' title='bbox 1802 2373 1892 2395; x_wconf 88' lang='lat' dir='ltr'><strong>men-</strong></span> 
     </span>
     <span class='ocr_line' id='line_1_93' title="bbox 1195 2414 1891 2456; baseline -0.001 -9"><span class='ocrx_word' id='word_1_515' title='bbox 1195 2425 1247 2447; x_wconf 89' lang='lat' dir='ltr'><strong>ses</strong></span> <span class='ocrx_word' id='word_1_516' title='bbox 1264 2419 1342 2446; x_wconf 91' lang='lat' dir='ltr'><strong>ante</strong></span> <span class='ocrx_word' id='word_1_517' title='bbox 1359 2414 1487 2455; x_wconf 85' lang='lat' dir='ltr'><strong>aliquos</strong></span> <span class='ocrx_word' id='word_1_518' title='bbox 1503 2414 1599 2444; x_wconf 89' lang='lat' dir='ltr'><strong>nobis</strong></span> <span class='ocrx_word' id='word_1_519' title='bbox 1617 2418 1770 2454; x_wconf 74' lang='lat' dir='ltr'><strong>ereptus,</strong></span> <span class='ocrx_word' id='word_1_520' title='bbox 1792 2425 1891 2456; x_wconf 91' lang='lat' dir='ltr'><strong>quem</strong></span> 
     </span>
     <span class='ocr_line' id='line_1_94' title="bbox 1195 2463 1892 2504; baseline 0.001 -8"><span class='ocrx_word' id='word_1_521' title='bbox 1195 2465 1316 2496; x_wconf 88' lang='lat' dir='ltr'><strong>merito</strong></span> <span class='ocrx_word' id='word_1_522' title='bbox 1331 2465 1426 2504; x_wconf 85' lang='lat' dir='ltr'><strong>luget</strong></span> <span class='ocrx_word' id='word_1_523' title='bbox 1441 2464 1530 2494; x_wconf 87' lang='lat' dir='ltr'><strong>orbis</strong></span> <span class='ocrx_word' id='word_1_524' title='bbox 1547 2463 1713 2494; x_wconf 86' lang='lat' dir='ltr'><strong>eruditus.</strong></span> <span class='ocrx_word' id='word_1_525' title='bbox 1750 2465 1790 2495; x_wconf 91' lang='lat' dir='ltr'><strong>Ei</strong></span> <span class='ocrx_word' id='word_1_526' title='bbox 1807 2465 1892 2497; x_wconf 83' lang='lat' dir='ltr'><strong>hanc</strong></span> 
     </span>
     <span class='ocr_line' id='line_1_95' title="bbox 1197 2513 1896 2555; baseline -0.001 -9"><span class='ocrx_word' id='word_1_527' title='bbox 1197 2514 1465 2546; x_wconf 87' lang='lat' dir='ltr'><strong>emendationem</strong></span> <span class='ocrx_word' id='word_1_528' title='bbox 1490 2523 1542 2544; x_wconf 89' lang='lat' dir='ltr'><strong>me</strong></span> <span class='ocrx_word' id='word_1_529' title='bbox 1567 2513 1725 2553; x_wconf 85' lang='lat' dir='ltr'><strong>probasse</strong></span> <span class='ocrx_word' id='word_1_530' title='bbox 1746 2515 1896 2555; x_wconf 85' lang='lat' dir='ltr'><strong>memini,</strong></span> 
     </span>
     <span class='ocr_line' id='line_1_96' title="bbox 1198 2562 1894 2606; baseline -0.001 -10"><span class='ocrx_word' id='word_1_531' title='bbox 1198 2565 1256 2606; x_wconf 90' lang='lat' dir='ltr'><strong>qui</strong></span> <span class='ocrx_word' id='word_1_532' title='bbox 1274 2564 1377 2596; x_wconf 86' lang='lat' dir='ltr'><strong>etiam</strong></span> <span class='ocrx_word' id='word_1_533' title='bbox 1403 2564 1436 2595; x_wconf 90' lang='lat' dir='ltr'><strong>in</strong></span> <span class='ocrx_word' id='word_1_534' title='bbox 1462 2563 1550 2594; x_wconf 87' lang='lat' dir='ltr'><strong>notis</strong></span> <span class='ocrx_word' id='word_1_535' title='bbox 1575 2562 1617 2594; x_wconf 88' lang='lat' dir='ltr'><strong>ad</strong></span> <span class='ocrx_word' id='word_1_536' title='bbox 1643 2563 1760 2594; x_wconf 90' lang='lat' dir='ltr'><strong>Ovidii</strong></span> <span class='ocrx_word' id='word_1_537' title='bbox 1776 2564 1894 2595; x_wconf 81' lang='lat' dir='ltr'><strong>Fastos</strong></span> 
     </span>
     <span class='ocr_line' id='line_1_97' title="bbox 1199 2613 1895 2654; baseline -0.001 -8"><span class='ocrx_word' id='word_1_538' title='bbox 1199 2615 1349 2646; x_wconf 90' lang='lat' dir='ltr'><strong>ostendit</strong></span> <span class='ocrx_word' id='word_1_539' title='bbox 1375 2614 1408 2644; x_wconf 91' lang='lat' dir='ltr'><strong>in</strong></span> <span class='ocrx_word' id='word_1_540' title='bbox 1435 2613 1581 2654; x_wconf 83' lang='lat' dir='ltr'><strong>antiquis</strong></span> <span class='ocrx_word' id='word_1_541' title='bbox 1597 2613 1800 2644; x_wconf 86' lang='lat' dir='ltr'><strong>membranis</strong></span> <span class='ocrx_word' id='word_1_542' title='bbox 1817 2623 1895 2645; x_wconf 91' lang='lat' dir='ltr'><strong>con-</strong></span> 
     </span>
     <span class='ocr_line' id='line_1_98' title="bbox 1199 2662 1674 2696; baseline -0.006 0"><span class='ocrx_word' id='word_1_543' title='bbox 1199 2664 1295 2696; x_wconf 88' lang='lat' dir='ltr'><strong>fundi</strong></span> <span class='ocrx_word' id='word_1_544' title='bbox 1310 2673 1391 2695; x_wconf 79' lang='lat' dir='ltr'><strong>mors</strong></span> <span class='ocrx_word' id='word_1_545' title='bbox 1407 2668 1442 2694; x_wconf 87' lang='lat' dir='ltr'><strong>et</strong></span> <span class='ocrx_word' id='word_1_546' title='bbox 1456 2672 1533 2694; x_wconf 79' lang='lat' dir='ltr'><strong>sors.</strong></span> <span class='ocrx_word' id='word_1_547' title='bbox 1557 2662 1674 2694; x_wconf 77' lang='lat' dir='ltr'><strong>Graev.</strong></span> 
     </span>
    </p>

    <p class='ocr_par' dir='ltr' id='par_1_15' title="bbox 1201 2712 1895 2797">
     <span class='ocr_line' id='line_1_99' title="bbox 1244 2712 1895 2756; baseline 0 -10"><span class='ocrx_word' id='word_1_548' title='bbox 1244 2717 1261 2756; x_wconf 61' lang='grc' dir='ltr'><strong>ς</strong></span> <span class='ocrx_word' id='word_1_549' title='bbox 1279 2718 1319 2746; x_wconf 85' lang='grc'><strong>16</strong></span> <span class='ocrx_word' id='word_1_550' title='bbox 1343 2712 1513 2754; x_wconf 80' lang='lat' dir='ltr'><strong>Zopyrion]</strong></span> <span class='ocrx_word' id='word_1_551' title='bbox 1537 2713 1593 2744; x_wconf 90' lang='lat' dir='ltr'><strong>De</strong></span> <span class='ocrx_word' id='word_1_552' title='bbox 1610 2722 1676 2754; x_wconf 93' lang='lat' dir='ltr'><strong>quo</strong></span> <span class='ocrx_word' id='word_1_553' title='bbox 1693 2716 1729 2743; x_wconf 89' lang='lat' dir='ltr'><strong>et</strong></span> <span class='ocrx_word' id='word_1_554' title='bbox 1745 2721 1895 2746; x_wconf 84' lang='lat' dir='ltr'><strong>xxxvu.</strong></span> 
     </span>
     <span class='ocr_line' id='line_1_100' title="bbox 1201 2765 1405 2797; baseline -0.015 0"><span class='ocrx_word' id='word_1_555' title='bbox 1201 2768 1232 2797; x_wconf 86' lang='grc'><strong>3.</strong></span> <span class='ocrx_word' id='word_1_556' title='bbox 1250 2767 1281 2796; x_wconf 82' lang='grc'><strong>2.</strong></span> <span class='ocrx_word' id='word_1_557' title='bbox 1310 2765 1405 2795; x_wconf 82' lang='lat' dir='ltr'><strong>Bern.</strong></span> 
     </span>
    </p>

    <p class='ocr_par' dir='ltr' id='par_1_16' title="bbox 1204 2812 1900 2905">
     <span class='ocr_line' id='line_1_101' title="bbox 1245 2812 1899 2856; baseline 0 -10"><span class='ocrx_word' id='word_1_558' title='bbox 1245 2817 1319 2856; x_wconf 71' lang='lat'><strong>§17</strong></span> <span class='ocrx_word' id='word_1_559' title='bbox 1344 2815 1458 2846; x_wconf 80' lang='lat' dir='ltr'><strong>Poenas</strong></span> <span class='ocrx_word' id='word_1_560' title='bbox 1483 2817 1595 2844; x_wconf 80' lang='lat' dir='ltr'><strong>temere</strong></span> <span class='ocrx_word' id='word_1_561' title='bbox 1619 2813 1703 2844; x_wconf 79' lang='lat' dir='ltr'><strong>illati</strong></span> <span class='ocrx_word' id='word_1_562' title='bbox 1729 2812 1814 2854; x_wconf 81' lang='lat' dir='ltr'><strong>belli]</strong></span> <span class='ocrx_word' id='word_1_563' title='bbox 1835 2814 1899 2846; x_wconf 85' lang='lat' dir='ltr'><strong>Lu-</strong></span> 
     </span>
     <span class='ocr_line' id='line_1_102' title="bbox 1204 2862 1900 2905; baseline -0.004 -6"><span class='ocrx_word' id='word_1_564' title='bbox 1204 2877 1279 2899; x_wconf 84' lang='lat' dir='ltr'><strong>can.</strong></span> <span class='ocrx_word' id='word_1_565' title='bbox 1295 2875 1361 2898; x_wconf 85' lang='lat' dir='ltr'><strong>vu.</strong></span> <span class='ocrx_word' id='word_1_566' title='bbox 1375 2867 1449 2896; x_wconf 72' lang='lat'><strong>343.</strong></span> <span class='ocrx_word' id='word_1_567' title='bbox 1473 2864 1482 2881; x_wconf 88' lang='lat'>‘</span> <span class='ocrx_word' id='word_1_568' title='bbox 1500 2864 1610 2896; x_wconf 86' lang='lat' dir='ltr'><strong>Causa</strong></span> <span class='ocrx_word' id='word_1_569' title='bbox 1629 2862 1730 2903; x_wconf 81' lang='lat' dir='ltr'><strong>jubet</strong></span> <span class='ocrx_word' id='word_1_570' title='bbox 1751 2863 1900 2905; x_wconf 83' lang='lat' dir='ltr'><strong>Superos</strong></span> 
     </span>
    </p>
   </div>
  </div>
 </body>
</html>
