2101 3419
381 364 467 407 902

380 470 461 501 mile
479 472 533 499 est
549 471 702 508 tempore
718 466 860 505 misisse,
883 466 940 508 qui
956 465 1081 497 auxilia

381 530 442 551 sua
458 518 626 559 Dionysio
643 515 816 556 offerrent,
832 526 908 547 cum
925 516 1079 547 nimirum

379 570 505 601 bellum
533 577 610 599 cum
635 566 794 597 Roma'nis
819 571 908 597 esset
935 565 1079 597 finitum.

382 621 439 652 De
468 629 527 649 sex
553 617 722 648 mensibus
749 616 837 657 quod
866 616 949 656 dixi,
977 616 1078 647 docet

381 671 473 702 Flor.
501 679 525 700 1.
555 672 607 700 13.
629 669 720 699 ‘Sex
749 667 919 698 mensibus
944 667 1078 698 barbari

382 722 472 752 circa
501 725 651 751 montem
679 729 782 750 unum
813 717 1077 759 pependerunt!

381 771 486 809 Schef.

427 822 559 852 Romam
587 819 802 859 incenderant]
839 820 895 850 De
923 819 1031 850 Roma
1059 829 1079 850 a

382 872 492 904 Gallis
520 876 625 911 capta
651 874 688 901 et
714 870 852 900 incensa
880 869 972 910 pleni
1001 874 1078 899 sunt

383 928 560 953 auctorum
577 921 664 951 libri.
679 921 836 959 Bongars.
881 919 994 949 Instar
1010 928 1078 949 om-

383 973 474 1003 nium
490 976 563 1003 esto
581 971 711 1009 Livius,
723 980 757 1001 v.
771 973 825 1001 41.
839 975 875 1001 et
893 979 986 1010 seqq.
1005 969 1079 999 Ber.

390 1053 395 1058 ,
426 1024 443 1058 Q
467 1026 487 1054 6
510 1022 651 1053 Auxiliis
665 1021 826 1051 Gallorum
841 1020 1079 1058 auctus‚bellum

382 1075 465 1104 velut
489 1083 529 1104 esc
552 1073 674 1111 integro
697 1070 868 1110 restaurat]
913 1070 1000 1101 Haec
1030 1070 1080 1099 ita

383 1132 577 1160 correxere,
604 1132 681 1153 cnm
704 1121 737 1151 in
768 1121 853 1151 Mss.
883 1121 1078 1160 legeretur:

384 1174 492 1204 bellum
505 1174 586 1203 velut
601 1183 640 1203 ex
655 1173 778 1211 integro
801 1171 945 1211 reliquit.-
965 1174 1082 1201 restau-

383 1225 463 1255 ratis
480 1227 594 1255 autem.
640 1222 741 1255 Quod
768 1232 833 1252 non
863 1221 990 1252 frustra
1016 1226 1079 1252 est.

384 1275 442 1306 Ita
466 1275 555 1305 enim
583 1272 785 1304 emend-and.
812 1277 907 1303 erat:
931 1281 1008 1302 aux.
1038 1271 1080 1302 G.

384 1328 506 1362 auctus,
522 1323 605 1363 belli,
625 1323 707 1353 velut
721 1332 761 1353 est:
776 1322 912 1361 integro,
934 1321 1082 1361 reliquias

383 1377 550 1405 restaurat.
596 1374 644 1404 Iis
659 1376 774 1404 autem.
796 1372 898 1403 Voss.

428 1426 443 1465 ξ
469 1427 487 1455 7
526 1423 681 1454 Intestina
706 1422 875 1462 discordia]
933 1422 1010 1453 Sen.
1039 1420 1082 1451 ad

385 1475 544 1506 Helviam
572 1476 602 1504 6.
647 1474 747 1504 ‘Non
779 1473 932 1503 omnibus
963 1471 1082 1503 eadem

384 1535 485 1556 causa
497 1522 709 1564 relinquendi
724 1521 964 1563 quaerendique
978 1522 1083 1563 patri-

385 1586 438 1607 am
454 1575 529 1606 fuit.
576 1574 670 1605 Alios
697 1573 833 1604 excidia
855 1573 986 1604 urbium
1009 1583 1082 1604 sua-

385 1637 469 1666 rum,
484 1626 664 1657 hostilibus
680 1625 780 1656 armis
797 1625 941 1665 elapsos,
964 1624 998 1655 in
1023 1624 1082 1655 ali-

385 1687 461 1716 ena,
477 1677 640 1717 spoliatos
657 1676 737 1715 suis,
752 1676 977 1715 expulerunt:
1000 1675 1080 1705 alios

385 1727 573 1758 domestica
601 1726 724 1757 seditio
754 1725 946 1756 submovit:
983 1735 1082 1767 quos-

388 1778 464 1808 dam
480 1776 605 1807 fertilis
621 1786 688 1807 orae
705 1779 740 1807 ct
758 1777 792 1806 in
809 1776 916 1817 majus
934 1775 1081 1806 laudatae

385 1827 478 1859 fama
503 1827 676 1867 corrupit:
703 1826 785 1857 alios
801 1826 865 1856 alia
882 1835 1001 1856 caussa
1026 1835 1083 1856 ex-

386 1879 470 1909 civit
494 1877 649 1909 domibus
680 1876 773 1908 suis.'
817 1876 908 1907 Add.
938 1877 1012 1908 Liv.
1040 1885 1082 1908 ιι.

387 1932 438 1960 16.
454 1931 485 1959 3.
516 1928 595 1959 Sall.
611 1928 691 1968 Jug.
708 1937 736 1959 c.
749 1930 801 1959 78.
817 1930 848 1959 1.
879 1928 957 1959 Tac.
970 1928 1013 1959 G.
1028 1930 1082 1958 29.

389 1982 418 2010 l.
444 1979 542 2009 Bern-

432 2031 449 2070 ς
474 2032 493 2059 8
518 2027 742 2067 Mediolanum]
767 2027 868 2060 Quod
881 2027 955 2058 aliis
970 2033 1084 2058 ancto-

388 2081 480 2112 ribus
496 2079 755 2117 Mediolanium,
778 2083 814 2109 et
829 2078 901 2109 haec
918 2078 1084 2109 Mediola-

387 2141 462 2171 nus,
486 2134 523 2161 et
538 2129 733 2160 Mediolana
749 2129 940 2169 pluraliter.
984 2128 1086 2160 Urbis

388 2181 553 2222 originem
581 2179 722 2220 exponit
750 2183 786 2210 et
812 2178 887 2209 Liv.
913 2187 946 2211 v.
972 2181 1026 2210 34.
1052 2182 1084 2210 9.

389 2233 486 2264 Idem.

436 2281 602 2321 Veronam]
633 2280 713 2321 Hnj.
731 2279 893 2321 originem
909 2285 945 2311 et
962 2281 1034 2311 Liv.
1051 2290 1087 2312 v.

389 2335 441 2363 35.
458 2335 486 2363 1.
511 2331 552 2362 ad
569 2331 686 2362 Gallos
703 2340 778 2361 cum
807 2330 933 2361 Nostro
956 2329 1086 2361 referre

389 2382 547 2414 videtur:
572 2386 606 2412 at
634 2381 726 2412 Plin.
743 2390 797 2413 111.
815 2384 866 2412 19.
890 2380 932 2412 ad
947 2381 1085 2413 Rhaetos

389 2435 649 2473 Euganeosque.
673 2431 724 2462 Id.

439 2481 641 2522 Vergumum]
680 2482 750 2512 Pro
767 2482 968 2521 Bergomum,
994 2491 1087 2512 more

391 2532 589 2574 posterioris
607 2531 671 2563 aevi
694 2532 939 2571 usitatissimo„
956 2533 988 2563 B
1005 2532 1038 2563 in
1061 2532 1091 2563 V

390 2593 564 2616 converso.
590 2584 640 2614 Id.

438 2633 639 2674 Ver-gamma]
685 2631 773 2663 Haec
803 2631 939 2663 barbari
972 2632 1088 2664 saeculi

392 2685 564 2725 scriptura
590 2687 652 2714 est.
700 2683 807 2714 Recte
837 2682 936 2714 Junt.
967 2683 1090 2723 Bergo-

391 2745 485 2765 mum.
529 2734 624 2764 Sicut
648 2736 683 2763 et
699 2732 852 2773 superius
869 2732 1012 2764 Abellauz'
1028 2743 1089 2774 pro

391 2784 544 2816 Atellani.
577 2783 692 2814 Graev.
751 2781 970 2823 Antiquiores
999 2783 1090 2824 typis

393 2843 492 2874 expr.
521 2834 717 2871 Bergomum.
762 2833 861 2866 Quod
887 2833 1005 2864 mirum
1030 2843 1090 2865 cur

393 2884 504 2924 Bong.
521 2883 679 2922 niutarit3
703 2882 892 2924 praesertim
920 2892 995 2914 cum
1016 2884 1089 2924 ipse

846 371 987 402 NOTAE
1020 369 1282 401 VARIORUM
1316 368 1368 399 IN

1131 464 1311 504 notaverit,
1332 463 1518 503 Vergamum
1545 470 1639 493 more
1662 460 1827 502 posterio-

1131 515 1176 546 ris
1191 515 1254 545 aevi
1271 513 1450 545 formatum
1469 522 1554 545 esse.
1583 513 1656 544 Vor.

1178 564 1376 604 Tridentum]
1421 564 1514 595 Plin.
1532 573 1586 595 111.
1604 566 1656 594 19.
1690 562 1826 593 Rhaeto-

1131 625 1203 647 rum
1221 616 1294 653 hoc,
1321 625 1388 646 non
1407 615 1598 654 Gallorum,
1623 613 1706 645 facit
1730 612 1827 654 oppi-

1129 666 1219 698 dum.
1243 667 1342 697 Rern.

1177 715 1364 755 vicentiam]
1402 715 1626 746 Memoratam
1641 711 1762 744 Tacito
1779 711 1825 743 Η.

1130 776 1187 798 ιιι.
1204 769 1235 797 8.
1256 766 1383 804 Plinio,
1400 765 1551 805 aliisque,
1573 765 1582 780 ‘
1595 763 1749 794 Vicetia’
1764 766 1826 803 est,

1129 817 1316 847 imitatione
1333 815 1612 856 Graecorum,qui
1628 824 1684 853 ex,
1702 813 1827 844 Alben-

1131 877 1196 906 ses,
1211 867 1438 905 Veronenses,
1453 866 1624 902 Clemens,
1638 868 1674 894 et
1690 863 1829 902 talibus,

1130 922 1269 949 extruso
1286 927 1318 955 u,
1336 915 1506 955 Ἀλβήσιοι,
1520 913 1730 955 Οὐερωνήσιοι,
1743 912 1829 950 Κλή-

1129 979 1188 1006 μης
1201 966 1341 997 faciunt.
1389 966 1565 999 Quomodo
1581 970 1616 996 et
1628 963 1829 997 Graecobar-

1131 1018 1222 1049 baris
1239 1015 1422 1056 καστρέσιον
1438 1020 1501 1055 est,
1518 1021 1715 1047 castrense:
1732 1013 1829 1055 κιρκέ-

1132 1079 1200 1108 cna,
1226 1067 1414 1099 circensia:
1442 1065 1569 1107 ἔρμητα,
1586 1071 1750 1103 armenta,
1765 1067 1830 1095 &c.

1131 1120 1188 1150 De
1210 1119 1242 1149 l1.
1256 1123 1329 1150 toto
1345 1119 1367 1149 l.
1385 1118 1452 1149 vid.
1482 1117 1619 1148 saresb.
1635 1116 1761 1148 Policr.
1778 1124 1828 1147 vt.

1133 1175 1185 1203 17.
1210 1172 1307 1202 Rern.

1176 1223 1193 1262 ᾧ
1217 1224 1237 1252 9
1262 1221 1380 1251 Gentes
1399 1219 1592 1260 Rhaetorum]
1615 1219 1735 1260 steph.
1750 1218 1830 1250 Ῥαι-

1133 1271 1180 1303 τοὶ
1194 1270 1376 1311 Τυῤῥηνικὸν
1391 1269 1483 1301 ἔθνος.
1511 1270 1617 1309 Bong.

1176 1323 1192 1362 ξ
1218 1325 1257 1352 12
1291 1321 1464 1360 Segnitiem
1491 1319 1593 1359 ducis]
1647 1319 1734 1350 Mss.
1762 1319 1831 1350 mei

1133 1374 1330 1402 constanter
1344 1370 1512 1409 segnitiam
1526 1369 1630 1400 aucis.-
1653 1369 1741 1411 quod
1768 1379 1830 1409 pro

1133 1421 1208 1452 eod.
1225 1427 1298 1452 est:
1322 1421 1468 1451 Terent.
1495 1418 1586 1450 And.
1603 1429 1629 1450 1.
1647 1421 1677 1450 3.
1694 1422 1723 1450 1.
1745 1420 1754 1435 ⁴
1770 1419 1830 1450 Ni-

1133 1472 1178 1502 hil
1192 1471 1317 1502 lociest
1328 1470 1496 1510 segnitiae,
1506 1479 1617 1510 neque
1631 1468 1796 1500 socordiae
1809 1467 1831 1499 ι’

1135 1522 1190 1552 alii
1207 1522 1366 1552 dixerunt
1383 1520 1486 1551 etiam
1512 1519 1652 1559 segnitas
1677 1528 1739 1559 pro
1755 1518 1832 1550 eod.

1133 1571 1261 1603 Accius
1279 1570 1451 1608 AEneadis‚
1466 1578 1491 1601 s.
1510 1569 1617 1601 Decio
1631 1579 1639 1600 ι
1653 1570 1663 1586 ‘
1677 1569 1727 1599 Eo
1743 1577 1832 1599 nunc

1133 1623 1222 1665 quod
1253 1632 1366 1653 eornm
1395 1621 1563 1661 segnitate
1591 1619 1690 1651 ardet
1716 1618 1834 1651 focus!

1133 1673 1223 1704 Item
1246 1671 1486 1704 Andromeda:
1511 1671 1702 1712 ‘Namque‚
1723 1674 1761 1701 ut
1784 1669 1834 1701 di-

1133 1733 1206 1754 cam
1221 1728 1254 1754 te
1266 1727 1358 1754 metu
1371 1727 1429 1753 aut
1443 1721 1610 1762 segnitate
1620 1720 1834 1760 addubitare,

1133 1774 1220 1805 baud
1235 1783 1345 1804 meum
1359 1772 1434 1804 est!
1454 1773 1534 1814 Ipse
1549 1772 1696 1814 denique
1709 1772 1833 1804 Cic.11.

1134 1826 1176 1856 de
1193 1825 1293 1856 Orat.
1306 1828 1359 1856 41.
1384 1826 1394 1842 ‘
1407 1826 1464 1865 Et,
1478 1825 1635 1866 quoniam
1651 1825 1694 1856 de
1711 1824 1834 1866 impru-

1134 1877 1251 1907 dentia
1265 1876 1421 1916 diximus,
1431 1877 1636 1916 castigemus
1647 1875 1748 1906 etiam
1761 1884 1834 1915 seg-

1133 1925 1303 1958 nitatem?
1317 1926 1453 1958 Moaz'us.
1498 1926 1568 1957 Pro
1584 1923 1833 1957 ‘familiariter'

1134 1978 1297 2008 vincent.
1322 1977 1427 2007 habet
1438 1978 1447 1994 ‘
1461 1975 1616 2007 familiari
1632 1975 1791 2007 secreto!

1177 2029 1194 2068 ᾧ
1218 2030 1258 2059 14
1282 2027 1413 2057 Insidiis
1436 2028 1477 2057 ad
1500 2029 1687 2067 postremum
1711 2035 1834 2056 suarum

1134 2077 1340 2119 interficitur]
1374 2077 1446 2108 Cic.
1476 2076 1519 2107 de
1550 2076 1598 2107 N.
1627 2076 1675 2107 D.
1708 2085 1765 2107 111.
1781 2078 1834 2107 35.

1134 2130 1144 2146 ‘
1158 2127 1274 2170 Atque
1299 2127 1448 2169 [mallem
1464 2125 1619 2167 Namque]
1644 2126 1679 2157 in
1695 2135 1754 2157 suo
1768 2126 1835 2157 lec-

1135 2180 1207 2210 tulo
1223 2183 1376 2209 mortuus
1389 2177 1422 2208 in
1435 2176 1651 2218 tympanidiis
1665 2176 1698 2206 in
1714 2185 1834 2217 rogum

1134 2229 1249 2260 illatus
1265 2228 1339 2260 est.'
1360 2228 1462 2259 Diod.
1480 2237 1542 2259 XV.
1556 2229 1609 2258 74.
1625 2225 1745 2265 refert,
1758 2236 1834 2258 eum

1136 2280 1331 2320 epulantem
1362 2283 1397 2310 et
1431 2278 1558 2319 largius
1599 2277 1770 2309 bibentem
1799 2277 1834 2308 in

1136 2329 1291 2361 morbum
1323 2327 1505 2360 incidisse:
1542 2326 1616 2358 fieri
1647 2332 1759 2358 autem
1779 2336 1836 2368 po-

1136 2384 1217 2418 test,
1235 2384 1282 2419 ut,
1306 2388 1381 2409 cum
1398 2378 1526 2409 insidiis
1543 2387 1677 2408 suorum
1694 2378 1836 2418 periret,

1136 2430 1171 2461 id
1188 2429 1346 2461 ebrietati
1363 2429 1593 2460 tribueretur:
1619 2428 1709 2470 quod
1732 2429 1837 2460 Alex-

1137 2479 1244 2511 andro
1261 2479 1311 2510 M.
1328 2478 1453 2510 evenit.
1484 2478 1563 2510 Vid.
1589 2479 1682 2510 Plnt.
1699 2483 1735 2510 et
1751 2479 1836 2510 Pro-

1138 2531 1217 2562 bum
1246 2530 1280 2560 in
1308 2529 1432 2560 Dione.
1460 2528 1619 2567 Bongars.
1665 2528 1754 2559 Plin.
1772 2537 1835 2559 vn.

1138 2583 1190 2612 53.
1227 2579 1350 2620 gaudio
1382 2579 1589 2610 exstinctum
1619 2578 1750 2618 scribit,
1780 2587 1836 2610 ac-

1139 2635 1241 2672 cepto
1258 2629 1400 2669 tragicae
1413 2628 1566 2664 victoriae
1584 2629 1712 2662 nuntio.
1734 2629 1836 2660 Bern.

1183 2681 1313 2713 Insidiis
1337 2689 1460 2711 suorum
1482 2678 1685 2721 interficitur]
1735 2678 1835 2712 Quod

1140 2738 1254 2764 tamen
1271 2730 1390 2762 nullibi
1405 2730 1572 2770 scriptum
1587 2730 1742 2761 arbitror.
1755 2729 1835 2762 fab.

1140 2783 1255 2814 Verba
1270 2791 1329 2812 uon
1346 2781 1441 2811 Italia
1463 2780 1594 2811 uncinis
1611 2779 1755 2811 includit
1771 2779 1836 2811 Ed.

1140 2835 1250 2875 Bong.
1280 2831 1459 2863 Helladius
1476 2831 1510 2861 in
1529 2830 1778 2862 Chrestomath.
1794 2829 1838 2861 de

1140 2881 1306 2924 Dionysio
1335 2879 1455 2921 refert,
1479 2879 1526 2912 ὅτι
1540 2878 1692 2918 ὀνηλάτου
1705 2878 1762 2918 μὲν
1777 2878 1838 2912 υἱὸς
