2174 3424
594 393 787 425 Jus'rlm
822 394 914 425 Lm.
949 394 1020 424 xl.
1055 395 1160 428 CAP.
1190 385 1259 426 10.

205 488 310 520 civilis
327 489 443 520 utilem
467 496 550 518 esse.
594 487 686 519 Juris
709 487 797 517 enim
814 496 891 517 auc-

204 545 293 572 tores
309 539 505 580 frequenter
519 539 566 570 ita
576 538 680 579 loqui,
695 542 733 569 ut
747 538 843 568 simul
859 542 894 569 et

204 591 440 631 negligentiam
457 600 482 620 s.
505 590 651 629 culpam,
676 593 712 619 et
727 589 894 629 diligenti-

206 650 258 670 am
288 641 342 670 vel
368 639 570 678 custodiam,
606 640 616 656 ‘
639 639 864 680 praestandam
885 639 894 653 '

207 700 278 721 esse
303 689 444 727 dicunt3
468 690 556 720 illam
575 689 711 730 quidem
729 694 767 719 ut
791 689 893 728 absit,

206 740 292 770 hanc
307 744 345 770 ut
361 739 469 770 adsit:
493 739 596 774 illam,
622 743 661 769 ut
675 739 716 769 de
732 748 773 769 ea
794 748 820 769 s.
850 739 894 769 ob

205 800 280 822 eam
295 789 368 830 quis
386 793 563 827 teneatur3
584 789 670 820 hanc
693 793 732 819 ut
755 788 797 819 ad
821 798 894 819 eam

206 839 280 880 quis
310 838 578 876 teneatur3‘vel
608 843 700 869 certe
739 837 781 868 ob
809 838 896 868 hanc

205 888 370 928 omissam,
381 892 415 918 et
427 887 514 918 illam
526 887 717 918 admissam.
754 887 803 918 Ut
815 887 853 918 L.
863 890 895 918 5.

207 940 235 979 ξ.
251 941 283 969 2.
297 939 343 969 D.
360 937 583 976 Commodafi,
607 938 646 969 1..
664 940 693 968 l.
710 938 758 968 D.
775 937 817 967 de
831 937 896 967 Tu-

207 990 266 1021 tel.
291 993 327 1020 et
351 990 430 1020 Rat.
456 989 597 1021 distrah.
629 989 666 1020 L.
700 991 750 1020 17.
779 989 825 1020 D.
854 988 897 1018 de

204 1039 289 1072 Jure
305 1039 376 1070 dot.
393 1041 457 1070 ὅτε.
500 1039 557 1070 Sic
576 1039 611 1069 L.
621 1041 673 1070 25.
692 1039 738 1069 D.
752 1038 794 1069 de
806 1038 847 1069 V.
859 1038 895 1068 S.

205 1088 326 1129 ‘pars‚'
352 1089 491 1120 relatum
517 1088 558 1119 ad
579 1088 822 1127 ‘servitutem,’
849 1087 897 1118 in-

208 1138 374 1178 telligitur
390 1138 432 1169 de
457 1143 554 1178 parte
573 1139 726 1177 generis:
752 1138 793 1169 ad
817 1140 825 1155 ‘
839 1137 898 1169 do-

208 1188 346 1219 minium
362 1188 371 1202 '
417 1198 510 1227 vero,
547 1188 591 1219 de
627 1194 725 1229 parte
763 1188 899 1229 integri.

207 1238 295 1269 Item
313 1239 348 1270 1..
365 1241 394 1270 1.
411 1239 451 1269 C.
467 1239 534 1270 Ubi
548 1239 588 1269 de
601 1239 704 1270 Crim.
718 1249 771 1279 ag.
787 1243 898 1278 oport.

209 1289 406 1319 vocabulum
416 1289 424 1305 ⁴
434 1288 604 1329 criminis‚'
612 1289 753 1319 relatum
764 1288 899 1330 quidem

209 1339 251 1369 ad
278 1338 416 1369 verbum
443 1339 454 1356 ⁴
478 1339 712 1377 commissum,’
733 1338 901 1379 significat

210 1388 384 1426 delictum,
405 1392 463 1419 aut
481 1388 589 1428 ipsum
606 1387 731 1419 factum
748 1388 900 1419 crimino-

211 1448 302 1469 sum:
329 1438 371 1468 ad
394 1439 403 1454 ‘
418 1438 628 1469 inchoatum’
652 1447 743 1477 vero,
763 1448 901 1468 accusa-

211 1488 335 1519 tionem
345 1487 500 1518 criminis.
512 1488 640 1518 Bernec.
664 1488 704 1518 Id
716 1488 746 1518 h.
758 1488 779 1518 l.
788 1492 902 1528 potest

212 1538 395 1573 observari,
412 1537 500 1568 istud
524 1538 533 1554 ‘
550 1537 776 1578 deprecantur
787 1537 794 1549 ’
810 1538 841 1568 in
857 1537 904 1568 di-

212 1597 310 1619 versa
351 1586 594 1628 significatione
637 1591 780 1618 sumtum
818 1597 904 1619 esse.

213 1638 280 1670 Qui
305 1638 393 1668 enim
416 1643 558 1669 mortem
586 1638 801 1678 deprecatur,
828 1643 903 1668 orat

215 1688 281 1718 NE
305 1688 366 1718 sibi
393 1697 479 1718 mors
505 1686 686 1725 afferatur;
710 1687 768 1727 qui
784 1687 903 1727 depre-

214 1742 311 1768 catur
334 1737 542 1776 dilationem,
565 1742 653 1776 orat,
667 1736 730 1767 UT
746 1736 809 1766 sibi
825 1745 904 1766 con-

213 1787 354 1818 cedatur
369 1787 498 1818 dilatio.
544 1787 600 1817 Ita
612 1786 816 1826 deprecatur
834 1786 904 1817 bel-

213 1840 293 1879 lum,
319 1839 375 1879 qui
399 1838 523 1870 bellum
549 1838 668 1875 timet3
703 1837 906 1877 deprecatur

214 1898 343 1929 pacem,
361 1888 416 1928 qui
429 1897 545 1927 pacem
559 1887 662 1927 cupit.
706 1887 774 1917 Sed
785 1887 816 1916 in
830 1886 904 1916 eod.

213 1938 310 1969 unius
326 1938 468 1978 alicujus
484 1937 615 1977 periodi
628 1936 776 1968 membro
792 1937 819 1967 si
832 1936 904 1977 quis

213 1990 263 2020 ita
291 1988 458 2029 loquatur,
486 1988 644 2018 vitiosum
672 1991 767 2027 puto,
796 1991 832 2017 et
862 1987 904 2018 ab

213 2037 400 2079 hujusmodi
435 2037 626 2068 imitatione
659 2035 904 2076 refugiendum.

215 2087 375 2121 Quamvis
392 2087 505 2128 itaque
519 2087 552 2118 in
570 2096 669 2118 sensu
686 2087 819 2118 diverso
835 2096 904 2118 rec-

215 2144 250 2169 te
276 2137 418 2177 dicatur,
439 2138 448 2153 ‘
462 2137 578 2168 ulcisci
601 2136 756 2177 patreni‚'
780 2142 814 2167 et
835 2136 906 2166 ‘ul-

215 2187 295 2219 cisci
320 2187 489 2218 inimicum
515 2186 646 2228 patris‚'
673 2197 737 2218 non
761 2188 839 2218 ideo
855 2192 905 2218 ta-

214 2248 302 2278 men,
327 2239 354 2270 si
382 2239 424 2270 de
447 2238 515 2270 filio
543 2239 702 2280 loquaris,
728 2239 797 2280 qui,
827 2239 905 2270 dum

215 2293 344 2330 patrem
371 2287 555 2319 defendere
583 2289 709 2329 studet,
738 2290 826 2320 illius
856 2290 906 2320 in-

215 2340 350 2371 imicum
365 2338 536 2377 interficit,
557 2348 636 2378 non,
651 2338 797 2380 inquam,
812 2346 906 2371 recte

215 2388 350 2427 feceris,
374 2388 401 2419 si
426 2388 529 2427 dices,
550 2388 636 2419 ‘Ille
660 2393 697 2419 et
722 2394 855 2430 patrem
872 2394 907 2420 et

217 2439 304 2469 illius
330 2438 461 2469 hostem
492 2439 581 2469 ultus
611 2439 712 2476 est3'
749 2440 829 2480 quia
858 2450 906 2471 sc.

216 2489 381 2530 geminam
396 2489 463 2520 eid.
491 2488 595 2519 verbo
617 2488 909 2529 significationem,

216 2539 317 2580 idque
333 2539 366 2569 in
383 2538 459 2569 eod.
486 2538 635 2569 membro
662 2539 835 2579 orationis,
849 2540 908 2571 tri-

218 2589 351 2628 bueres,
367 2588 456 2630 quod
471 2598 536 2619 non
551 2589 651 2619 modo
667 2589 909 2621 obscuritatem

219 2638 328 2678 affert,
354 2638 412 2670 sed
443 2642 480 2669 et
507 2643 615 2669 contr.
638 2639 805 2679 judicium
843 2645 909 2671 est.

219 2690 330 2721 Faber.
373 2688 461 2721 Edd.
486 2689 590 2720 Bech.
617 2694 653 2720 et
673 2689 762 2721 Sich.
785 2690 910 2722 habent

217 2751 277 2772 non
290 2741 398 2781 vitam,
413 2741 465 2771 sed
479 2739 657 2771 dilationem
670 2741 789 2781 mortis,
805 2743 910 2782 depre-

220 2794 345 2821 cantur.-
367 2794 407 2821 ut
429 2790 523 2821 verbi
545 2790 554 2806 ‘
569 2790 767 2830 deprecari'
793 2792 835 2822 ad
863 2792 910 2822 di-

221 2849 317 2870 versa
331 2839 429 2870 relati
450 2848 516 2870 una
539 2839 724 2881 eademque
747 2841 840 2872 notio
857 2841 910 2872 sit.

223 2891 268 2921 Et
279 2899 359 2920 sane
374 2890 383 2907 ‘
398 2889 573 2930 deprecari
589 2890 709 2921 vitam’
726 2891 810 2923 dicit
825 2891 911 2923 Auc-

1550 386 1634 427 791

942 491 995 517 tor
1021 496 1097 519 xvi.
1127 491 1154 519 1.
1182 492 1210 520 1.
1265 489 1331 520 Sed
1355 489 1498 530 prarfero
1521 493 1636 521 tamen

943 538 1024 568 lect.
1039 539 1190 570 alteram.
1223 539 1297 570 Nec
1314 544 1366 570 est
1379 540 1463 571 adeo
1480 540 1637 580 insolens,

944 592 982 619 ut
1003 588 1059 618 uni
1075 588 1250 629 eidemque
1274 589 1387 626 verbo,
1411 594 1512 629 prout
1527 590 1569 620 ad
1586 590 1636 620 di-

945 648 1042 669 versa
1066 637 1228 675 refertur,
1257 638 1383 679 duplex
1409 639 1565 679 subjecta
1592 640 1637 671 sit

943 687 1048 719 notio.
1092 688 1222 727 Estque
1248 687 1459 718 manifestum
1483 688 1556 727 ejus
1579 698 1637 719 ex-

945 737 1091 777 emplum
1117 745 1142 767 1.
1159 740 1190 767 9.
1206 740 1257 768 12.
1285 747 1312 768 s.
1340 737 1387 768 ibi
1413 738 1586 775 remittunt,
1609 748 1636 768 s.

944 787 1140 828 permittunt,
1155 787 1257 827 legas.
1278 787 1356 819 Vid.
1381 788 1489 818 Notas
1505 788 1546 818 ad
1562 798 1638 819 euin

944 838 968 868 l.
996 837 1070 868 Vor.

989 887 1006 926 ς
1028 888 1062 916 15
1080 884 1201 916 Haben·
1212 885 1395 925 utregz‘nas]
1411 885 1639 918 Add.xxxv1.

948 939 977 967 1.
993 939 1026 967 6.
1047 941 1081 967 et
1098 944 1256 966 xxxvrn.
1280 938 1312 967 9.
1327 939 1359 967 3.
1383 936 1505 966 Haberi
1516 939 1546 967 et
1560 937 1640 967 salu-

948 986 1010 1016 tari
1026 995 1068 1016 ex
1084 985 1150 1015 fide
1167 985 1242 1016 cod.
1259 983 1433 1015 Maffaeani
1453 985 1535 1024 legit
1549 986 1639 1018 Just.

948 1038 1121 1078 Rycquius
1147 1038 1286 1068 Centur.
1302 1045 1344 1066 11.
1362 1036 1470 1075 Epist.
1485 1039 1538 1067 43.
1562 1037 1642 1067 Ber-

947 1097 1012 1118 nec.
1041 1086 1260 1128 Antiquiores
1274 1086 1370 1118 Junt.
1385 1086 1491 1117 Bech.
1507 1090 1542 1117 et
1555 1087 1641 1127 Maj.

949 1136 1027 1167 edd.
1054 1147 1120 1167 una
1147 1146 1230 1167 voce
1247 1136 1378 1167 auctius
1395 1136 1520 1167 habent
1535 1136 1642 1167 haberi

949 1190 979 1218 et
994 1187 1123 1217 salutari
1145 1189 1180 1217 ut
1203 1187 1341 1225 reginas.
1385 1185 1452 1217 Sed
1478 1190 1514 1217 et
1539 1186 1641 1218 codd.

951 1237 1085 1279 quidam
1111 1238 1193 1268 Mss.
1210 1242 1247 1268 ut
1263 1238 1368 1277 Bong.
1394 1242 1430 1268 et
1454 1237 1560 1279 Rycq.
1577 1242 1643 1269 tes-

950 1291 1078 1327 tantur,
1092 1287 1139 1318 ita
1152 1286 1289 1317 habent.
1317 1287 1419 1318 Vorst.

994 1337 1081 1368 CAP.
1099 1345 1136 1367 x.
1172 1337 1189 1377 ξ
1206 1339 1225 1367 2
1249 1337 1403 1367 Barsinen
1418 1336 1571 1376 captivam
1596 1336 1643 1365 di-

948 1386 1062 1426 ligere]
1086 1386 1211 1417 Mirum
1227 1391 1278 1417 est
1293 1386 1397 1416 etiam
1409 1386 1442 1416 in
1458 1385 1644 1416 Alexandri

951 1438 1109 1468 uxoribus
1134 1436 1269 1467 nomina
1284 1436 1422 1467 variata.
1466 1436 1551 1465 Tres
1572 1435 1644 1474 ejus

951 1491 1170 1518 numerantur
1194 1496 1325 1517 uxores.
1371 1485 1549 1517 ‘Barsine'
1576 1485 1645 1515 Da-

951 1536 990 1566 rii
1006 1536 1084 1574 filia,
1099 1536 1140 1566 de
1157 1536 1269 1576 quali.
1287 1536 1309 1566 l.
1325 1540 1362 1566 et
1377 1536 1436 1567 lib.
1454 1543 1539 1566 xnr.
1562 1535 1645 1574 Ejus

951 1585 1038 1617 filius
1055 1586 1233 1624 Hercules,
1249 1586 1306 1626 qui
1323 1595 1389 1616 una
1404 1595 1479 1616 cum
1501 1588 1610 1614 matre
1626 1594 1646 1614 a

953 1638 1142 1668 Cassandro
1169 1635 1394 1667 Macedonum
1419 1644 1498 1674 rege
1522 1634 1647 1665 occidi-

952 1692 1018 1727 tur,
1032 1693 1069 1718 ut
1083 1691 1203 1728 postea
1219 1686 1275 1717 lib.
1292 1694 1352 1717 xv.
1365 1690 1480 1716 narrat
1495 1683 1645 1716 Auctor:

953 1738 1057 1770 Diod.
1090 1738 1296 1777 ‘Statyram’
1319 1737 1405 1766 hanc
1431 1744 1570 1766 vocasse
1600 1735 1647 1765 vi-

954 1787 1065 1827 detur,
1095 1791 1130 1818 et
1161 1786 1223 1817 nisi
1253 1785 1352 1817 codd.
1384 1784 1516 1822 fallant,
1544 1784 1646 1815 etiam

953 1838 1045 1870 Just.
1062 1846 1127 1868 xn.
1155 1841 1332 1877 postquam
1358 1834 1578 1875 Babyloniam
1594 1844 1648 1866 re-

954 1887 1067 1918 dierat
1091 1897 1133 1918 ex
1158 1886 1254 1916 India
1278 1885 1482 1916 Alexander.
1527 1883 1649 1915 Altera

955 1938 964 1954 ‘
973 1936 1145 1968 Rhoxane'
1155 1935 1317 1976 Oxyartis
1327 1934 1499 1965 Bactriani
1510 1933 1592 1973 filia,
1605 1934 1647 1966 de

955 1996 1021 2028 qua
1036 1987 1134 2017 etiam
1151 1985 1236 2016 libro
1253 1994 1337 2016 xnr.
1380 1984 1495 2015 Tertia
1522 1985 1648 2025 ‘Pary-

953 2037 1050 2067 satis'
1070 2036 1158 2067 Ochi
1174 2035 1253 2075 filia,
1270 2044 1368 2076 quam
1383 2034 1476 2065 Susis
1492 2034 1649 2075 duxerat,

954 2092 992 2118 ut
1008 2087 1102 2117 initio
1115 2086 1188 2117 fere
1199 2086 1257 2116 lib.
1268 2094 1333 2116 vn.
1346 2088 1463 2116 narrat
1474 2083 1648 2116 Arrianus.

956 2139 1082 2169 Lector
1109 2138 1183 2178 ipse
1210 2137 1340 2178 cogitet
1374 2135 1455 2177 quid
1485 2136 1647 2177 sequend.

956 2191 1047 2222 Glar.

997 2238 1171 2278 Barsenen]
1206 2237 1373 2269 Barsinen
1412 2237 1509 2268 Darii
1545 2237 1648 2268 filiam

955 2293 1196 2322 commemorat
1213 2287 1373 2319 Arrianus
1387 2296 1453 2318 vn.
1476 2298 1575 2329 quam
1591 2288 1649 2318 de-

956 2342 1046 2372 victo
1075 2340 1184 2371 Dario
1220 2337 1415 2369 Alexander
1442 2337 1477 2368 in
1509 2347 1648 2368 uxorem

957 2391 1074 2422 duxit:
1099 2390 1142 2420 de
1158 2398 1199 2420 ea
1214 2387 1273 2418 inf.
1289 2396 1372 2418 xm.
1387 2389 1417 2418 2.
1432 2389 1464 2417 7.
1489 2386 1647 2425 Bongars.

957 2439 1047 2471 Add.
1062 2439 1154 2470 Plut.
1168 2437 1307 2469 Alex.c.
1324 2439 1375 2467 36.
1388 2436 1520 2467 Bernec.
1551 2436 1647 2468 Junt.

957 2490 1114 2521 Barsinen
1137 2498 1212 2519 cum
1235 2486 1372 2518 Arrian.
1390 2490 1432 2518 *et
1447 2486 1539 2517 Plut.
1577 2487 1648 2517 De-

957 2541 1035 2571 hinc
1051 2539 1289 2578 Abdalonymus.
1333 2536 1418 2567 Mox
1437 2535 1594 2576 applicito,
1610 2540 1649 2567 ut

957 2600 1071 2631 supra,
1087 2588 1146 2619 iid.
1172 2588 1279 2618 Groev.
1310 2586 1421 2626 Bong.
1434 2591 1469 2617 et
1484 2586 1653 2617 Bernecc·

959 2641 1097 2672 edidere
1122 2639 1304 2673 Eumenem·
1334 2646 1408 2667 cum
1434 2640 1547 2667 tamen
1564 2645 1648 2667 xnl.

959 2695 989 2723 2.
1006 2694 1037 2722 8.
1055 2689 1253 2730 scripserint
1265 2686 1409 2718 Barsine.
1433 2686 1541 2716 Vetus
1551 2686 1649 2718 Junt.

960 2741 1014 2773 ed.
1032 2745 1119 2772 teste
1137 2739 1253 2770 Graev.
1281 2741 1317 2768 et
1342 2736 1397 2767 hic
1424 2736 1580 2767 Barsinen
1594 2737 1650 2768 ha-

959 2792 1029 2823 bet.
1072 2790 1152 2821 Fuit
1165 2798 1232 2819 non
1248 2787 1357 2826 Darii,
1381 2791 1420 2817 ut
1445 2796 1487 2817 ex
1502 2786 1650 2818 Arriano

961 2844 1115 2873 constare
1141 2848 1238 2879 posse
1261 2838 1428 2868 Bernecc.
1445 2841 1566 2877 putat;
1590 2839 1650 2870 sed

961 2890 1121 2923 Artabazi
1147 2889 1226 2928 filia,
1247 2892 1282 2919 et
1299 2886 1490 2919 Memnonis
1512 2887 1590 2920 dum
1606 2889 1652 2920 vi-
