2101 3419
572 334 766 365 Jus'rim
803 335 896 365 mu.
928 337 1067 366 xxiv.
1101 338 1204 367 CAP.
1234 326 1274 367 2.

204 419 273 451 lere
290 416 467 451 Cirrham.¹
505 417 663 448 Lactant.
681 417 712 448 in
728 417 816 449 Stat.
831 417 895 448 Th.

206 478 272 499 vn.
296 471 370 499 332.
415 467 426 484 ‘
451 467 635 498 Parnassus
662 467 696 497 in
726 467 792 497 duo
812 467 898 507 juga

204 519 378 558 dividitur,
414 517 448 548 in
487 517 637 548 Cirrham
673 522 709 548 et
746 517 897 558 Nysam!

210 569 310 600 Gron.

250 619 268 658 ξ
297 623 315 649 5
353 618 474 657 Areon]
527 617 584 648 Ita
612 618 705 649 Vett.
741 618 833 649 Plut.
864 618 897 648 in

206 669 340 709 Pyrrho
355 671 407 699 58.
427 673 462 698 et
487 667 589 699 Paus.
604 667 678 699 Att.
704 668 777 698 Rex
796 669 899 699 Lace-

207 718 447 748 daemoniorum
490 722 542 749 est
568 717 684 758 '‘Apsus.
739 719 899 757 Bongurs.

205 767 451 808 Spartanorum
479 767 533 798 ille
561 778 619 798 rex
647 767 732 799 fuit:
768 774 807 799 ut
833 779 898 799 non

205 821 336 848 tantum
350 827 391 847 ex
406 827 446 848 eo
457 818 569 858 colligi
583 818 665 848 licet
679 818 767 858 quod
782 818 848 849 dux
865 824 900 850 et

207 866 394 907 imperator
414 867 542 898 electus
559 873 621 907 est,
636 868 693 898 sed
710 873 746 899 et
758 868 846 909 quod
866 869 900 899 in

209 922 279 947 vet.
300 917 447 957 Prologo
468 918 524 948 lib.
543 927 618 948 xm.
655 919 756 958 Trogi
773 919 901 950 diserte

206 968 216 984 ‘
235 968 566 999 Lacedaemoniorum
588 969 665 999 rex’
697 971 901 1010 appellatur,

207 1027 306 1058 quem
320 1017 508 1058 Antigonus
523 1019 672 1050 Gonatas
685 1020 840 1051 Corinthi
853 1020 901 1050 in-

208 1067 393 1099 terfecerit.
425 1069 499 1099 Vor.

256 1118 353 1150 Urbes
367 1119 505 1159 sataque]
533 1120 616 1150 Mss.
630 1124 711 1158 tres,
722 1130 804 1161 quos
816 1121 902 1152 vidit

208 1168 319 1209 Bong.
347 1169 472 1200 habent
500 1169 615 1200 urbem.
669 1171 788 1209 Miror,
814 1171 901 1212 quod

211 1219 436 1258 neglexerint.
482 1219 569 1250 Nam
586 1225 621 1251 et
642 1220 696 1251 alii
718 1220 783 1251 nisi
805 1230 903 1252 unam

213 1269 329 1300 urbem
347 1270 385 1300 iis
402 1271 435 1300 in
451 1271 578 1311 campis
598 1271 767 1311 ignorant.
813 1273 904 1303 Plin.

211 1327 262 1350 lv.
274 1322 304 1350 3.
327 1320 337 1336 ‘
351 1320 450 1351 Ultra
460 1320 600 1351 Cirrhaei
610 1321 770 1352 Phocidis
782 1322 904 1362 campi,

214 1369 375 1408 oppidum
413 1370 562 1401 Cirrhae?
621 1369 710 1403 Add.
740 1373 842 1403 Paus.
871 1373 905 1402 in

212 1419 320 1451 Phoc.
353 1420 455 1458 Schef.

258 1470 276 1509 ξ
313 1472 333 1499 6
369 1469 499 1509 Sparsos
533 1470 645 1510 hostes,
674 1471 907 1512 ignorantesque

214 1521 328 1558 quanta
344 1529 450 1549 monus
464 1519 556 1558 esset]
593 1520 731 1560 Oppido
747 1520 907 1551 obscurus

214 1569 308 1599 locus
340 1575 410 1607 est;
453 1570 480 1599 si
504 1570 592 1600 enim
614 1573 623 1586 ‘
640 1570 850 1609 ignorantes’
874 1570 907 1600 in

215 1620 394 1650 accusandi
419 1629 497 1650 casu
513 1621 656 1660 legatur,
672 1621 908 1662 intelliguntur

216 1668 412 1710 G1·a²ci,qui
429 1676 510 1711 quot
529 1676 641 1702 essent
667 1678 838 1711 pastorum
861 1673 908 1713 ig-

214 1719 403 1758 norabant3
427 1721 475 1750 sin
501 1721 693 1751 nominandi
711 1731 802 1762 casu,
817 1722 909 1754 AEto-

217 1768 261 1798 li:
285 1770 410 1809 quippe
426 1770 483 1810 qui
497 1771 795 1812 nesciebant,quot
814 1773 909 1804 Grae-

216 1828 333 1850 corum
357 1826 482 1851 essent.
527 1821 616 1852 Quid
635 1822 661 1851 si
679 1821 806 1853 Auctor
819 1822 843 1853 f.
861 1823 910 1853 ita

218 1869 343 1909 posuit,
365 1875 402 1901 ut
431 1870 474 1901 de
500 1871 651 1912 utrisque
678 1871 910 1913 intelligatur?

222 1921 372 1951 Glareon.

258 1971 432 2002 Admodum
455 1980 561 2002 novem
582 1971 730 2012 millibus]
760 1972 838 2004 Hoc
854 1974 910 2003 ud-

215 2022 337 2051 modum
359 2031 379 2051 a
393 2021 496 2052 sciolo
515 2021 568 2051 hic
585 2028 666 2061 puto
682 2022 846 2053 intrusum
866 2033 909 2053 ex

213 2081 315 2112 supp.
354 2071 433 2102 Non
449 2071 549 2111 enim,
564 2081 639 2102 cum
656 2072 910 2113 conjunguntur

216 2121 325 2162 major
346 2121 520 2161 minorque
543 2131 714 2161 numeruS,
737 2123 770 2153 id
792 2123 910 2164 majori

218 2181 351 2213 quoque
366 2171 572 2212 soletjungi,
585 2172 662 2212 quia
684 2173 728 2204 id.
741 2172 910 2211 significat

218 2232 273 2263 ac,
289 2233 352 2254 non
369 2225 524 2264 amplius,
541 2224 628 2265 quod
649 2225 763 2264 inepte
789 2225 910 2265 majori

216 2282 356 2304 numero
370 2279 609 2314 apponeretur.
655 2274 729 2306 Liv.
745 2283 840 2305 xx11.
857 2277 910 2306 24.

219 2324 229 2340 ‘
245 2323 312 2354 Sex
335 2323 440 2354 millia
464 2324 612 2355 hostium
639 2333 740 2363 caesa,
762 2324 910 2366 quinque

218 2374 398 2406 admodum
422 2376 668 2408 Romanorum.'
691 2376 794 2415 Schef.
838 2377 911 2407 Irno

218 2426 379 2457 admodum
401 2431 466 2466 est,
483 2427 590 2468 quasi,
608 2427 758 2467 circiter,
785 2432 912 2467 praeter

220 2480 374 2517 propter,
409 2486 501 2517 saepe
537 2486 590 2518 ap.
628 2477 718 2508 Just.
754 2477 913 2518 aliosque.

224 2525 329 2558 Graev.

265 2577 282 2617 ᾗ
295 2579 314 2607 8
328 2577 414 2608 Filio
426 2577 495 2618 suo]
519 2577 704 2617 Antigone,
715 2586 786 2618 quae
800 2580 913 2608 tamen

223 2625 400 2658 Ptolemaei
424 2627 581 2668 privigna
609 2628 731 2660 verius.
764 2628 857 2659 Plut.
880 2628 914 2658 in

223 2677 355 2718 Pyrrho
371 2681 402 2710 6.
437 2679 537 2710 Bern.

268 2728 354 2759 CAP.
367 2737 406 2759 11.
429 2730 476 2769 §1
496 2729 710 2769 Cossandreae]
736 2728 821 2759 Haec
835 2727 914 2758 urbs

225 2783 325 2808 antea
341 2777 487 2818 Phlegra
503 2783 539 2809 et
553 2779 708 2809 Potidaea
722 2778 812 2808 dicta
827 2776 891 2808 fuit
906 2787 914 2815 ;

226 2837 355 2867 verum,
368 2829 445 2870 quia
461 2829 650 2860 Cassander
671 2829 845 2869 Antipatri
868 2828 914 2860 fil.

226 2885 327 2908 novos
343 2877 389 2909 ibi
406 2883 563 2919 posuerat
583 2879 732 2917 colonos,
749 2883 784 2910 et
800 2878 915 2910 urbem

1556 324 1641 367 923

947 417 1209 458 instauraverat,
1234 419 1443 451 Cassandrea
1467 420 1642 460 appellata

948 472 1011 498 est.
1044 469 1124 508 Leg.
1135 468 1244 500 Strab.
1264 470 1426 510 Excerpt.
1439 478 1505 500 vn.
1521 474 1556 500 et
1569 469 1642 499 Liv.

949 526 1047 548 xuv.
1078 520 1129 548 11.
1170 519 1308 550 Gronov.
1370 519 1467 551 Junt.
1506 529 1642 559 semper

949 567 1149 598 Cassandriae
1169 569 1273 604 urbis‚·
1302 569 1350 600 sic
1372 570 1381 586 ‘
1398 568 1642 605 Alexandrea,'

947 618 956 634 ⁴
975 617 1204 649 Alexandria)
1230 619 1335 649 Groev.

992 669 1042 708 §2
1059 667 1211 698 Simulato
1232 669 1349 709 umore]
1391 669 1559 700 Giinther.
1585 670 1640 700 Li-

949 719 1058 758 gurin.
1076 727 1111 748 x.
1124 721 1198 749 291.
1241 718 1249 734 ‘
1264 718 1368 749 Nulla
1384 719 1518 759 quidem
1535 720 1642 759 pestis

949 768 1055 806 magis
1072 772 1122 798 est
1138 777 1281 807 operosa
1304 767 1460 807 nocendi,
1477 769 1585 801 Quam
1602 769 1643 798 si-

949 819 1093 848 mulatus
1109 827 1212 858 amor,
1225 818 1429 859 nimiumque
1442 818 1644 849 domesticus

949 867 1075 898 hostis!
1100 868 1199 898 Bern.

995 918 1096 952 Quam
1111 917 1414 957 concordiaefraude]
1443 918 1533 948 Flor.
1551 927 1574 949 1.
1592 921 1645 949 16.

951 968 992 999 de
1016 974 1118 1009 gente
1140 970 1345 1001 Samnitum:
1377 970 1387 986 ‘
1402 969 1551 1000 Saltibus
1574 968 1646 999 fere

951 1025 986 1050 et
1002 1020 1166 1050 montium
1179 1019 1298 1050 frande
1319 1019 1553 1060 grassantem.'
1585 1020 1645 1051 Sil.

950 1079 1015 1100 vn.
1053 1071 1062 1087 ‘
1081 1070 1306 1111 Spargentem
1328 1070 1362 1100 in
1378 1070 1518 1100 vulnera
1539 1079 1646 1100 saevos

951 1119 1083 1150 Fraude
1099 1119 1188 1159 fugae
1215 1119 1384 1151 calamos?
1428 1120 1526 1152 Quod
1551 1126 1645 1159 noto,

953 1169 1032 1210 quia
1047 1179 1152 1209 genus
1168 1169 1325 1210 loquendi
1351 1170 1549 1201 insolentius
1574 1180 1648 1211 pos-

953 1224 1006 1251 set
1022 1225 1215 1260 suspectum
1232 1230 1317 1252 esse.
1347 1220 1451 1259 Schef.

996 1270 1042 1311 §4
1057 1269 1094 1300 Id
1101 1269 1208 1307 fucere
1217 1271 1265 1301 sui
1273 1271 1420 1311 muneris]
1442 1270 1518 1302 Vid.
1532 1275 1645 1302 notam

954 1319 996 1350 ad
1020 1329 1102 1351 xnt.
1123 1323 1154 1351 4.
1172 1323 1204 1351 9.
1237 1321 1417 1353 Berneccer.
1461 1321 1516 1352 Ad
1531 1322 1563 1352 h.
1581 1333 1650 1353 mo-

955 1369 1033 1400 dum
1061 1375 1096 1400 et
1120 1378 1200 1401 xm.
1218 1373 1250 1401 4.
1266 1374 1297 1402 9.
1320 1371 1407 1402 dixit
1429 1373 1438 1388 ‘
1454 1381 1573 1402 munus
1589 1372 1650 1402 im-

955 1420 1040 1460 perii
1072 1420 1229 1451 beneficii
1255 1421 1306 1451 sui
1333 1420 1469 1452 facere?
1506 1423 1549 1452 Et
1568 1422 1647 1453 Sen.

955 1479 1010 1501 111.
1032 1470 1153 1502 Benef.
1181 1473 1231 1502 18.
1282 1472 1291 1487 ‘
1308 1471 1473 1512 Adeoque
1504 1471 1648 1502 dominis

956 1520 1043 1552 servi
1059 1519 1223 1551 beneficia
1239 1525 1378 1560 possunt
1400 1521 1492 1561 dare,
1508 1526 1546 1552 ut
1561 1522 1650 1562 ipsos

957 1579 1048 1610 saepe
1064 1569 1222 1601 beneficii
1234 1571 1284 1601 sui
1296 1570 1462 1602 fecerint!
1495 1573 1550 1603 Sic
1563 1573 1650 1604 enim

955 1620 1086 1660 legend.
1114 1620 1264 1651 Gronov.
1287 1630 1337 1652 lv.
1376 1621 1459 1652 Obs.
1484 1626 1514 1654 9.
1539 1623 1651 1655 docet.

957 1670 1040 1702 Tac.
1057 1679 1116 1702 xv.
1131 1674 1184 1701 52.
1206 1671 1215 1688 ‘
1232 1671 1286 1702 Ne
1297 1671 1430 1703 delecto
1447 1672 1652 1713 imperatore

959 1721 1023 1751 alio
1036 1722 1085 1752 sui
1099 1722 1247 1752 muneris
1265 1731 1371 1762 remp.
1388 1721 1542 1755 faceret!
1569 1724 1652 1755 Pari

958 1770 1058 1801 modo
1081 1771 1197 1802 dicunt
1219 1772 1228 1788 ‘
1243 1772 1363 1802 alienae
1388 1773 1568 1812 potestatis
1595 1774 1653 1804 ali-

959 1820 1037 1862 quid
1054 1819 1190 1853 facere!
1228 1822 1306 1853 Vid.
1332 1823 1405 1854 Liv.
1429 1832 1493 1855 v11.
1511 1827 1563 1854 31.
1592 1824 1654 1854 Di-

959 1871 1048 1901 citur
1077 1876 1189 1902 autem
1227 1871 1236 1888 ‘
1255 1873 1307 1902 sui
1336 1874 1481 1904 muneris
1513 1874 1652 1915 facere‚'

957 1921 967 1937 ‘
986 1921 1037 1951 sui
1053 1920 1208 1952 beneficii
1224 1920 1338 1953 facere
1356 1923 1506 1964 aliquid,’
1520 1926 1653 1956 concise

959 1981 1033 2012 pro,
1048 1970 1163 2002 facere
1185 1977 1223 2002 ut
1236 1973 1363 2014 aliquid
1381 1974 1424 2004 sit
1438 1975 1487 2004 sni
1505 1976 1655 2006 muneris

959 2031 984 2051 s.
1001 2021 1169 2053 beneficii.
1207 2022 1326 2052 Phrasi
1339 2032 1402 2053 esse
1413 2024 1546 2054 muueris
1559 2024 1655 2054 olicu-

950 2072 1005 2110 jus
1017 2082 1093 2103 usus
1110 2073 1176 2104 Ov.
1195 2082 1271 2103 XIV.
1288 2073 1338 2104 M.
1362 2073 1372 2090 ‘
1384 2073 1538 2103 Numinis
1553 2074 1656 2104 instar

960 2122 1025 2153 eris
1060 2132 1193 2163 semper
1232 2122 1324 2161 mihi,
1360 2132 1483 2164 meque
1519 2122 1655 2155 fatebor

959 2173 1112 2203 Muneris
1128 2182 1201 2204 esse
1216 2172 1286 2204 tui.⁷
1326 2173 1398 2204 Vor.

1002 2224 1020 2263 ς
1051 2226 1069 2252 5
1104 2222 1386 2263 obsecrationibus]
1430 2224 1468 2254 F.
1493 2233 1593 2255 exsec.
1618 2228 1656 2255 ut

960 2272 1053 2304 Suet.
1084 2273 1226 2303 Claudio
1252 2276 1302 2304 12.
1349 2274 1358 2290 ‘
1375 2274 1534 2304 Senatum
1562 2275 1655 2315 quasi

960 2323 1164 2363 parricidam
1190 2322 1272 2354 diris
1297 2324 1585 2355 exsecrationibus
1609 2325 1657 2355 in·

960 2382 1094 2404 cessere
1110 2382 1177 2403 non
1191 2377 1269 2404 ante
1292 2372 1437 2413 destitit,
1458 2378 1577 2415 quam,’
1592 2377 1655 2405 ἃς.

964 2423 1064 2453 Gron.

1004 2473 1021 2513 ξ
1057 2475 1077 2503 7
1116 2472 1316 2512 Chodionem]
1368 2473 1464 2506 Junt.
1511 2475 1657 2505 Dionem.

964 2522 1077 2553 Graev.
1112 2522 1198 2552 Mss.
1225 2523 1424 2562 Quodionem,
1447 2523 1551 2563 Impr.
1580 2525 1658 2555 Dio-

963 2583 1041 2604 nem.
1063 2573 1208 2613 Utrique
1221 2573 1362 2604 vitiose:
1387 2573 1552 2604 scribend.
1568 2575 1657 2604 enim

967 2623 1142 2660 Codimzem,
1154 2622 1197 2653 ob
1210 2622 1369 2662 originem
1387 2623 1557 2663 Graecam,
1566 2625 1659 2665 qnasi

964 2673 1083 2704 Latine
1105 2674 1114 2690 ‘
1131 2672 1338 2703 Pellionem'
1364 2672 1506 2704 diceres.
1536 2674 1614 2706 Fab.

1009 2725 1025 2764 ξ
1048 2726 1067 2753 8
1092 2722 1229 2762 Sumptis
1243 2722 1275 2752 in
1290 2732 1397 2753 munus
1411 2723 1576 2764 altaribus]
1604 2724 1660 2756 Ita

966 2773 1054 2804 enim
1081 2772 1155 2803 fieri
1178 2782 1272 2810 mos;
1297 2772 1383 2803 unde
1403 2773 1523 2813 virgil.
1545 2776 1554 2791 ‘
1571 2775 1659 2806 Tali-

966 2823 1028 2854 bus
1058 2822 1176 2853 orabat
1199 2822 1311 2861 dictis,
1334 2831 1474 2863 arasque
1498 2824 1660 2855 tenebat!

966 2873 1079 2905 Plaut.
1104 2872 1191 2904 Rud.
1223 2882 1255 2904 v.
1276 2875 1309 2916 ᾖ.
1347 2872 1413 2904 ‘G.
1431 2874 1544 2915 Tange
1570 2884 1658 2906 aram
