2101 3419
563 358 759 391 JUSTlNl
794 359 887 389 [ΑΒ.

187 464 278 488 mum
308 453 530 492 Ferdinandi,
560 452 743 494 Aragoniae
776 455 813 484 et
839 452 890 484 Si·

192 506 281 538 ciliae
298 505 396 546 regis,
412 505 604 545 exemplum
629 502 733 534 refert
752 503 811 534 Th.
829 503 889 534 Fa-

190 556 294 587 zellus
311 554 352 586 de
370 555 452 585 Reb.
484 554 605 585 Siculis
629 552 749 584 decad.
775 557 890 593 poste-

191 605 271 636 rior.
287 604 344 635 lib.
361 613 412 635 lx.
435 604 536 635 Bern.

233 653 433 693 Mithridati]
450 654 590 684 Sextum
603 651 646 682 ab
660 650 790 682 Arsace
806 649 890 682 facit

191 704 292 736 Oros.
308 713 341 735 v.
360 706 392 734 4.
416 704 522 741 Bong.

230 754 309 785 Plus
322 753 420 792 regio,
435 761 526 792 quam
537 751 653 791 patrio,
664 749 732 791 δῖα]
759 749 887 781 Metius

190 803 234 835 ad
258 804 344 843 Imp.
381 802 535 833 Tacitum
561 811 615 841 ap.
647 801 828 841 Vopiscum
855 802 888 831 6.

187 852 198 870 ‘
214 853 340 892 Ingens
365 856 417 882 est
441 851 546 892 gloria
569 850 739 881 morientis
764 848 888 890 princi-

188 902 253 943 pis,
264 901 413 941 rempub.
429 901 534 941 magis
546 910 658 931 amare
670 910 768 941 quam
780 899 888 931 filios?

187 951 254 991 Ap.
265 951 347 982 Tac.
361 961 386 982 1.
401 954 455 982 42.
471 954 500 982 l.
518 950 762 982 Germanicus:
786 950 795 965 ‘
810 950 889 980 Non

189 1001 268 1033 mihi
290 1011 372 1032 uxor
395 1005 453 1032 aut
475 1000 563 1030 filius
588 1004 686 1040 patre
709 1003 745 1031 et
767 999 889 1040 repub.

189 1052 337 1084 cariores
353 1050 452 1082 sunt!
474 1051 573 1081 Ber-n.

233 1102 383 1133 CAP.VI.
407 1102 458 1142 §1
485 1099 684 1140 Eucratides]
718 1100 799 1140 Ejus
823 1109 890 1130 me-

188 1152 288 1183 minit
311 1152 433 1183 Strabo
455 1152 528 1183 init.
543 1151 602 1183 lib.
620 1160 684 1182 XV.
710 1155 746 1181 et
761 1150 818 1182 lib.
836 1159 889 1182 xr-

191 1202 295 1241 Bong.

235 1253 253 1292 ξ
276 1255 294 1282 3
319 1252 546 1291 Sogdianorum
576 1254 606 1281 et
637 1250 889 1289 Drangaritano-

191 1302 275 1342 mm]
298 1301 406 1333 Scrib.
424 1300 688 1339 Drangianorum.
709 1301 806 1331 Voss.
821 1301 888 1331 Ms.

193 1355 228 1381 et
249 1351 346 1383 Junt.
370 1350 592 1390 Sogdianorum
613 1353 642 1380 et
665 1350 891 1381 Arachotorum

191 1404 223 1431 et
239 1400 505 1440 Drangianorum.
539 1399 701 1431 Arachoti
716 1404 793 1430 sunt
805 1399 891 1431 Ara-

194 1449 311 1481 chosii.
355 1450 443 1480 Nam
477 1448 662 1480 Arachosia
698 1450 824 1481 dicitur
855 1454 891 1481 et

194 1498 386 1537 Arachotis‚
411 1503 446 1529 et
469 1497 588 1529 incolae
613 1498 795 1530 Arachoti:
820 1499 890 1530 vid.

191 1549 305 1580 Strab.
331 1553 367 1579 et
394 1548 512 1588 Steph.
556 1548 718 1588 Superius
748 1557 829 1579 xm.
857 1551 890 1579 4.

193 1603 352 1638 corrupte
364 1598 489 1638 legitur
501 1597 645 1628 Aracossi
660 1607 718 1638 pro
730 1598 890 1637 Araclwti,

195 1651 253 1678 aut
270 1647 444 1678 Arachosii.
468 1646 582 1678 Graev.
628 1647 726 1677 Voss.
749 1647 893 1685 Drangi-

192 1706 327 1727 anorum.
372 1697 473 1726 Vere.
506 1696 616 1728 Faber.
674 1697 789 1728 Codex
821 1697 888 1728 Ms.

194 1752 282 1779 teste
316 1747 424 1786 Bong.
455 1751 491 1776 et
520 1746 617 1778 Juut.
647 1750 736 1777 teste
775 1747 890 1778 Graev.

195 1797 422 1836 Sogdianorum
444 1799 475 1826 et
496 1795 718 1826 Arachotarum
738 1799 769 1826 et
786 1796 891 1827 Dran-

193 1846 368 1885 g-ianorum.
421 1844 604 1885 Ἀραχωτοῒ,
640 1845 815 1884 Arachofi,
853 1850 892 1877 ut

195 1895 355 1927 Arrianus
383 1897 547 1936 appellat,
582 1906 610 1927 s.
638 1894 825 1932 Arachosii,
855 1902 892 1928 et

194 1956 269 1987 sup.
287 1956 369 1977 xm.
394 1949 425 1977 4.
451 1950 504 1977 22.
528 1946 763 1977 nominantur:
788 1956 891 1987 quan-

195 2006 292 2037 quam
310 1996 357 2027 ibi
375 2006 416 2027 ex
441 1996 519 2027 edd.
541 1995 732 2036 vulgaribus
749 1997 893 2027 Arm-ossi

194 2050 375 2078 retentum.
420 2047 486 2078 Sed
510 2051 557 2086 et,
573 2047 628 2088 qui
644 2046 697 2077 hic
713 2047 892 2086 Drangari-

194 2097 262 2127 tani
290 2100 463 2136 vocantur,
483 2097 555 2137 jam
582 2106 683 2136 supra
705 2097 893 2137 memorati,

194 2151 229 2177 et
242 2146 374 2186 quidem
389 2147 536 2177 Drancae
549 2147 711 2187 appellati
723 2147 893 2180 videntur.

199 2195 302 2227 Vorst.
347 2196 432 2226 Mihi
456 2197 596 2227 duorum
620 2198 821 2237 populorum
837 2208 893 2229 vo·

195 2245 315 2276 cabula
343 2246 502 2276 videntur
524 2246 686 2276 coaluisse
717 2247 751 2277 in
781 2257 893 2280 unum.

196 2295 304 2326 Unius
325 2299 417 2326 certe
436 2305 548 2326 verum
564 2305 685 2327 nomen
700 2306 766 2326 non
788 2298 895 2328 Dran-

195 2344 473 2385 garitani‚verum
487 2345 636 2384 Drangae.
659 2345 793 2387 Itaque,
805 2347 894 2388 quod

920 358 1048 389 xnu.
1078 358 1185 388 cst.
1216 347 1255 388 1.
1534 343 1647 386 1019

943 450 1114 493 reliquum
1130 454 1183 483 est
1198 449 1233 481 in
1247 450 1310 492 hac
1327 457 1423 490 voce,
1437 447 1587 490 pertinet
1603 447 1647 479 ad

944 505 1080 542 gentem
1111 500 1223 532 aliam.
1267 499 1376 532 Quale
1414 503 1526 529 autem
1563 497 1647 529 illud

942 551 1061 590 fuerit,
1082 560 1170 581 nunc
1187 559 1253 581 non
1270 554 1325 580 est
1340 549 1446 580 otium
1463 548 1647 589 inquirere.

942 600 1047 638 Schef.
1073 600 1154 640 Sed,
1169 609 1245 630 cum
1261 600 1376 631 Juntae
1394 608 1525 640 quoque
1545 598 1650 629 Dran·

940 651 1104 689 gianorum
1132 650 1260 690 legant,
1289 649 1411 680 merito
1437 649 1511 679 illos
1538 647 1651 689 sequi·

942 710 1030 732 mur.
1055 701 1163 731 Graev.

974 750 1024 780 Ab
1039 748 1288 789 invalidioribus]
1303 747 1420 779 videri
1436 747 1541 787 possit
1553 748 1649 779 valid-

942 798 1172 838 scribendum,
1191 797 1270 838 quia
1292 796 1490 827 validiorem
1507 796 1649 826 invalidi

943 859 1009 880 non
1026 849 1235 890 opprimunt.
1278 847 1346 879 Sed
1371 847 1552 878 retinenda
1567 847 1648 879 lect.

941 899 1091 939 vulgata,
1119 907 1196 928 nam
1222 896 1423 928 invalidiores
1449 896 1576 927 debent
1602 897 1651 927 in-

941 950 1048 990 telligi
1079 958 1144 980 non
1177 952 1338 988 respectu
1370 947 1442 988 ejus
1473 947 1653 988 temporis,

942 1010 1009 1042 quo
1039 999 1215 1031 Bactriani
1243 998 1369 1030 redditi
1399 1002 1499 1029 erant
1528 1008 1650 1029 exsan-

943 1060 1025 1091 gues
1041 1060 1103 1091 per
1119 1050 1209 1081 belia
1224 1059 1300 1080 cum
1315 1048 1494 1089 Sogdianis
1512 1052 1548 1079 et
1564 1049 1651 1088 aliis,

944 1100 1003 1131 sed
1022 1100 1226 1141 reliquorum
1243 1099 1405 1137 omnium,
1425 1098 1547 1139 quibus
1563 1107 1651 1128 sem-

943 1160 1005 1191 per
1020 1149 1196 1182 Bactriani
1213 1159 1270 1180 eos
1287 1148 1495 1190 superabant
1509 1148 1651 1179 viribus.

943 1200 1050 1239 Schef.

986 1251 1003 1291 ξ
1026 1253 1046 1281 4
1071 1249 1232 1289 Adsiduz's,
1259 1247 1331 1289 Era]
1380 1248 1482 1279 Oros.
1513 1256 1565 1279 vr.
1595 1250 1650 1280 21.

944 1300 954 1318 ‘
973 1300 1020 1331 Hi
1048 1301 1211 1331 Vaccaeos
1243 1299 1315 1330 ads.
1347 1302 1458 1338 erupt.
1484 1297 1653 1338 populan-

945 1350 1024 1382 tur!

987 1400 1005 1440 ς
1029 1403 1047 1430 5
1075 1399 1137 1430 Per
1151 1399 1333 1438 sanguinem
1347 1398 1410 1436 ejus
1425 1407 1550 1429 currum
1566 1397 1649 1438 egit]

944 1450 1056 1489 Junge
1080 1449 1199 1479 Tulliae
1225 1449 1417 1488 exemplum
1445 1457 1501 1488 ap.
1527 1448 1598 1479 Liv.
1624 1457 1650 1480 1.

944 1501 998 1530 48.
1022 1503 1058 1530 et
1074 1499 1164 1530 Flor.
1178 1507 1201 1529 1.
1215 1501 1246 1530 7.
1262 1501 1294 1529 3.
1319 1498 1376 1528 ubi
1393 1498 1544 1529 Freinsh.
1569 1499 1650 1529 Ber.

988 1550 1005 1589 ς
1029 1552 1048 1580 7
1074 1548 1225 1588 Racasin]
1255 1549 1293 1579 F.
1311 1547 1525 1579 decurtatum
1540 1553 1593 1579 est
1607 1557 1651 1579 ex

944 1598 1150 1629 Bacabasum.
1176 1597 1261 1629 Fab.

985 1649 1003 1687 ᾧ
1026 1651 1045 1678 8
1072 1649 1280 1688 Elymaeornm
1308 1648 1395 1688 rege]
1440 1647 1495 1678 De
1530 1647 1650 1678 horum

944 1697 1102 1737 potentia
1117 1702 1152 1728 et
1170 1697 1312 1736 viribus,
1330 1697 1453 1738 quibus
1470 1696 1551 1728 freti
1569 1699 1653 1729 Par-

945 1747 1078 1778 thorum
1091 1747 1233 1787 imperia
1245 1747 1523 1788 contemnebant,
1535 1748 1650 1780 strab.

945 1804 1022 1827 XVI.
1038 1806 1072 1837 p.
1089 1798 1165 1827 512.
1181 1799 1234 1827 36.
1259 1797 1365 1835 Bong.

986 1847 1003 1887 ς
1026 1849 1046 1877 9
1071 1846 1240 1887 Arreptus]
1271 1847 1311 1878 In
1335 1848 1419 1878 Mss.
1446 1849 1571 1889 legitur
1585 1860 1651 1881 cor-

944 1900 1062 1936 reptus,
1074 1897 1161 1937 quod
1176 1897 1248 1927 sine
1262 1897 1363 1928 dubio
1377 1902 1428 1928 est
1442 1898 1651 1938 praeferend-

946 1946 1090 1976 Factum
1116 1950 1227 1977 autem
1254 1956 1297 1977 ex
1325 1957 1366 1978 eo
1393 1952 1547 1988 arreptus,
1572 1949 1652 1990 quia

945 1996 1065 2027 littera
1081 1995 1218 2026 initialis
1240 2006 1256 2027 c
1273 2006 1335 2037 per
1357 2007 1462 2038 praec.
1485 1998 1622 2030 finalem
1636 2009 1653 2031 e

945 2047 989 2078 ob
1021 2047 1277 2079 similitudinem
1306 2049 1429 2081 omissa
1457 2054 1522 2082 est.
1566 2052 1652 2082 Tum

946 2097 1034 2128 enim
1060 2107 1103 2128 ex
1128 2101 1281 2138 arreptus,
1309 2099 1399 2139 quod
1428 2105 1654 2141 remanserat,

945 2151 1088 2188 arreptus
1118 2157 1179 2188 per
1206 2149 1479 2181 emendationem
1514 2161 1561 2182 sc.
1597 2156 1654 2183 est

946 2197 1143 2230 formatum.
1173 2199 1279 2237 Schef.
1326 2201 1495 2240 correptus
1523 2201 1654 2233 stabilit

947 2249 1051 2279 etiam
1088 2248 1253 2281 Juntina:
1293 2249 1340 2281 sic
1371 2260 1446 2291 sup.
1479 2260 1589 2283 xxnl.
1619 2255 1653 2285 3.

947 2298 1042 2330 Suet.
1066 2299 1137 2331 Jul.
1161 2302 1214 2330 72.
1237 2303 1276 2330 ut
1301 2300 1433 2331 notavit
1459 2300 1587 2334 Scheff.
1617 2302 1653 2333 in

949 2347 1140 2380 Auctuario
1153 2348 1332 2381 Notarum.
1359 2351 1467 2384 Graev.

722 2656 941 2705 LIBER
981 2658 1158 2706 XLII.

244 2789 330 2820 CAP.
355 2798 380 2821 1.
412 2790 430 2830 ξ
459 2792 474 2820 l
513 2790 590 2820 Post
622 2792 737 2832 necem]
776 2791 785 2808 ‘
804 2792 900 2823 Nex'

201 2848 276 2872 raro
286 2841 440 2881 exemplo
454 2840 495 2872 de
506 2846 613 2873 morte
628 2843 784 2874 naturali.
810 2843 897 2874 Nam

955 2792 988 2824 in
1013 2793 1079 2824 fine
1103 2794 1162 2825 lib.
1180 2804 1282 2835 praec.
1298 2794 1422 2827 (licitur
1443 2796 1532 2828 hunc
1556 2797 1566 2815 ‘
1583 2797 1655 2831 fato

951 2844 1163 2876 decessisse!
1207 2846 1260 2877 Ita
1289 2846 1367 2877 Seu.
1393 2847 1434 2878 ad
1462 2848 1571 2880 Marc.
1598 2852 1652 2881 21.
