2174 3424
413 347 497 388 804

413 449 490 482 set!
523 450 625 482 Diod.
652 459 732 482 xvr.
757 453 810 483 43.
858 451 916 483 Καὶ
937 452 996 490 τὴν
1015 453 1112 492 δεξιὰν

413 499 505 531 ἔδωκε
526 502 570 539 τῷ
593 503 787 532 Θετταλιῶνι·
815 500 882 532 ἔστι
907 502 939 533 δὲ
962 503 982 540 ἦ
1009 503 1111 535 πίστις

413 549 491 587 αὐτὴ
524 549 720 588 βεβαιωτάτη
755 551 837 592 παρὰ
871 553 937 583 τοῖς
970 552 1111 593 Πέρσαις.

415 601 590 632 Gemistus
624 602 682 633 lib.
712 611 752 632 ιι.
788 603 947 642 Bongars.
1006 604 1110 636 Diod.

414 660 492 682 xvr.
506 654 559 682 43.
602 651 612 668 ‘
629 652 714 683 Haec
725 652 915 684 certissima
927 653 1008 684 fidei
1023 655 1111 694 apud

413 701 540 733 Persas
558 702 656 732 arrha
679 701 755 733 est.'
799 702 899 734 Unde
925 704 1037 735 lumen
1059 713 1113 735 ac-

414 752 500 793 cipit
527 752 617 793 quod
643 753 739 784 Curt.
763 762 812 784 Vl.
837 756 869 784 4.
896 756 949 784 23.
982 754 1113 794 scribit,

414 801 647 833 Alexandrum
662 804 672 820 ‘
684 802 798 843 fidem,
813 813 877 844 quo
891 803 1004 835 Persae
1022 814 1111 835 more

414 852 644 893 accipiebant,
661 853 854 884 Nabarzani
870 853 1027 886 dedisse!
1063 855 1113 885 Si-

413 902 540 933 militer
577 907 614 933 et
657 913 712 943 ap.
751 904 909 943 Parthos,
945 905 1112 945 Josephus

413 952 535 993 Antiq.
565 961 671 984 xvul.
701 956 752 984 12.
791 954 908 994 tradit,
942 954 951 971 ‘
976 954 1010 985 id
1041 965 1113 985 esse

413 1002 548 1033 fiduciae
597 1003 821 1034 certissimum
867 1008 1112 1044 argumentum.

415 1054 505 1084 Nam
524 1058 599 1093 post
628 1053 742 1084 datam
770 1054 924 1085 dextram
949 1055 1038 1094 apud
1056 1064 1113 1085 eos

414 1112 479 1134 nec
508 1102 628 1134 fallere
657 1103 707 1134 fas
734 1113 822 1143 esse,
851 1114 914 1135 nec
943 1103 1113 1143 diffidere,

416 1153 630 1184 cessantibus
666 1154 800 1185 omnino
839 1155 1112 1195 suspicionibus!

414 1201 507 1233 Add.
524 1203 644 1244 Virgil.
661 1204 711 1234 ΖΕ.
726 1213 782 1235 111.
799 1208 873 1236 610.
898 1205 987 1236 Plin.
1003 1205 1050 1235 H.
1066 1205 1111 1236 N.

414 1261 457 1283 n.
474 1255 526 1284 45.
554 1263 595 1284 m.
620 1254 703 1284 Tac.
718 1263 777 1284 xv.
798 1254 839 1285 A.
856 1257 907 1286 28.
941 1256 1112 1287 Camerar.

415 1302 503 1333 Hor.
520 1302 617 1332 Subs.
633 1311 674 1333 11.
691 1305 744 1333 46.
769 1303 901 1334 Ber-uec.

458 1351 669 1388 Seferemlatn
684 1353 863 1390 Alexandro
875 1353 964 1393 dare]
989 1354 1115 1385 Nescio

416 1411 458 1433 an
476 1403 556 1432 satis
572 1407 652 1442 apte
674 1403 735 1433 hoc
752 1403 898 1435 dicatur.
943 1405 1114 1435 Dextram

416 1461 496 1482 sane
510 1451 551 1481 ad
562 1450 791 1482 Alexandrum
805 1452 893 1483 ferre
904 1463 969 1483 non
983 1453 1114 1492 debuit,

415 1502 475 1532 sed
491 1502 610 1541 pignus
621 1502 755 1542 aliquod
769 1501 859 1533 fidei.
905 1503 998 1532 Malo
1011 1503 1115 1542 igitur

415 1552 718 1592 legereferendum,
735 1556 771 1582 ut
786 1552 829 1583 sit
843 1552 948 1583 ordo:
975 1553 1067 1582 Dare
1079 1562 1114 1583 se

418 1602 588 1642 dextram,
613 1603 735 1642 pignus
757 1601 849 1641 fidei,
870 1602 1047 1633 ferendum
1070 1601 1115 1633 A-

416 1652 593 1683 lexandro.
639 1652 853 1691 Pignusserre
862 1654 900 1682 ad
912 1653 1042 1692 aliquem
1056 1662 1115 1683 usu

417 1707 470 1732 est
495 1706 682 1742 receptum,
704 1711 770 1732 non
792 1701 840 1732 ita
854 1701 944 1739 ferre
963 1703 1115 1733 dextram.

417 1751 533 1783 Schef.

462 1802 627 1842 Porrecla]
683 1803 775 1834 Plut.
804 1802 903 1834 Alex.
932 1806 984 1834 77.
1035 1808 1116 1842 Λαμ-

418 1852 583 1890 βανόμενος
604 1854 660 1889 τῆς
681 1853 737 1883 τοῦ
763 1852 983 1894 Πολυστράτου
1003 1854 1115 1894 χειρὸς,

419 1902 565 1941 ἐξέλιπεν.
611 1903 705 1933 Pene
723 1903 858 1942 fugerat
875 1913 927 1934 me
946 1909 1065 1935 notare
1082 1905 1115 1934 in

418 1952 503 1983 Mss.
532 1954 658 1993 Δαρεῖον
674 1962 748 1983 esse
773 1953 924 1991 Dareum,
941 1965 966 1983 ει
987 1953 1018 1982 iu
1035 1963 1061 1989 e,
1079 1957 1115 1984 ut

419 2013 474 2043 ap.
513 2003 636 2033 Horat.
672 2007 708 2033 et
744 2002 930 2033 Auctorem
964 2007 1115 2033 nostrum

419 2052 429 2069 ‘
448 2051 688 2091 Alexandrea,’
715 2056 749 2082 et
773 2051 833 2082 inf.
857 2053 866 2069 ‘
885 2052 1115 2083 Cassandrea’

421 2110 525 2132 xxiv.
552 2104 583 2131 2.
617 2105 646 2132 1.
697 2102 827 2133 Graecis
849 2101 1057 2142 Ἀλεξάνδρεια
1083 2108 1118 2134 et

420 2149 641 2190 Κασσάνδρεια.
686 2152 731 2182 Et
755 2152 764 2168 ‘
780 2151 936 2183 balneum
948 2152 956 2164 '
977 2152 1051 2183 iisd.
1067 2159 1119 2183 est

419 2203 594 2236 βαλανεῖον.
617 2201 724 2241 Bong-

867 360 1007 390 NOTAE
1040 361 1306 394 VARIORUM
1340 364 1392 394 1N

1209 455 1227 490 Q
1254 457 1292 486 15
1323 456 1592 497 Corpusqice,85c.]
1635 456 1730 487 Plut.
1760 456 1859 489 Alex.

1167 513 1200 544 p.
1219 507 1313 537 1266.
1357 505 1433 536 Τότε
1459 506 1492 537 δὲ
1517 507 1573 536 τοῦ
1591 505 1721 546 Δαρείου
1748 506 1786 536 τὸ
1802 506 1860 545 μὲν

1165 556 1252 593 σῶμα
1267 555 1492 595 κεκοσμημένον
1515 559 1684 593 βασιλικῶς
1705 555 1780 597 πρὸς
1803 556 1860 594 τὴν

1164 604 1280 645 μητέρα
1300 605 1490 639 ἀπέστειλεν.

1209 655 1370 695 Reliquias
1386 657 1450 695 ejus
1462 657 1609 696 majorum
1624 657 1750 688 tumulis
1764 657 1861 695 infer-

1164 706 1194 736 ri
1202 705 1315 745 jussit]
1359 707 1519 747 Reliquias
1533 707 1595 746 ejus
1612 708 1792 738 Blancard.
1809 708 1859 738 in-

1165 754 1310 785 ducend.
1323 756 1507 795 existimat,
1522 757 1531 773 ⁴
1545 757 1623 797 quia
1635 757 1724 797 apud
1738 758 1860 788 Persas

1166 805 1267 835 moris
1301 804 1404 837 fuerit
1440 806 1607 837 cadavera
1641 816 1719 837 cera
1755 806 1862 838 oblita

1166 854 1306 893 humari,
1318 865 1383 886 non
1401 865 1483 895 rogo
1497 856 1623 896 imponi
1639 861 1675 887 et
1696 856 1863 887 cremari.'

1167 905 1246 936 vid.
1260 906 1367 937 Notas
1380 906 1452 946 ejus
1464 906 1505 936 ad
1519 906 1654 938 Arrian.
1670 916 1726 938 111.
1751 907 1862 938 Addit

1166 955 1260 994 item,
1289 956 1298 973 ·“
1323 960 1381 986 aut
1400 954 1558 997 παρόραμα
1587 955 1690 988 fuisse
1719 957 1862 996 Justini,

1167 1010 1225 1036 aut
1238 1010 1331 1036 certe
1347 1005 1561 1037 librariorum
1577 1007 1661 1046 ejus,
1679 1007 1861 1038 Persarum

1167 1055 1353 1094 sepeliendi
1386 1065 1512 1086 morem
1549 1065 1568 1087 e
1602 1057 1670 1087 ritu
1707 1061 1860 1088 externae

1167 1104 1278 1144 gentis
1297 1113 1474 1144 perperam
1491 1106 1710 1146 interpretari
1723 1107 1863 1147 cupien-

1168 1153 1275 1184 tium.'
1321 1154 1476 1185 Credidit
1491 1156 1644 1186 nimirum
1661 1157 1723 1187 Vir
1739 1157 1783 1187 cl.
1799 1166 1862 1197 per

1165 1203 1322 1243 reliquias,
1344 1213 1410 1234 non
1425 1205 1532 1244 ipsum
1550 1214 1685 1245 corpus,
1702 1207 1775 1243 sed,
1788 1215 1862 1246 quae

1169 1263 1223 1293 ap.
1240 1254 1407 1284 Romanos
1424 1259 1501 1294 post
1516 1255 1756 1286 cremationem
1772 1255 1864 1295 lege-

1169 1303 1303 1338 bantur,
1315 1313 1390 1333 ossa
1401 1304 1622 1343 intelligenda
1634 1314 1719 1336 esse.
1736 1305 1862 1336 verum

1169 1363 1232 1393 per
1268 1353 1415 1393 reliquias
1450 1352 1620 1385 ,lustinum
1654 1353 1737 1384 nihil
1774 1354 1864 1385 aliud

1169 1412 1266 1443 quam
1283 1403 1390 1443 ipsum
1418 1412 1542 1443 corpus
1569 1403 1744 1443 denotare,
1766 1404 1865 1435 intel·

1168 1453 1228 1492 ligi
1259 1457 1374 1492 potest
1404 1462 1446 1483 ex
1487 1462 1528 1484 eo
1566 1453 1654 1494 quod
1689 1453 1868 1493 praecedit,

1170 1504 1179 1520 ‘
1198 1512 1322 1543 corpus
1345 1505 1439 1543 regio
1466 1512 1560 1533 more
1584 1502 1720 1543 sepeliri
1736 1502 1865 1543 jussit.’

1170 1553 1336 1585 Quoniam
1374 1553 1484 1593 ipsum
1529 1562 1652 1593 corpus
1696 1553 1866 1593 sepultum

1170 1600 1273 1633 fuisse
1300 1602 1484 1642 significat,
1499 1613 1566 1634 non
1591 1607 1705 1643 potest
1722 1604 1867 1644 reliquia-

1169 1661 1238 1682 rum
1268 1661 1365 1691 voce,
1396 1662 1470 1693 quae
1501 1653 1663 1693 sequitur,
1687 1653 1867 1694 designare

1170 1702 1240 1732 sola
1256 1711 1341 1741 ossa,
1357 1712 1432 1743 quae
1458 1707 1536 1743 post
1552 1703 1792 1734 cremationem
1816 1713 1869 1734 re-

1170 1752 1378 1790 manserint3
1416 1752 1475 1783 sed
1507 1762 1644 1784 necesse
1675 1759 1727 1784 est
1750 1763 1867 1785 vocem

1172 1812 1244 1833 eam
1277 1803 1443 1843 superiori
1469 1805 1478 1820 ‘
1496 1803 1665 1843 corporis'
1692 1802 1869 1843 ι’σοδύναμον

1171 1861 1256 1883 esse.
1283 1853 1345 1883 ›Et
1370 1862 1411 1883 ne
1438 1853 1582 1884 insolens
1607 1853 1671 1884 hoc
1700 1853 1869 1894 videatur,

1172 1907 1353 1942 reputetur
1374 1902 1470 1941 illud,
1494 1903 1584 1944 quod
1614 1913 1690 1943 sup.
1712 1912 1764 1935 1x.
1785 1906 1817 1935 4.
1835 1907 1867 1935 4.

1170 1962 1280 1991 corpus
1315 1956 1350 1982 et
1392 1952 1540 1992 reliquias
1571 1952 1647 1983 itid.
1682 1953 1869 1993 conjunxit,

1171 2003 1390 2043 scripsitque,
1443 2005 1452 2020 ‘
1485 2003 1583 2033 Bello
1615 2008 1868 2034 consumtorum

1171 2062 1311 2092 corpora
1327 2053 1512 2092 sepulturae
1526 2052 1684 2092 reddidit,
1697 2053 1869 2094 reliquias-

1172 2112 1236 2143 que
1254 2102 1409 2133 funerum
1431 2108 1468 2133 ut
1483 2103 1523 2133 ad
1538 2103 1694 2143 sepulcra
1705 2104 1867 2144 majorum

1172 2151 1360 2191 deferrent,
1390 2153 1480 2183 ultro
1511 2152 1667 2183 hortatus
1691 2153 1768 2184 est.’
1811 2153 1867 2185 Ad

1171 2212 1270 2244 quem
1286 2203 1308 2234 1.
1323 2202 1398 2233 itid.
1416 2204 1524 2234 Notas
1541 2202 1610 2233 vid.
1648 2203 1751 2234 Vorst.

951 2455 1169 2504 LIBER
1215 2456 1346 2503 XII.

465 2596 597 2628 CAP.1.
622 2598 639 2638 ξ
664 2600 679 2628 l
706 2597 990 2636 BIagnisstmerum
1004 2598 1121 2638 impen-

421 2646 464 2676 sis
478 2646 609 2686 extulit]
648 2647 723 2678 Hoc
741 2653 860 2686 postea
884 2647 968 2678 fecit
991 2653 1026 2679 et
1045 2648 1120 2678 Plri-

422 2695 534 2735 lippus
551 2706 605 2735 ap.
622 2696 692 2727 Liv.
706 2705 814 2727 xxxi.
831 2699 927 2727 34.1.
944 2697 1001 2727 ubi
1018 2697 1121 2728 etiam

423 2755 525 2776 causa
541 2745 623 2776 facti
638 2746 803 2777 redditur.
850 2746 938 2778 Add.
954 2747 1062 2778 Notas
1077 2746 1120 2777 ad

426 2803 476 2825 xl.
491 2798 522 2826 ὃ.
541 2798 591 2826 13.
617 2796 715 2826 Beru.

470 2848 487 2884 ξ
514 2848 534 2875 2
567 2845 630 2880 Qui
652 2845 881 2885 supet-sueram]
924 2846 1009 2877 mss.
1031 2846 1119 2876 Bon-

429 2895 539 2934 gursio
572 2895 627 2926 visi
651 2895 821 2927 habebant
847 2905 956 2937 supera
979 2895 1121 2934 suerunt.

1175 2597 1259 2629 Inde
1287 2597 1420 2638 colligo,
1456 2597 1628 2637 vulgatam
1661 2597 1871 2638 glossatoris,

1176 2657 1288 2678 veram
1305 2647 1432 2679 Justini
1456 2648 1535 2679 lect.
1552 2658 1627 2678 esse
1643 2652 1872 2688 superaverant.

1175 2697 1227 2728 De
1245 2697 1348 2728 verbo
1371 2700 1380 2714 ‘
1397 2697 1576 2736 superare'
1593 2707 1666 2738 pro,
1681 2708 1871 2738 superesse,

1175 2753 1255 2778 nota
1272 2747 1394 2778 omnia.
1429 2746 1530 2785 Schef.

1217 2798 1233 2837 ξ
1253 2799 1271 2826 3
1303 2796 1438 2827 Pecunia
1463 2797 1560 2827 omnis
1583 2805 1679 2828 cmii.
1704 2797 1802 2827 millia
1827 2800 1874 2828 la-

1176 2847 1325 2877 Ientorum
1353 2856 1392 2876 ex
1428 2846 1559 2876 victoria
1587 2856 1683 2886 nuper
1713 2848 1872 2888 congesta]

1177 2896 1286 2928 Nimis
1311 2905 1448 2936 magnus
1472 2897 1524 2928 hic
1542 2897 1674 2928 videtur
1699 2907 1870 2929 numerus-
