2174 3424
678 371 873 403 ws'rmi
908 371 1001 402 Lus.
1036 373 1064 402 1.
1097 372 1204 404 cAP.
1235 364 1277 404 7.

260 468 354 512 quasi
369 470 447 509 post
461 475 555 498 arma
577 469 614 498 et
634 465 760 497 bellum
783 465 892 497 locum
909 466 955 496 le-

260 520 358 561 gibus
383 517 640 560 reliquissent3'
673 528 746 560 pro,
775 522 953 560 postquam

259 579 353 601 arma
373 569 446 610 jam
475 573 611 609 sumpta
645 572 734 600 sunt.
789 568 954 600 Similiter

258 621 351 660 Nep.
369 619 444 651 Att.
460 621 490 650 9.
505 622 538 649 5.
562 620 571 636 ‘
589 618 711 660 Neque
727 622 807 659 post
821 618 954 649 calami-

259 675 366 703 tatem
381 678 554 701 versuram
569 668 684 701 facere
701 668 839 710 potuit.'
863 668 953 700 Vide

258 725 294 753 et
309 720 385 752 Ind.
402 720 436 751 in
453 720 544 760 Nep.
560 729 594 751 v.
620 720 706 751 Post.
728 719 812 751 Vor.

300 771 433 802 Am'mus
457 771 608 802 exercitui
628 770 695 809 ejus
716 769 859 811 accessit]
881 768 953 800 Fri-

259 825 319 862 get
332 821 386 853 hic
398 820 436 852 τὸ
450 821 525 860 ejus.
551 821 620 852 Cur
631 824 836 862 respuerunt
847 820 954 861 serip-

259 876 368 903 turam
383 870 509 902 veteris
524 870 626 902 libri?
648 881 699 903 an.
723 880 773 902 ex.
797 873 828 901 et
850 870 898 901 vis
922 881 953 903 a.

263 922 318 954 Vis
329 925 391 961 est,
404 922 525 962 virtus,
537 920 713 953 fortitudo.
738 920 835 962 Virg.
851 921 860 938 ‘
874 920 953 952 Non

256 981 297 1003 ea
314 972 363 1003 vis
378 970 509 1003 animo!
551 972 651 1013 Saepe
678 971 726 1003 sic
750 981 806 1012 ap.
834 971 953 1003 Nostr.

258 1025 294 1052 et
308 1021 401 1053 alios.
427 1021 535 1053 Graev.

300 1072 318 1111 §
343 1074 382 1103 13
406 1072 530 1103 Matres
545 1075 576 1103 et
591 1081 714 1111 uxores,
737 1071 806 1111 ξω]
828 1070 952 1102 Refert

257 1124 294 1152 et
323 1121 417 1153 Plut.
443 1120 561 1152 libello
587 1121 631 1152 de
654 1121 744 1152 Virt.
769 1121 952 1152 Mulierum

257 1181 334 1213 cap.
357 1176 388 1204 9.
411 1173 569 1212 Bongars.
613 1173 690 1205 Nec
716 1173 882 1204 absimilia
908 1172 952 1204 de

256 1222 435 1254 Germanis
446 1223 526 1254 Tac.
540 1232 615 1264 cap.
629 1226 660 1255 8.
676 1223 786 1264 princ.
809 1224 908 1254 Bern.

298 1274 371 1313 §15
396 1273 508 1312 Pacta,
522 1273 592 1313 Qu]
614 1273 706 1304 Saxo
733 1282 800 1304 vn.
828 1283 860 1314 p.
877 1275 950 1304 138.

256 1325 310 1354 29.
326 1323 335 1340 ‘
350 1323 576 1363 Impressione
588 1321 684 1355 facta
698 1323 740 1354 ad
753 1332 828 1354 eum
841 1323 952 1354 acrius

255 1372 485 1413 impetendum
501 1373 630 1414 pudore
645 1374 836 1414 coguntur.’

299 1424 317 1463 ξ
334 1425 375 1454 16
399 1424 604 1463 Nepotemque
619 1423 653 1454 in
667 1423 720 1454 illo
739 1423 840 1463 magis
861 1433 950 1464 quam

255 1473 400 1505 victorem
422 1473 501 1513 egit]
524 1474 629 1504 Bech.
654 1478 690 1505 et
715 1474 772 1504 alii
799 1484 859 1514 pro
885 1475 951 1514 egit

255 1522 384 1554 habent
405 1532 437 1554 se
449 1523 560 1561 gessit.
582 1524 697 1554 Vorst.
742 1523 874 1555 Notant
889 1534 951 1564 pro

255 1572 319 1604 hoc
343 1572 409 1611 egit
430 1572 514 1603 alios
529 1571 656 1603 habere
680 1582 712 1604 se
731 1573 840 1617 gessit.
884 1575 951 1606 Ve-

257 1632 331 1653 rum
359 1622 422 1653 hoc
452 1632 494 1652 ex
532 1621 712 1654 manifesta
739 1624 850 1663 glossa
884 1629 949 1656 est.

256 1672 357 1706 Quod
374 1677 558 1714 propterea
571 1673 711 1704 notand.
738 1678 777 1705 ut
801 1674 863 1705 sub
884 1675 951 1706 cla-

255 1723 386 1754 rissimo
412 1723 567 1763 exemplo
593 1728 722 1765 pateat,
743 1733 808 1755 non
831 1735 950 1766 parum

256 1772 369 1804 damni
394 1773 566 1814 accepisse
590 1775 749 1806 Nostrum
770 1775 812 1807 ab
832 1776 951 1808 intem-

255 1823 389 1864 pestiva
403 1824 626 1865 glossatorum
637 1835 747 1858 manu.
772 1826 874 1858 Certe
887 1828 950 1859 sic-

254 1878 294 1905 ut
316 1875 348 1906 h.
375 1874 410 1906 in
437 1875 460 1906 l.
490 1885 582 1914 agere
606 1876 764 1917 rictorem,
796 1877 846 1909 ita
868 1878 949 1909 alibi

251 1927 378 1964 ‘agere
405 1926 712 1967 propugnatorem,’
745 1930 869 1968 ‘agere
896 1933 947 1959 tu-

253 1972 386 2014 torem,'
408 1976 596 2015 usurpavit,
619 1976 709 2017 quod
734 1977 817 2008 satis
838 1978 948 2018 arguit

252 2033 326 2056 esse
340 2034 446 2066 genus
460 2026 523 2058 hoc
538 2026 681 2059 Auctori
694 2033 810 2061 nostro
830 2038 948 2071 recep-

252 2079 336 2107 tum.
359 2075 463 2114 Schef.

293 2126 447 2157 Maximae
468 2126 575 2167 genti]
606 2128 804 2160 Lectionem
830 2130 947 2170 vulga-

252 2180 333 2217 tam,
357 2187 456 2219 quam
480 2178 610 2219 Cujacii
626 2179 734 2210 codex
749 2184 785 2211 et
801 2179 946 2212 Orosius

251 2237 278 2259 1.
307 2231 358 2260 19.
393 2230 629 2271 comprobant,
661 2236 822 2273 sequutus
860 2242 946 2265 sum.

251 2279 350 2311 vett.
368 2280 458 2311 enim
475 2280 630 2322 plerique
654 2290 714 2322 pro
728 2279 874 2314 niaximae
890 2283 946 2314 ha-

248 2328 332 2361 bent
348 2330 509 2362 decimum.
554 2331 607 2361 Ex
628 2340 712 2362 voce
731 2332 878 2363 maximae
893 2342 945 2363 so-

250 2380 319 2412 lum
334 2382 368 2412 X
382 2381 471 2414 forte
486 2387 694 2414 remanserat
709 2383 742 2414 in
759 2393 800 2415 eo
822 2383 882 2415 lib.
902 2393 946 2415 ex

251 2440 318 2471 quo
347 2431 446 2463 multi
472 2432 594 2464 deinde
624 2434 839 2475 transscripti
855 2438 946 2474 sunt,

250 2481 384 2512 caeteris
407 2481 528 2513 litteris
553 2483 667 2524 aliquo
693 2493 773 2515 casu
800 2483 945 2523 deletis3

250 2539 292 2561 ea
306 2535 387 2562 nota
404 2531 547 2563 librariis
564 2532 745 2573 imposuit:
769 2533 803 2564 in
819 2534 863 2566 cl.
878 2534 946 2565 Pu-

249 2580 343 2611 teani
372 2582 441 2614 Ms.
479 2583 604 2623 legitur
630 2584 745 2615 ducem.
777 2584 945 2625 Bongars.

250 2631 395 2672 Legitur
423 2636 458 2664 et
492 2633 628 2665 maxime
662 2634 698 2665 in
734 2634 789 2666 ed.
828 2635 946 2667 Colon.

251 2680 407 2721 Gymnic.
422 2687 460 2713 ut
476 2687 510 2714 et
525 2683 547 2716 J
550 2684 677 2716 untina.
702 2684 807 2716 Groev.

292 2731 310 2771 ᾗ
327 2733 366 2762 17
383 2732 449 2763 Hic
459 2732 541 2774 finis
556 2734 718 2765 Medorum
732 2734 854 2775 imperii
861 2734 943 2773 fuit.

249 2780 471 2820 Regnaverant
483 2793 578 2814 annos
593 2784 706 2825 coen]
729 2784 802 2816 Imo
825 2795 944 2816 secun-

249 2830 330 2862 dum
357 2833 526 2864 calculum
551 2834 733 2866 certiorem
763 2835 945 2873 Herodoti,

251 2884 382 2913 tantum
397 2892 500 2915 annos
518 2887 590 2916 128.
612 2885 832 2925 imperarunt.
873 2886 942 2917 Sed

251 2931 433 2966 Marsham.
447 2934 547 2967 docte
557 2935 706 2967 ostendit
719 2939 749 2969 4.
765 2935 942 2969 Medorum

1616 362 1702 404 633

1007 474 1103 506 reges
1134 465 1249 506 fuisse,
1282 466 1483 508 illorumque
1522 467 1699 508 imperium

1005 516 1110 548 fuisse
1130 520 1201 548 150.
1224 527 1399 549 annorum.
1436 518 1513 549 Vid.
1528 519 1619 550 illius
1636 519 1701 550 Ca-

1006 576 1085 598 non.
1101 567 1261 599 Chronol.
1276 568 1363 598 Saec.
1379 576 1470 598 xvn.
1497 569 1604 600 Groev.

1050 617 1137 649 CAP.
1153 626 1218 648 vu.
1249 618 1266 657 ᾧ
1293 620 1309 648 1
1344 617 1442 648 Initio
1466 619 1557 657 regni.
1584 619 1701 660 Cyrus]

1007 667 1116 708 Cyrus
1128 667 1277 698 creditur
1289 667 1416 708 primus
1430 677 1490 698 rex
1502 667 1606 699 fuisse
1621 670 1702 699 Per-

1004 727 1129 749 sarum.
1174 718 1240 749 Sed
1267 728 1322 759 ap.
1348 719 1459 750 AEsch.
1484 719 1518 750 in
1545 720 1643 752 Pers.
1665 731 1698 753 v.

1004 770 1081 800 767.
1103 768 1170 800 duo
1195 773 1500 800 commemorantur
1528 770 1584 810 qui
1607 771 1700 802 illum

1006 822 1274 850 antecesserunt.
1318 819 1422 856 Μῆδος
1435 819 1495 859 ’γὰρ
1508 818 1545 857 ἧν
1557 821 1573 850 ὁ
1584 823 1702 861 πρῶτος

1005 867 1127 907 ἡγεμὼν
1151 869 1297 909 στρατοῦ.
1324 869 1443 901 Ἄλλος
1457 871 1482 901 δ’
1498 870 1611 902 ἐκείνου
1629 874 1702 904 παῖς

1004 919 1066 951 τόδ’
1090 918 1180 960 ἔργον
1203 920 1307 957 ἤνυσε.
1359 921 1464 962 Τρίτος
1488 923 1513 953 δ’
1536 923 1586 954 ἀπ’
1610 925 1702 955 αὐτοῦ

1005 971 1112 1011 Κῦρος,
1126 970 1271 1010 εὐδαίμων
1285 970 1370 1012 ἀνὴρ.
1415 973 1528 1004 Medus
1545 977 1613 1005 erat
1632 975 1701 1015 pri—

1003 1030 1070 1059 mus
1082 1021 1147 1051 dux
1158 1021 1324 1052 exercitus.
1352 1022 1443 1053 Alter
1454 1023 1518 1061 ejus
1520 1023 1613 1064 filius
1628 1034 1701 1064 opus

999 1071 1144 1112 perfecit.
1174 1072 1298 1103 Tertius
1312 1071 1349 1103 ab
1365 1073 1418 1104 illo
1431 1073 1532 1114 Cyrus
1537 1073 1624 1112 felix
1638 1075 1699 1106 vir.

1003 1121 1090 1152 Tum
1116 1121 1263 1163 reliquos
1289 1122 1369 1154 inde
1395 1123 1576 1155 Persarum
1603 1135 1699 1165 reges

1003 1176 1159 1202 recenset
1171 1181 1279 1212 usque
1293 1172 1335 1203 ad
1349 1173 1512 1205 Xerxem.
1530 1175 1618 1206 Haec
1632 1175 1698 1215 pri-

1002 1231 1075 1252 mus
1089 1221 1285 1254 observavit
1297 1223 1344 1253 ill.
1361 1224 1548 1255 Marsuam.
1565 1225 1598 1255 in
1613 1225 1697 1257 Can.

1004 1271 1128 1303 Chron.
1145 1272 1203 1313 qui
1228 1277 1264 1304 et
1287 1272 1403 1304 docuit
1429 1274 1522 1305 illum
1547 1275 1700 1315 Medum,

1004 1321 1061 1361 qui
1078 1321 1206 1362 primus
1223 1327 1418 1354 recensetur
1429 1323 1463 1354 in
1478 1324 1566 1355 serie
1580 1334 1698 1365 regum

1004 1371 1233 1412 Persicorum,
1271 1383 1346 1404 esse
1375 1373 1515 1405 Darium
1544 1375 1698 1413 Medum,

1003 1422 1099 1462 cujus
1128 1432 1220 1463 saepe
1249 1424 1442 1456 meminerit
1473 1425 1609 1465 Daniel,
1642 1427 1699 1467 qui

1003 1481 1069 1504 non
1084 1472 1148 1504 fuit
1162 1473 1383 1515 Babylonius,
1397 1475 1456 1506 sed
1469 1476 1603 1508 Medus.
1631 1477 1698 1508 Cu-

995 1522 1052 1562 jus
1076 1523 1178 1554 etiam
1199 1525 1352 1556 meminit
1374 1525 1508 1565 Suidas,
1528 1536 1603 1557 cum
1628 1527 1697 1558 ait:

1003 1573 1106 1609 Μῆδος
1123 1573 1272 1609 βασιλεὺς
1294 1576 1430 1615 Περσῶν,
1455 1576 1569 1606 Illedus
1588 1576 1697 1617 Baby-

1001 1622 1150 1654 laniorum
1164 1633 1232 1655 rex.
1276 1625 1321 1655 Et
1338 1625 1372 1655 in
1388 1625 1538 1665 Δαρεικοί·
1560 1625 1626 1656 Εἰσὶ
1640 1626 1697 1666 μὲν

1000 1673 1115 1712 χρυσοῖ
1125 1674 1274 1713 στατῆρες
1286 1673 1315 1704 οἱ
1328 1674 1468 1715 Δαρεικοὶ
1489 1675 1543 1706 οὐκ
1558 1675 1617 1707 ἀπὸ
1632 1681 1695 1708 Δα-

999 1722 1078 1763 ρείου
1091 1723 1147 1754 τοῦ
1161 1722 1270 1764 Ξέρξου
1283 1723 1410 1765 πατρὸς,
1431 1726 1502 1756 ἀλλ’
1524 1726 1575 1766 ἀφ’
1591 1727 1696 1768 ἑτέρου

999 1771 1081 1804 τινὸς
1089 1773 1293 1815 παλαιοτέρου
1309 1774 1455 1810 βασιλέος
1465 1775 1694 1816 ὠνομάσθησαν.

999 1823 1115 1854 Darici
1133 1827 1205 1855 sunt
1225 1828 1355 1856 stateres
1369 1826 1467 1865 aurei,
1478 1837 1537 1858 non
1555 1837 1573 1858 a
1592 1828 1695 1859 Dario

1001 1874 1122 1904 Xerxis
1142 1877 1247 1914 patre,
1265 1877 1318 1906 sed
1333 1875 1371 1906 ab
1393 1876 1454 1907 alio
1469 1878 1598 1917 quodam
1612 1878 1695 1909 nnti-

998 1923 1102 1964 quiore
1113 1934 1196 1964 rege,
1206 1926 1404 1958 denominati.
1421 1928 1504 1958 Cum
1517 1938 1598 1959 vero
1607 1929 1697 1960 inter

999 1974 1125 2014 Cyrum
1136 1979 1171 2006 et
1179 1975 1318 2006 Darium
1331 1976 1512 2018 Hystaspis
1525 1978 1572 2009 fil.
1585 1980 1696 2010 nullus

999 2024 1082 2054 alius
1093 2023 1199 2056 fuerit
1215 2025 1283 2066 huj.
1298 2027 1442 2059 nominis
1454 2037 1526 2068 rex,
1542 2039 1696 2061 necessa-

997 2074 1047 2105 rio
1071 2075 1198 2106 Darius
1222 2075 1299 2116 fuit,
1321 2077 1472 2118 quiante
1488 2079 1612 2120 Cyrum
1639 2090 1694 2121 ap·

997 2125 1121 2157 Persas
1135 2127 1299 2166 regnavit.
1318 2128 1398 2159 Fuit
1410 2129 1475 2161 iste
1489 2130 1614 2162 Darius
1628 2131 1694 2172 Cy-

996 2175 1108 2207 axaris
1118 2175 1164 2208 fil.
1178 2177 1268 2208 Hinc
1280 2178 1413 2209 Danieli
1422 2179 1546 2212 dicitur
1557 2184 1638 2212 vr.l.
1649 2181 1696 2212 fil.

996 2224 1118 2257 Asveri
1131 2227 1173 2258 de
1188 2227 1313 2259 semiue
1326 2229 1518 2262 Medorum.
1563 2232 1694 2272 Cyaxa-

995 2286 1049 2309 res
1063 2283 1115 2310 est
1125 2278 1287 2319 Asverus‚
1301 2284 1339 2311 ut
1354 2280 1478 2321 Scalig.
1494 2281 1536 2313 de
1548 2282 1692 2313 Emend.

994 2329 1113 2369 Temp.
1129 2329 1258 2361 docuit.
1302 2330 1337 2361 Is
1362 2329 1427 2362 fuit
1443 2331 1621 2363 Phraortis
1643 2332 1691 2364 fil.

995 2390 1094 2421 quem
1119 2385 1219 2422 pater
1244 2381 1404 2422 praefecit
1420 2392 1522 2423 regno
1538 2383 1693 2423 Persico,

995 2429 1128 2462 nomine
1145 2440 1184 2463 ac
1200 2436 1371 2472 potestate
1386 2433 1492 2474 regia,
1513 2434 1592 2475 quia
1606 2435 1692 2465 Per-

995 2489 1040 2511 sae
1064 2480 1137 2520 jam
1167 2481 1298 2522 pridem
1337 2487 1501 2515 excutere
1533 2484 1693 2516 volebant

987 2529 1108 2570 jugum
1123 2530 1361 2563 dominationis
1383 2533 1576 2574 Medorum,
1599 2539 1691 2566 teste

995 2580 1126 2611 Herod.
1143 2590 1168 2612 1.
1186 2583 1260 2613 127.
1305 2583 1413 2623 Cyrus
1430 2588 1543 2614 autem
1561 2584 1689 2624 primus

994 2631 1094 2670 vulgo
1109 2631 1291 2663 Persarum
1304 2642 1364 2663 rex
1377 2633 1541 2673 habetur;
1564 2639 1599 2666 et
1613 2635 1690 2675 quia

993 2685 1093 2723 pater
1117 2682 1191 2722 ejus
1217 2686 1291 2713 erat
1315 2682 1436 2721 Persa,
1457 2693 1531 2714 cum
1558 2684 1689 2724 priores

993 2731 1059 2762 duo
1076 2739 1172 2772 reges
1187 2735 1301 2763 essent
1313 2737 1415 2772 gente
1430 2733 1543 2772 Medi3
1559 2738 1593 2765 et
1610 2735 1689 2776 quia

992 2791 1045 2812 res
1061 2786 1096 2813 et
1112 2791 1194 2821 gens
1218 2781 1401 2813 Persarum
1428 2788 1507 2815 ante
1517 2790 1689 2826 -tempora

993 2833 1074 2873 Cyri
1090 2832 1226 2864 fuerant
1237 2833 1334 2864 valde
1347 2833 1510 2875 obscurae,
1526 2846 1606 2877 quas
1620 2837 1687 2877 pri-

992 2894 1064 2915 mus
1090 2884 1274 2915 illustravit
1304 2884 1411 2924 Cyrus
1439 2885 1536 2917 homo
1567 2886 1686 2919 Persa.

991 2934 1167 2967 Secundus
1197 2943 1381 2974 anonymus
1415 2935 1594 2968 Persarum
1627 2947 1685 2969 rex
