2101 3419
644 602 1010 653 RECENSUS
1058 602 1400 653 CODICUM
1449 605 1605 654 MSS.

929 760 959 802 J
981 760 1025 802 U
1046 761 1076 803 S
1098 761 1138 803 T
1160 761 1183 802 I
1207 761 1251 803 N
1274 762 1313 812 I,

499 919 583 953 QUI
605 918 665 962 ‚IN
688 919 1024 952 BIBLIOTHECIS
1046 919 1358 952 BRITANNICIS
1387 919 1739 952 ASSERVANTUR.

964 1093 1272 1101 -—-—--——-——--

761 1231 926 1275 Codices
954 1232 997 1274 in
1032 1231 1177 1273 Museo
1218 1230 1479 1275 Britannico.

444 1322 502 1363 IN
529 1320 734 1365 Biblioth.
758 1321 866 1378 Reg.
897 1324 954 1364 15
981 1321 1037 1363 A.
1061 1333 1175 1363 X111.
1219 1322 1386 1363 Justini
1411 1322 1528 1376 Epit.
1555 1322 1688 1375 Trogi
1710 1322 1841 1364 Pom-

385 1390 489 1442 peii.
514 1390 623 1431 Cod.
644 1392 883 1432 membran.
904 1404 1009 1432 saec.
1035 1401 1117 1431 xv,
1150 1390 1398 1444 Praefigitur
1422 1390 1566 1431 codici
1593 1391 1717 1432 utilis
1751 1405 1842 1432 om-

384 1456 506 1496 nium
525 1457 751 1498 Librorum
775 1468 917 1500 XLIV.
939 1458 1153 1511 syllabus.

440 1525 497 1565 15
517 1523 568 1564 C.
588 1535 618 1565 1.
640 1525 739 1566 cod.
763 1525 1037 1576 chartaceus,
1057 1527 1149 1567 alto.
1171 1523 1248 1579 pp.
1262 1526 1332 1567 30.
1349 1526 1422 1567 cui
1447 1526 1600 1568 titulus
1619 1541 1628 1569 :
1660 1527 1713 1568 In
1730 1527 1842 1569 Tro-

382 1604 485 1643 gum
501 1591 769 1645 Pompeium
789 1593 882 1634 sive
897 1592 926 1634 J
932 1594 1120 1634 ustinum
1138 1593 1473 1648 Chorographia
1488 1595 1544 1635 ad
1559 1595 1839 1636 excellentis-

382 1659 540 1699 simum
571 1664 616 1700 et
642 1659 989 1701 illustrissimum
1018 1660 1258 1702 Dominum
1292 1661 1349 1702 D.
1388 1661 1643 1703 Eduardum
1673 1661 1839 1703 Waliae

383 1726 659 1780 Principem:
693 1740 732 1768 a.
767 1727 892 1768 1546.
952 1726 1147 1769 Auctore
1179 1727 1312 1769 Petro
1349 1727 1547 1770 olivario
1583 1728 1837 1771 Valentino.

382 1792 506 1834 Huic
529 1793 773 1848 subjicitur,
793 1799 844 1834 ut
865 1793 998 1835 etiam
1025 1794 1182 1848 puerili
1214 1796 1334 1836 aetati
1355 1800 1477 1850 apta,
1496 1796 1653 1837 similis
1675 1796 1838 1838 Choro-

380 1861 563 1914 graphia
582 1861 626 1902 in
648 1861 878 1915 Epistolas
899 1861 1159 1903 Familiares
1179 1861 1407 1904 Ciceronis
1425 1877 1435 1905 :
1459 1877 1498 1905 a.
1521 1864 1647 1905 1546.
1840 1866 1841 1869 ’

438 1928 492 1968 In
540 1926 735 1968 Biblioth.
768 1926 896 1970 Harl.
934 1928 996 1970 N.
1029 1929 1155 1971 5076.
1187 1930 1288 1971 eod.
1314 1931 1503 1972 chartac.
1535 1931 1717 1982 Justini,
1739 1945 1838 1973 cum

380 1995 480 2036 aliis
502 1994 717 2035 Historiis
738 1999 781 2036 et
803 1994 1101 2045 Orationibus,
1123 2010 1224 2038 saec.
1260 2008 1344 2038 xv.
1377 1999 1422 2038 in
1456 1999 1593 2040 Italia
1620 2000 1839 2053 scriptus:

379 2062 514 2103 habet
531 2062 601 2102 hic
622 2066 668 2101 et
686 2061 788 2103 inde
809 2062 980 2104 indices
996 2065 1270 2116 marginales.

439 2128 499 2170 N.
539 2129 665 2170 5279.
697 2129 797 2171 cod.
832 2131 1070 2171 membran.
1108 2130 1290 2181 Justini,
1317 2145 1421 2173 saec.
1457 2144 1541 2173 xv.
1568 2134 1757 2175 illumin.
1793 2138 1836 2176 ct

379 2196 591 2249 eleganter
611 2196 806 2250 scriptus
838 2197 998 2239 Italico
1019 2198 1282 2240 charactere.
1344 2200 1446 2241 Sine
1467 2202 1603 2255 gloss.
1624 2206 1669 2243 et
1688 2202 1834 2244 indice

377 2263 620 2316 marginali.

434 2330 527 2371 Alii
555 2336 660 2372 sunt
694 2332 870 2374 codices
897 2332 1008 2373 inter
1033 2332 1158 2374 Harl.
1191 2335 1427 2377 membran.
1458 2339 1501 2376 et
1531 2336 1720 2378 chartac.
1744 2337 1832 2378 ele-

376 2401 543 2450 gantes,
581 2412 723 2452 usque
755 2400 811 2441 ad
843 2400 992 2441 decem
1023 2414 1229 2443 numero:
1260 2416 1430 2456 nempe,
1467 2403 1526 2444 N.
1551 2404 1679 2445 2487.
1703 2404 1831 2446 2657.

378 2464 507 2507 2705.
538 2466 667 2507 2718.
687 2466 815 2509 2740.
835 2467 965 2510 2762.
986 2468 1115 2511 4099.
1134 2469 1263 2511 4822.
1283 2471 1410 2511 4922.
1431 2470 1559 2512 5292.

434 2531 552 2573 Inter
571 2530 830 2574 Burneianos
852 2534 910 2575 N.
928 2536 1027 2577 329.
1050 2536 1150 2578 cod.
1171 2542 1238 2578 est
1257 2537 1286 2578 J
1291 2538 1426 2579 ustini
1454 2538 1646 2580 chartac.
1662 2539 1738 2580 fol.
1755 2553 1830 2594 pp.

378 2598 474 2639 128.
492 2601 718 2641 nonnullis
740 2603 964 2645 sententiis
994 2604 1169 2645 collatis
1187 2619 1285 2646 cum
1311 2606 1504 2647 editione
1526 2605 1634 2648 Abr.
1657 2606 1831 2650 Grono-

374 2666 435 2705 vii
458 2679 557 2719 quae
577 2667 714 2720 Lugd.
743 2668 846 2709 Bat.
866 2670 984 2712 edita
1003 2671 1085 2712 fuit
1105 2672 1233 2714 1760.

432 2733 526 2775 Alii
553 2740 722 2788 septem
756 2737 887 2778 codd.
918 2738 1088 2780 Justini
1121 2739 1192 2781 hic
1229 2747 1525 2792 asservantur,
1558 2741 1753 2784 chartac.
1787 2746 1830 2783 et

373 2802 605 2843 membran.
623 2815 774 2844 omnes
793 2805 995 2848 similiter
1012 2807 1221 2849 habentes
1238 2821 1409 2862 paucas
1422 2821 1548 2862 pagg.
1570 2808 1754 2851 collatas
1775 2808 1830 2850 ad

373 2868 440 2908 ed.
465 2868 806 2912 Gronovianam.
