2101 3419
716 361 763 392 ΙΝ

170 464 203 498 8,
218 464 240 493 9
267 459 415 490 instructo
430 462 597 500 paratoque
612 458 746 489 exercitu
768 458 873 500 oppri-

170 514 253 535 mere
268 502 420 534 Graeciam
435 501 476 538 xi,
486 505 519 537 2,
532 505 573 532 10
595 502 742 532 instruere
754 502 874 543 aliquos

172 545 393 578 commeatibus
415 544 595 584 auxiliisque
618 544 678 580 xvi,
701 547 732 580 3,
751 547 789 576 11
821 544 874 574 sti-

172 590 300 630 pendio,
315 588 467 618 frumento
483 587 629 617 instruere
641 587 786 618 victorem
802 586 874 623 xxii,

172 636 205 668 6,
224 634 264 663 12
287 631 452 661 instructus
466 629 613 659 militibus
629 629 670 666 vi,
687 633 718 666 1,
734 632 753 660 3
777 629 874 659 omni-

172 675 230 705 bus
252 672 452 714 imperatoriis
474 672 634 702 virtutibus
657 672 709 708 vii,
730 674 762 708 4,
778 674 798 702 4
827 671 874 701 in-

173 717 314 747 structior
339 715 449 755 opibus
471 724 561 755 quam
586 714 733 744 militibus
756 714 826 750 xvii,
843 717 876 751 2,

175 761 215 790 13
246 758 412 788 instructus
434 757 551 797 legibus
578 756 634 798 (de
657 767 693 787 eo
716 757 767 796 qui
793 757 876 796 leges

174 801 322 841 cognovit
343 805 375 830 et
397 799 524 840 didicit)
546 810 594 835 xx,
611 802 643 835 4,
658 803 676 830 5
701 799 803 829 Vorst.
829 799 876 828 in-

174 848 306 874 structus
321 843 359 872 ad
377 842 567 872 obsidionem
583 842 739 872 ferendam
756 842 828 878 xxii,
843 845 876 878 4,

173 889 191 918 1
217 885 382 916 instructus
398 885 509 915 viribus
524 884 659 925 AEgypti
673 884 772 920 xxxix,
787 887 819 920 2,
835 887 856 916 4

217 927 457 958 Instrumentum
468 930 538 968 (pro
549 927 764 967 qualicumque
776 927 878 967 supel-

175 970 288 1010 lectili)
314 981 364 1005 xv,
395 973 425 1006 1,
452 973 483 1001 8.
516 980 565 1005 xv,
592 973 624 1005 2,
648 973 679 1001 7.
714 970 775 1004 xxi,
800 975 832 1006 5,
858 973 878 1001 2

175 1012 312 1043 Freinsh.
340 1013 572 1042 instrumentum
589 1012 691 1052 regale
712 1011 796 1049 xxiii,
811 1015 843 1048 2,
858 1016 879 1044 6

174 1055 408 1085 instrumentum
420 1055 545 1084 luxuria:
557 1055 679 1084 Musica
689 1055 812 1091 xxxviii,
826 1058 879 1091 10,

174 1100 195 1129 4
225 1098 425 1128 instrumenta
442 1097 566 1127 luxuriae
592 1103 741 1138 tympana
763 1103 794 1128 et
815 1108 880 1128 cre-

177 1141 296 1181 pundia
309 1151 378 1176 xxX‚
395 1143 426 1176 1,
441 1142 462 1170 9
485 1147 582 1170 vestes
598 1145 710 1170 auratae
726 1151 774 1176 xx,
790 1143 822 1176 4,
840 1143 878 1172 ll

177 1183 314 1223 proxima
339 1192 470 1223 quaeque
495 1181 623 1212 victoria
644 1182 880 1212 instrumentum

177 1225 335 1267 sequentis
357 1226 378 1261 i,
396 1228 426 1260 1,
442 1228 461 1255 8
490 1225 690 1255 instrumenta
711 1225 881 1256 culinarum

176 1268 209 1298 in
239 1268 374 1299 exercitu
407 1267 558 1297 Antiochi
593 1267 707 1298 Soteris
738 1273 880 1308 argentea

177 1311 303 1347 xxxviii,
319 1314 370 1345 10,
386 1313 406 1341 4
436 1310 637 1340 instrumenta
653 1310 768 1340 servilis
783 1315 882 1341 metus

176 1353 210 1390 ii,
226 1358 258 1390 5,
274 1357 294 1385 4
317 1354 517 1383 instrumenta
533 1353 680 1383 bellorum
696 1353 789 1384 alicui
812 1357 883 1384 sunt

181 1407 256 1437 opes
272 1396 314 1435 ix,
329 1399 361 1435 8,
377 1400 395 1427 5

223 1438 342 1469 Insueti
357 1439 378 1474 i,
395 1441 426 1474 8,
442 1441 463 1469 6

222 1481 330 1511 Insula
353 1491 434 1510 nova
457 1491 475 1511 e
502 1480 574 1510 mari
601 1484 692 1510 enata
716 1491 786 1515 xxx,
807 1483 840 1516 4,
862 1483 882 1512 2

181 1523 305 1565 Cyprus
320 1523 419 1553 insula
440 1522 525 1559 xviii,
541 1527 573 1559 5,
591 1525 607 1553 1
640 1522 753 1553 abditae
776 1523 884 1553 insulae

180 1567 214 1602 ii,
233 1570 284 1603 12,
301 1569 342 1598 16
365 1566 508 1596 AEolides
523 1565 630 1595 insulae
645 1566 687 1602 iv,
703 1568 734 1602 1,
751 1568 790 1597 11
815 1576 885 1606 pars

181 1609 342 1649 Hispaniae
369 1619 439 1649 quae
466 1619 503 1639 ex
528 1608 634 1638 insulis
660 1614 782 1639 constat
811 1607 884 1646 xliv,

183 1654 216 1688 4,
236 1655 275 1683 14

225 1693 379 1724 Insulares
403 1692 451 1734 (id
474 1698 531 1729 est,
556 1693 610 1734 qui
624 1692 753 1723 insulam
769 1703 822 1723 seu
838 1703 885 1723 se-

181 1742 318 1778 paratam
329 1737 367 1766 ab
379 1736 445 1766 aliis
456 1736 580 1766 domum
591 1736 781 1778 inhabitant>
795 1736 886 1773 xxxii,

182 1783 216 1817 2,
231 1782 251 1810 2
276 1779 378 1809 Vorst.

226 1821 377 1852 Insultare
405 1819 478 1862 (pro
508 1819 661 1861 exultare)
698 1819 731 1856 ii,
761 1822 814 1857 10,
844 1823 884 1852 10

181 1864 286 1895 Vorst.
307 1864 454 1894 insultare
469 1863 599 1893 fortunae
614 1863 746 1893 hostiurn
770 1873 800 1899 ν,
817 1866 848 1899 7,
866 1867 882 1894 1

183 1907 329 1937 insultare
353 1907 436 1947 apud
458 1907 556 1936 victos
578 1906 618 1942 ix,
643 1908 675 1942 4,
692 1908 710 1936 3
741 1906 885 1936 insultare

184 1950 314 1980 Parthos
328 1949 548 1990 aliquantisper
560 1958 665 1988 passus
681 1952 728 1977 est
741 1948 805 1984 xlii,
819 1951 851 1985 4,
866 1951 886 1980 8

225 1992 357 2032 Insuper
372 1992 412 2027 ix,
427 1994 459 2026 6,
475 1994 506 2023 8.
530 1990 592 2026 xiv,
608 1994 639 2026 6,
658 1993 709 2022 12.
740 2001 791 2026 xV,
810 1995 838 2027 l,
856 1994 887 2022 8.

183 2045 233 2071 XV,
249 2037 280 2070 3,
296 2038 327 2065 5.
351 2035 422 2070 xxii,
438 2036 469 2070 3,
486 2037 517 2065 4.
540 2034 620 2069 xxiV,
636 2035 669 2070 4,
685 2036 717 2064 9.
740 2033 804 2069 xlii,
820 2037 851 2069 1,
867 2036 887 2065 4

227 2077 340 2107 Intacti
356 2077 394 2107 ab
408 2076 508 2106 alieno
524 2076 651 2116 imperio
675 2077 746 2116 (qui
762 2087 824 2107 non
841 2077 888 2106 in-

184 2119 351 2161 festantur)
366 2120 399 2156 ii,
416 2122 447 2155 3,
464 2122 479 2150 1
505 2119 608 2149 Vorst.
630 2119 756 2148 intactae
771 2120 808 2149 ab
822 2119 889 2149 aliis

185 2162 328 2203 gentibus
350 2162 382 2198 ii,
405 2165 437 2198 4,
461 2164 502 2192 30
535 2172 621 2202 agros
643 2161 775 2191 intactos
798 2162 889 2192 relin-

186 2215 279 2245 quere
302 2204 346 2242 iii,
361 2208 426 2241 7,8
455 2204 579 2235 intactis
601 2204 797 2234 munimentis
819 2215 888 2242 xxV,

187 2250 220 2284 2,
237 2252 255 2278 5

231 2289 375 2332 Intefflrt
399 2299 436 2319 ex
451 2288 568 2329 integro
584 2289 716 2319 condere
731 2290 835 2320 urbem
855 2290 889 2327 ii,

189 2335 241 2368 15,
261 2335 276 2362 1
300 2331 418 2372 integer
432 2331 544 2361 viribus
561 2331 651 2367 xxvii,
664 2334 696 2367 3,
708 2335 727 2363 2
751 2332 890 2363 civitates

187 2375 220 2404 in
234 2375 384 2414 integrum
399 2374 557 2403 restituere
573 2373 653 2409 xxxi,
671 2377 700 2409 l,
717 2377 736 2405 3
759 2385 797 2405 ex
812 2375 890 2406 inte-

189 2428 243 2458 gro
260 2417 373 2447 bellum
388 2416 546 2446 instituere
562 2416 594 2452 ii,
612 2419 663 2451 15,
679 2418 720 2447 17

233 2459 409 2499 Intelligere
430 2458 475 2494 iii,
498 2461 530 2492 2,
545 2461 575 2488 6.
605 2458 686 2493 xxxi,
709 2463 740 2495 5,
757 2461 776 2489 2
807 2460 890 2499 apud

190 2501 417 2532 intellecturum
444 2501 528 2541 loqui
556 2501 597 2536 xi,
625 2504 678 2536 15,
705 2504 725 2532 6
761 2501 892 2541 intelligi

190 2544 263 2584 (pro
279 2543 497 2583 animadverti)
511 2554 517 2572 :
534 2553 573 2573 ne
588 2543 760 2574 intellectos
775 2555 806 2574 se
822 2555 891 2575 sen-

192 2588 272 2617 tiant
287 2587 319 2623 ii,
337 2590 368 2622 8,
385 2589 404 2618 2
428 2586 530 2616 Vorst.

234 2629 446 2670 Intelligentia
470 2628 655 2658 somniorum
678 2627 750 2668 (pro
765 2629 893 2659 scientia

190 2671 411 2712 interpretandi
426 2670 560 2710 somnia)
577 2670 677 2706 xxxvi,
693 2674 724 2706 2,
740 2674 759 2702 8
782 2671 885 2702 Vorst.

234 2714 438 2754 Intemperies
452 2714 606 2743 ebrietatis
621 2713 673 2749 xii,
689 2716 741 2749 13,
757 2716 798 2745 10

235 2757 402 2787 Intendere
424 2756 572 2798 (subaudi
596 2756 746 2795 mentem)
773 2756 794 2792 i,
820 2760 850 2794 S,
873 2759 894 2788 9

193 2799 330 2832 Freinsh.
353 2799 501 2841 (Videtur
514 2799 615 2839 potius
631 2797 690 2829 ἀπὸ
703 2801 800 2830 κοινοῦ
811 2810 895 2840 repe-

195 2843 322 2872 tendum
345 2846 354 2859 ¹
371 2841 507 2872 orbitatis
530 2841 666 2871 dolorem
680 2840 688 2854 '
712 2847 743 2871 et
765 2842 895 2882 conjun-

196 2886 331 2925 gendum
354 2895 423 2915 cum
438 2884 496 2920 his,
520 2884 577 2913 ‘in
600 2883 725 2914 ultionis
748 2885 896 2927 solatia')

196 2926 300 2963 Vorst.
323 2927 481 2958 intendere
497 2927 602 2958 oculos
617 2926 648 2957 in
665 2926 781 2959 vultum
801 2928 895 2960 alicu-

803 360 1074 392 JUS'l'lNUM.

1518 349 1620 391 lxix

919 458 973 500 jus
988 459 1028 495 xi,
1044 462 1077 496 8,
1093 461 1113 490 8
1136 457 1272 489 animum
1287 458 1326 489 ad
1343 458 1475 489 favorem
1498 458 1628 499 alicujus

925 501 1153 532 conciliandum
1177 502 1237 537 xxi,
1254 504 1284 537 l,
1301 505 1321 533 4
1345 512 1420 542 opes
1436 512 1504 532 suas
1520 502 1560 531 ad
1575 513 1629 532 oc-

925 545 1099 585 cupandam
1125 544 1365 574 dominationem
1390 544 1451 581 xxi,
1466 547 1497 581 4,
1514 546 1531 574 1
1561 545 1630 574 vul-

926 598 998 618 nera
1013 587 1105 617 alicui
1121 587 1203 623 xxiV‚
1221 590 1251 622 3,
1268 590 1287 617 8
1317 587 1477 617 intendere
1493 587 1532 617 ad
1548 597 1630 628 nup-

927 630 983 660 tias
998 629 1128 669 alicujus
1144 629 1208 665 xiii,
1223 632 1255 665 6,
1271 632 1291 660 4

969 672 1112 702 Intentus
1135 671 1166 701 in
1189 671 1306 711 aliquid
1328 670 1361 706 ii,
1379 674 1431 707 12,
1449 674 1501 702 18.
1531 682 1581 707 xx,
1596 675 1630 711 5,

926 718 958 746 5.
980 715 1061 750 xxix,
1077 716 1108 750 1,
1124 718 1143 745 8
1166 714 1302 744 intentus
1318 714 1435 753 magnis
1449 714 1538 743 rebus
1560 725 1631 750 xxx,

929 760 960 792 1,
977 760 993 788 1
1017 757 1164 786 intentior
1178 757 1302 796 praedae,
1317 766 1407 796 quam
1425 756 1505 786 bello
1528 756 1630 793 xxxvi,

928 802 959 837 4,
976 803 995 830 8
1018 799 1164 829 intentior
1178 809 1250 829 cura
1265 798 1339 834 xvii,
1355 801 1387 834 3,
1404 801 1443 829 10

971 842 1129 872 Intentare
1145 842 1268 872 verbera
1282 841 1315 877 ii,
1331 845 1362 877 5,
1379 845 1396 871 5

971 884 1056 915 Inter
1071 884 1157 914 initia
1171 884 1213 921 xi,
1226 887 1258 919 2,
1270 886 1301 915 4.
1325 884 1386 919 xxi,
1401 885 1431 919 1,
1445 886 1463 914 3
1487 883 1566 912 inter
1582 893 1631 912 so-

929 926 965 956 lis
980 932 1078 957 ortum
1094 927 1116 963 i,
1133 930 1184 963 10,
1201 930 1222 958 4
1251 926 1331 957 inter
1345 925 1452 966 epulas
1466 931 1498 955 et
1520 925 1634 966 pocula

929 969 981 1005 xii,
1005 974 1036 1005 6,
1059 972 1080 1001 6
1109 970 1188 1000 inter
1210 969 1376 1000 bibendum
1400 969 1441 1004 xi,
1458 972 1488 1004 8,
1506 971 1525 998 8
1555 968 1634 997 inter

930 1013 996 1043 haec
1011 1012 1076 1048 viii,
1090 1016 1123 1048 4,
1138 1015 1159 1043 9
1188 1013 1267 1043 inter
1282 1022 1388 1042 omnes
1403 1016 1543 1041 auctores
1558 1021 1633 1041 con-

931 1060 1015 1085 stans
1032 1056 1113 1085 salua
1127 1060 1175 1085 est
1189 1066 1258 1092 xxV,
1274 1058 1305 1091 5,
1322 1057 1340 1085 3

974 1097 1179 1137 Intercapedo
1195 1098 1256 1134 xxi,
1271 1100 1303 1132 3,
1321 1100 1361 1128 lo

973 1140 1168 1171 Intercedere
1189 1141 1261 1181 (pro
1275 1144 1388 1175 vetare,
1402 1137 1557 1179 inhibere)
1581 1138 1634 1175 xli,

932 1185 964 1219 1,
982 1186 1020 1214 11
1045 1183 1182 1213 Freinsh.
1205 1183 1266 1220 xvi,
1282 1187 1313 1218 4,
1330 1185 1381 1213 12.
1404 1181 1508 1217 xxxiv,
1523 1184 1555 1217 3,
1571 1184 1590 1212 3

975 1225 1163 1256 Intercidere
1186 1225 1256 1266 (pro
1279 1223 1394 1265 perire)
1417 1223 1450 1259 ii,
1472 1227 1504 1260 4,
1528 1226 1570 1254 16
1604 1228 1636 1254 et

932 1270 984 1299 33.
1008 1268 1052 1304 iii,
1067 1271 1099 1304 4,
1115 1271 1146 1299 4.
1170 1269 1210 1303 νὶ,
1225 1271 1257 1304 9,
1274 1271 1291 1298 1
1316 1266 1453 1297 Freinsh.

975 1310 1163 1351 Intercipere
1179 1311 1312 1352 aliquem
1335 1310 1392 1351 (ne
1409 1308 1474 1338 scil.
1490 1308 1637 1348 aufugere

933 1357 966 1384 et
980 1353 1061 1383 elabi
1084 1353 1199 1394 possit)
1222 1365 1252 1390 v,
1269 1356 1300 1388 8,
1317 1356 1356 1383 13
1388 1351 1489 1381 Vorst.
1517 1351 1637 1391 Joseph

932 1396 1013 1427 clam
1027 1395 1215 1436 interceptus
1237 1395 1336 1431 xxxvi,
1351 1398 1382 1429 2,
1400 1398 1419 1425 6
1448 1394 1637 1434 interceptus

933 1439 1094 1479 repentina
1107 1444 1202 1469 morte
1217 1438 1328 1474 xxxvii,
1345 1441 1375 1473 1,
1392 1440 1412 1467 6

976 1481 1185 1512 Intercludere
1207 1482 1338 1512 reditum
1360 1478 1452 1510 alicui
1475 1478 1508 1514 ii,
1533 1482 1564 1514 5,
1582 1482 1634 1510 10.

934 1523 968 1559 ii,
986 1527 1038 1559 13,
1053 1528 1071 1555 5
1095 1524 1299 1555 intercludere
1313 1524 1416 1552 hostes
1430 1521 1463 1558 ii,
1481 1524 1533 1557 13,
1548 1525 1568 1552 6
1591 1522 1638 1551 in-

935 1567 1103 1597 tercludere
1118 1568 1221 1597 hostes
1236 1565 1357 1596 marinis
1372 1564 1591 1595 commeatibus
1606 1564 1638 1593 in

935 1609 1009 1639 urbe
1024 1609 1144 1639 clausos
1160 1610 1200 1646 iv,
1216 1612 1248 1646 4,
1265 1613 1283 1640 5
1314 1607 1482 1638 interclusa
1497 1617 1573 1636 voce
1595 1607 1638 1643 xi,

935 1654 967 1687 8,
983 1655 1003 1684 4
1026 1652 1238 1683 intercluditur
1253 1661 1331 1693 pons
1347 1650 1479 1680 fluminis
1494 1649 1535 1685 xi,
1553 1652 1606 1685 14,
1618 1652 1639 1681 4

936 1694 979 1735 (si
995 1696 1086 1724 modo
1101 1705 1171 1725 vera
1192 1695 1302 1726 lectio:
1327 1694 1359 1724 id
1375 1693 1460 1734 quod
1474 1703 1538 1723 non
1554 1692 1641 1722 vide-

937 1735 1002 1776 tur)
1018 1737 1120 1768 Vorst.

980 1779 1166 1811 Interdicere
1196 1790 1317 1810 omnem
1353 1788 1444 1819 opem
1473 1777 1639 1807 humanam

938 1821 1076 1863 (videtur
1089 1823 1139 1853 hic
1153 1822 1255 1853 dicere
1270 1826 1386 1856 auctor,
1402 1821 1485 1861 quod
1502 1820 1642 1851 meliores

938 1869 947 1882 ‘
959 1865 1024 1905 igni
1035 1870 1066 1896 et
1077 1865 1185 1906 aqua')
1197 1876 1227 1901 ν,
1238 1868 1272 1901 4,
1286 1868 1324 1895 15
1342 1864 1368 1904 (‘
1381 1874 1462 1904 aqua
1473 1867 1505 1893 et
1517 1863 1581 1903 igni
1594 1873 1641 1893 ar-

938 1907 1016 1937 cere'
1039 1908 1116 1938 dicit
1136 1908 1260 1938 Tacitus
1282 1906 1328 1943 iii,
1350 1909 1404 1942 23,
1428 1908 1458 1936 3.
1480 1911 1512 1935 et
1535 1909 1587 1942 50,
1603 1906 1641 1946 6)

938 1950 1074 1981 Freinsh.
1110 1950 1291 1981 interdicere
1319 1948 1410 1979 alicui
1439 1954 1641 1988 conspectum

938 1993 1060 2023 alterius
1076 1993 1128 2030 xli,
1144 1996 1175 2029 3,
1191 1996 1211 2024 2
1234 1992 1361 2033 patriam
1380 1991 1471 2021 alicui
1487 1991 1548 2027 xvi,
1563 1994 1595 2029 4,
1611 1995 1630 2022 5

981 2035 1183 2066 Interdictum
1199 2036 1278 2076 regis
1292 2035 1333 2070 xi,
1349 2037 1381 2071 4,
1396 2037 1416 2065 9

980 2078 1140 2109 Interdum
1155 2078 1226 2120 (pro
1242 2077 1379 2118 interim)
1394 2076 1435 2113 xi,
1449 2079 1481 2111 9,
1494 2078 1514 2107 2
1538 2075 1642 2106 Vorst.

982 2121 1104 2152 Interea
1118 2121 1151 2157 ii,
1167 2125 1198 2158 8,
1215 2124 1244 2152 1.
1266 2121 1300 2158 ii,
1316 2123 1369 2157 12,
1382 2122 1435 2151 22.
1458 2119 1502 2155 iii,
1515 2122 1546 2155 5,
1559 2122 1589 2150 1.
1612 2129 1643 2155 v,

940 2166 993 2200 10,
1008 2167 1060 2196 12.
1082 2165 1123 2200 ix,
1140 2167 1171 2200 6,
1188 2167 1205 2195 1

981 2207 1132 2238 Interesse
1148 2206 1228 2238 bello
1252 2217 1302 2242 xV,
1315 2208 1347 2242 2,
1362 2208 1401 2236 17
1425 2203 1566 2234 civilibus
1581 2203 1644 2233 dis-

940 2249 1051 2280 cordiis
1074 2250 1134 2287 xvi,
1156 2252 1190 2286 4,
1213 2252 1252 2281 13
1289 2258 1391 2289 neque
1413 2246 1495 2277 illius
1517 2246 1644 2276 interest

940 2292 1000 2327 xiv,
1017 2296 1048 2328 4,
1064 2296 1084 2323 6

983 2334 1165 2365 Interfector
1181 2334 1256 2375 (hoc
1268 2337 1326 2368 est,
1343 2330 1517 2372 percussor)
1533 2331 1554 2366 i,
1568 2333 1600 2366 3,
1612 2334 1644 2361 5.

939 2376 972 2412 ἱὶ,
988 2381 1019 2413 9,
1036 2380 1067 2408 2.
1090 2377 1131 2413 xi,
1147 2380 1199 2412 11,
1216 2380 1246 2407 9.
1270 2377 1331 2411 xvi,
1347 2378 1378 2409 1,
1395 2377 1433 2405 17
1459 2374 1569 2414 (utitur
1585 2375 1644 2403 hoc

939 2420 1090 2450 vocabulo
1105 2420 1197 2450 etiam
1213 2418 1332 2449 Plinius
1354 2417 1407 2453 vii,
1422 2419 1474 2447 29.
1492 2426 1521 2456 p.
1537 2422 1568 2446 et
1583 2416 1644 2453 xiv,

939 2464 1036 2492 22.m.
1053 2467 1085 2492 et
1099 2462 1222 2493 Curtius
1234 2461 1299 2496 viii,
1315 2463 1347 2496 7,
1363 2459 1421 2499 36)
1446 2458 1582 2488 Freinsh.

982 2504 1156 2535 Interficere
1172 2504 1305 2544 aliquem
1321 2503 1413 2538 vii,6,
1427 2504 1457 2532 6.
1480 2501 1533 2537 xii,
1547 2505 1578 2537 5,
1591 2504 1641 2532 10.

941 2546 1064 2583 xxxviii,
1082 2550 1111 2583 l,
1127 2550 1158 2578 6.
1181 2546 1282 2582 xxxix,
1298 2548 1329 2581 3,
1344 2548 1395 2576 12.
1418 2543 1471 2580 xli,
1484 2547 1515 2579 6,
1527 2548 1557 2574 5.
1579 2544 1644 2580 xlii,

942 2592 973 2625 3,
990 2592 1007 2619 1
1040 2600 1094 2629 per
1116 2600 1226 2629 corpus
1247 2588 1325 2629 regis
1347 2597 1444 2628 equus
1467 2586 1645 2617 interfectus

942 2632 984 2667 iX,
1001 2635 1030 2667 3,
1047 2635 1066 2662 2

985 2674 1159 2715 Interjectis
1170 2673 1277 2704 diebus
1290 2672 1365 2714 (hoc
1376 2676 1433 2707 est,
1447 2676 1517 2711 post
1528 2671 1647 2711 aliquot

943 2716 1026 2757 dies)
1049 2717 1092 2753 iii,
1115 2720 1146 2753 7,
1170 2720 1201 2747 5.
1229 2727 1258 2751 v,
1283 2719 1314 2752 4,
1337 2718 1356 2746 2
1387 2714 1454 2744 Ita:
1479 2714 1646 2754 interjectis

943 2760 1097 2789 mensibus
1119 2758 1243 2795 xxxviii,
1269 2761 1299 2794 l,
1326 2761 1346 2788 6
1382 2756 1544 2797 interjecto
1569 2761 1646 2787 tem-

944 2802 1053 2842 porei,
1070 2806 1101 2837 5,
1119 2805 1149 2832 8.
1172 2801 1193 2837 i,
1210 2805 1242 2838 7,
1259 2804 1310 2832 11.
1339 2800 1373 2837 ii,
1388 2803 1421 2836 6,
1438 2802 1467 2830 1.
1496 2799 1529 2836 ii,
1546 2802 1598 2836 15,
1614 2803 1646 2831 6.

943 2845 986 2881 iv,
1001 2848 1033 2881 4,
1050 2848 1067 2876 1
1092 2844 1229 2875 Freinsh.

987 2887 1164 2918 Interimere
1192 2886 1256 2927 xiv,
1284 2888 1317 2924 4,
1341 2887 1381 2917 12
1417 2884 1646 2915 interemtorum

946 2941 1049 2962 manes
1064 2930 1145 2968 xxvi,
1160 2932 1192 2967 2,
1208 2933 1227 2961 5
