<?xml version="1.0" encoding="UTF-8"?>
<!DOCTYPE html PUBLIC "-//W3C//DTD XHTML 1.0 Transitional//EN"
    "http://www.w3.org/TR/xhtml1/DTD/xhtml1-transitional.dtd">
<html xmlns="http://www.w3.org/1999/xhtml" xml:lang="en" lang="en">
 <head>
  <title>
</title>
<meta http-equiv="Content-Type" content="text/html;charset=utf-8" />
  <meta name='ocr-system' content='tesseract 3.04.00' />
  <meta name='ocr-capabilities' content='ocr_page ocr_carea ocr_par ocr_line ocrx_word'/>
</head>
<body>
  <div class='ocr_page' id='page_1' title='image "./historiaephilipp02just/historiaephilipp02just_0355.png"; bbox 0 0 2101 3419; ppageno 0'>
   <div class='ocr_carea' id='block_1_1' title="bbox 552 333 1282 375">
    <p class='ocr_par' dir='ltr' id='par_1_1' title="bbox 552 333 1282 375">
     <span class='ocr_line' id='line_1_1' title="bbox 552 333 1282 375; baseline -0.003 -1"><span class='ocrx_word' id='word_1_1' title='bbox 552 343 747 374; x_wconf 80' lang='lat' dir='ltr'><strong>JUSTlNl</strong></span> <span class='ocrx_word' id='word_1_2' title='bbox 786 344 881 373; x_wconf 71' lang='lat' dir='ltr'><strong>mn.</strong></span> <span class='ocrx_word' id='word_1_3' title='bbox 916 343 1068 374; x_wconf 77' lang='lat' dir='ltr'><strong>xxxi.</strong></span> <span class='ocrx_word' id='word_1_4' title='bbox 1100 345 1209 374; x_wconf 57' lang='lat' dir='ltr'><strong>car.</strong></span> <span class='ocrx_word' id='word_1_5' title='bbox 1239 333 1282 375; x_wconf 84' lang='lat'><strong>3.</strong></span> 
     </span>
    </p>
   </div>
   <div class='ocr_carea' id='block_1_2' title="bbox 196 437 910 2949">
    <p class='ocr_par' dir='ltr' id='par_1_2' title="bbox 196 437 910 2343">
     <span class='ocr_line' id='line_1_2' title="bbox 197 437 899 480; baseline -0.004 -8"><span class='ocrx_word' id='word_1_6' title='bbox 197 440 291 479; x_wconf 89' lang='lat' dir='ltr'><strong>bam,</strong></span> <span class='ocrx_word' id='word_1_7' title='bbox 333 437 459 480; x_wconf 89' lang='lat' dir='ltr'><strong>aliquid</strong></span> <span class='ocrx_word' id='word_1_8' title='bbox 500 437 600 469; x_wconf 84' lang='lat' dir='ltr'><strong>deest</strong></span> <span class='ocrx_word' id='word_1_9' title='bbox 639 437 800 478; x_wconf 87' lang='lat' dir='ltr'><strong>orationi,</strong></span> <span class='ocrx_word' id='word_1_10' title='bbox 834 438 899 469; x_wconf 91' lang='lat' dir='ltr'><strong>hoc</strong></span> 
     </span>
     <span class='ocr_line' id='line_1_3' title="bbox 197 487 899 529; baseline -0.007 -6"><span class='ocrx_word' id='word_1_11' title='bbox 197 492 301 524; x_wconf 89' lang='lat' dir='ltr'><strong>etiam</strong></span> <span class='ocrx_word' id='word_1_12' title='bbox 330 490 457 521; x_wconf 90' lang='lat' dir='ltr'><strong>sentire</strong></span> <span class='ocrx_word' id='word_1_13' title='bbox 483 488 602 529; x_wconf 90' lang='lat' dir='ltr'><strong>possis,</strong></span> <span class='ocrx_word' id='word_1_14' title='bbox 635 487 726 519; x_wconf 87' lang='lat' dir='ltr'><strong>istud</strong></span> <span class='ocrx_word' id='word_1_15' title='bbox 759 488 768 505; x_wconf 90' lang='lat'>‘</span> <span class='ocrx_word' id='word_1_16' title='bbox 787 487 899 519; x_wconf 90' lang='lat' dir='ltr'><strong>velut&#39;</strong></span> 
     </span>
     <span class='ocr_line' id='line_1_4' title="bbox 198 537 899 582; baseline -0.006 -10"><span class='ocrx_word' id='word_1_17' title='bbox 198 539 484 582; x_wconf 86' lang='lat' dir='ltr'>comparationem</span> <span class='ocrx_word' id='word_1_18' title='bbox 529 538 675 579; x_wconf 85' lang='lat' dir='ltr'>aliquam</span> <span class='ocrx_word' id='word_1_19' title='bbox 728 537 899 578; x_wconf 82' lang='lat' dir='ltr'><strong>resipere3</strong></span> 
     </span>
     <span class='ocr_line' id='line_1_5' title="bbox 199 588 900 629; baseline -0.004 -6"><span class='ocrx_word' id='word_1_20' title='bbox 199 597 273 623; x_wconf 89' lang='lat' dir='ltr'><strong>tum</strong></span> <span class='ocrx_word' id='word_1_21' title='bbox 296 591 359 622; x_wconf 90' lang='lat' dir='ltr'><strong>hoc</strong></span> <span class='ocrx_word' id='word_1_22' title='bbox 385 589 498 620; x_wconf 89' lang='lat' dir='ltr'><strong>videas</strong></span> <span class='ocrx_word' id='word_1_23' title='bbox 525 598 672 629; x_wconf 86' lang='lat' dir='ltr'><strong>quoque,</strong></span> <span class='ocrx_word' id='word_1_24' title='bbox 693 588 798 619; x_wconf 91' lang='lat' dir='ltr'><strong>verba</strong></span> <span class='ocrx_word' id='word_1_25' title='bbox 823 589 900 629; x_wconf 89' lang='lat' dir='ltr'><strong>ipsa</strong></span> 
     </span>
     <span class='ocr_line' id='line_1_6' title="bbox 200 640 898 674; baseline -0.004 0"><span class='ocrx_word' id='word_1_26' title='bbox 200 642 425 674; x_wconf 88' lang='lat' dir='ltr'><strong>imitationem</strong></span> <span class='ocrx_word' id='word_1_27' title='bbox 449 640 645 672; x_wconf 82' lang='lat' dir='ltr'><strong>ostendere.</strong></span> <span class='ocrx_word' id='word_1_28' title='bbox 691 641 700 657; x_wconf 92' lang='lat'>‘</span> <span class='ocrx_word' id='word_1_29' title='bbox 718 640 898 671; x_wconf 85' lang='lat' dir='ltr'><strong>Graviter&#39;</strong></span> 
     </span>
     <span class='ocr_line' id='line_1_7' title="bbox 197 690 899 732; baseline -0.003 -7"><span class='ocrx_word' id='word_1_30' title='bbox 197 693 324 726; x_wconf 80' lang='lat' dir='ltr'><strong>Justini</strong></span> <span class='ocrx_word' id='word_1_31' title='bbox 340 702 384 723; x_wconf 87' lang='lat' dir='ltr'><strong>ex</strong></span> <span class='ocrx_word' id='word_1_32' title='bbox 405 692 414 709; x_wconf 93' lang='lat'>‘</span> <span class='ocrx_word' id='word_1_33' title='bbox 428 690 556 732; x_wconf 87' lang='lat' dir='ltr'><strong>gravis&#39;</strong></span> <span class='ocrx_word' id='word_1_34' title='bbox 580 701 634 731; x_wconf 89' lang='lat' dir='ltr'><strong>ap.</strong></span> <span class='ocrx_word' id='word_1_35' title='bbox 646 691 767 732; x_wconf 85' lang='lat' dir='ltr'><strong>Virgil.</strong></span> <span class='ocrx_word' id='word_1_36' title='bbox 781 697 899 723; x_wconf 88' lang='lat' dir='ltr'><strong>natum</strong></span> 
     </span>
     <span class='ocr_line' id='line_1_8' title="bbox 200 742 899 775; baseline 0 -1"><span class='ocrx_word' id='word_1_37' title='bbox 200 747 264 775; x_wconf 87' lang='lat' dir='ltr'><strong>est.</strong></span> <span class='ocrx_word' id='word_1_38' title='bbox 301 744 311 761; x_wconf 91' lang='grc'><strong><em>4</em></strong></span> <span class='ocrx_word' id='word_1_39' title='bbox 329 742 508 774; x_wconf 87' lang='lat' dir='ltr'><strong>Fractum&#39;</strong></span> <span class='ocrx_word' id='word_1_40' title='bbox 530 751 573 773; x_wconf 90' lang='lat' dir='ltr'><strong>ex</strong></span> <span class='ocrx_word' id='word_1_41' title='bbox 589 742 598 759; x_wconf 88' lang='lat'>‘</span> <span class='ocrx_word' id='word_1_42' title='bbox 613 743 785 774; x_wconf 86' lang='lat' dir='ltr'><strong>lacerum.’</strong></span> <span class='ocrx_word' id='word_1_43' title='bbox 808 743 817 760; x_wconf 91' lang='lat'>‘</span> <span class='ocrx_word' id='word_1_44' title='bbox 832 743 899 774; x_wconf 81' lang='lat' dir='ltr'><strong>Re-</strong></span> 
     </span>
     <span class='ocr_line' id='line_1_9' title="bbox 198 792 899 835; baseline 0.001 -11"><span class='ocrx_word' id='word_1_45' title='bbox 198 793 315 835; x_wconf 88' lang='lat' dir='ltr'><strong>liquit&#39;</strong></span> <span class='ocrx_word' id='word_1_46' title='bbox 330 803 372 825; x_wconf 90' lang='lat' dir='ltr'><strong>ex</strong></span> <span class='ocrx_word' id='word_1_47' title='bbox 388 796 397 811; x_wconf 88' lang='grc'><strong><em>4</em></strong></span> <span class='ocrx_word' id='word_1_48' title='bbox 410 792 531 834; x_wconf 64' lang='lat' dir='ltr'><strong>liquit?</strong></span> <span class='ocrx_word' id='word_1_49' title='bbox 575 793 805 826; x_wconf 83' lang='lat' dir='ltr'>Quamobrem</span> <span class='ocrx_word' id='word_1_50' title='bbox 821 794 899 834; x_wconf 86' lang='lat' dir='ltr'><strong>lego</strong></span> 
     </span>
     <span class='ocr_line' id='line_1_10' title="bbox 198 843 900 884; baseline -0.003 -8"><span class='ocrx_word' id='word_1_51' title='bbox 198 848 230 876; x_wconf 82' lang='lat' dir='ltr'><strong>et</strong></span> <span class='ocrx_word' id='word_1_52' title='bbox 248 844 390 884; x_wconf 83' lang='lat' dir='ltr'><strong>graviter</strong></span> <span class='ocrx_word' id='word_1_53' title='bbox 402 843 557 883; x_wconf 82' lang='lat' dir='ltr'><strong>fractum,</strong></span> <span class='ocrx_word' id='word_1_54' title='bbox 572 844 655 874; x_wconf 79' lang='lat' dir='ltr'><strong>velut</strong></span> <span class='ocrx_word' id='word_1_55' title='bbox 669 853 812 883; x_wconf 80' lang='lat' dir='ltr'><strong>anguem,</strong></span> <span class='ocrx_word' id='word_1_56' title='bbox 827 844 900 875; x_wconf 82' lang='lat' dir='ltr'><strong>reli-</strong></span> 
     </span>
     <span class='ocr_line' id='line_1_11' title="bbox 197 893 901 935; baseline 0.001 -10"><span class='ocrx_word' id='word_1_57' title='bbox 197 895 277 935; x_wconf 80' lang='lat' dir='ltr'><strong>quit.</strong></span> <span class='ocrx_word' id='word_1_58' title='bbox 295 894 416 925; x_wconf 88' lang='lat' dir='ltr'><strong>Faber.</strong></span> <span class='ocrx_word' id='word_1_59' title='bbox 456 893 544 925; x_wconf 86' lang='lat' dir='ltr'><strong>Haec</strong></span> <span class='ocrx_word' id='word_1_60' title='bbox 560 893 658 924; x_wconf 90' lang='lat' dir='ltr'><strong>nimis</strong></span> <span class='ocrx_word' id='word_1_61' title='bbox 676 898 797 935; x_wconf 87' lang='lat' dir='ltr'><strong>arguta</strong></span> <span class='ocrx_word' id='word_1_62' title='bbox 812 898 901 927; x_wconf 90' lang='lat' dir='ltr'><strong>sunt.</strong></span> 
     </span>
     <span class='ocr_line' id='line_1_12' title="bbox 198 944 901 986; baseline 0 -10"><span class='ocrx_word' id='word_1_63' title='bbox 198 945 375 976; x_wconf 84' lang='lat' dir='ltr'><strong>Librorum</strong></span> <span class='ocrx_word' id='word_1_64' title='bbox 391 944 539 976; x_wconf 87' lang='lat' dir='ltr'><strong>omnium</strong></span> <span class='ocrx_word' id='word_1_65' title='bbox 555 945 724 985; x_wconf 86' lang='lat' dir='ltr'><strong>scriptura</strong></span> <span class='ocrx_word' id='word_1_66' title='bbox 747 945 803 976; x_wconf 86' lang='lat' dir='ltr'><strong>hic</strong></span> <span class='ocrx_word' id='word_1_67' title='bbox 824 955 901 986; x_wconf 86' lang='lat' dir='ltr'><strong>per-</strong></span> 
     </span>
     <span class='ocr_line' id='line_1_13' title="bbox 199 994 903 1035; baseline 0.003 -10"><span class='ocrx_word' id='word_1_68' title='bbox 199 1003 316 1035; x_wconf 87' lang='lat' dir='ltr'><strong>peram</strong></span> <span class='ocrx_word' id='word_1_69' title='bbox 351 994 582 1035; x_wconf 87' lang='lat' dir='ltr'><strong>impugnatur,</strong></span> <span class='ocrx_word' id='word_1_70' title='bbox 616 994 713 1035; x_wconf 87' lang='lat' dir='ltr'><strong>cujus</strong></span> <span class='ocrx_word' id='word_1_71' title='bbox 745 995 819 1026; x_wconf 82' lang='lat' dir='ltr'><strong>haec</strong></span> <span class='ocrx_word' id='word_1_72' title='bbox 849 1000 903 1027; x_wconf 89' lang='lat' dir='ltr'><strong>est</strong></span> 
     </span>
     <span class='ocr_line' id='line_1_14' title="bbox 200 1044 901 1086; baseline 0.003 -11"><span class='ocrx_word' id='word_1_73' title='bbox 200 1044 390 1076; x_wconf 88' lang='lat' dir='ltr'><strong>sententia:</strong></span> <span class='ocrx_word' id='word_1_74' title='bbox 415 1044 522 1075; x_wconf 79' lang='lat' dir='ltr'><strong>Nabis</strong></span> <span class='ocrx_word' id='word_1_75' title='bbox 547 1045 661 1076; x_wconf 89' lang='lat' dir='ltr'><strong>multis</strong></span> <span class='ocrx_word' id='word_1_76' title='bbox 683 1046 810 1086; x_wconf 87' lang='lat' dir='ltr'><strong>proeliis</strong></span> <span class='ocrx_word' id='word_1_77' title='bbox 834 1047 901 1077; x_wconf 87' lang='lat' dir='ltr'><strong>vic-</strong></span> 
     </span>
     <span class='ocr_line' id='line_1_15' title="bbox 201 1095 903 1128; baseline 0.003 -3"><span class='ocrx_word' id='word_1_78' title='bbox 201 1098 255 1126; x_wconf 89' lang='lat' dir='ltr'><strong>tus</strong></span> <span class='ocrx_word' id='word_1_79' title='bbox 278 1099 352 1126; x_wconf 85' lang='lat' dir='ltr'><strong>est:</strong></span> <span class='ocrx_word' id='word_1_80' title='bbox 377 1095 435 1125; x_wconf 92' lang='lat' dir='ltr'><strong>sed</strong></span> <span class='ocrx_word' id='word_1_81' title='bbox 463 1100 576 1126; x_wconf 89' lang='lat' dir='ltr'><strong>tamen</strong></span> <span class='ocrx_word' id='word_1_82' title='bbox 603 1104 669 1125; x_wconf 90' lang='lat' dir='ltr'><strong>non</strong></span> <span class='ocrx_word' id='word_1_83' title='bbox 699 1100 820 1126; x_wconf 86' lang='lat' dir='ltr'><strong>exutus</strong></span> <span class='ocrx_word' id='word_1_84' title='bbox 851 1101 903 1128; x_wconf 83' lang='lat' dir='ltr'><strong>est</strong></span> 
     </span>
     <span class='ocr_line' id='line_1_16' title="bbox 202 1146 903 1189; baseline 0.001 -12"><span class='ocrx_word' id='word_1_85' title='bbox 202 1155 320 1187; x_wconf 83' lang='lat' dir='ltr'><strong>regno,</strong></span> <span class='ocrx_word' id='word_1_86' title='bbox 342 1146 401 1177; x_wconf 87' lang='lat' dir='ltr'><strong>sed</strong></span> <span class='ocrx_word' id='word_1_87' title='bbox 426 1147 459 1177; x_wconf 88' lang='lat' dir='ltr'><strong>in</strong></span> <span class='ocrx_word' id='word_1_88' title='bbox 485 1147 543 1177; x_wconf 88' lang='lat' dir='ltr'><strong>illo</strong></span> <span class='ocrx_word' id='word_1_89' title='bbox 572 1147 712 1177; x_wconf 90' lang='lat' dir='ltr'><strong>relictus</strong></span> <span class='ocrx_word' id='word_1_90' title='bbox 742 1152 903 1189; x_wconf 89' lang='lat' dir='ltr'><strong>tanquam</strong></span> 
     </span>
     <span class='ocr_line' id='line_1_17' title="bbox 201 1196 902 1238; baseline 0.001 -11"><span class='ocrx_word' id='word_1_91' title='bbox 201 1196 301 1227; x_wconf 88' lang='lat' dir='ltr'><strong>homo</strong></span> <span class='ocrx_word' id='word_1_92' title='bbox 316 1196 506 1237; x_wconf 86' lang='lat' dir='ltr'><strong>exsanguis,</strong></span> <span class='ocrx_word' id='word_1_93' title='bbox 527 1197 558 1228; x_wconf 89' lang='lat' dir='ltr'><strong>h.</strong></span> <span class='ocrx_word' id='word_1_94' title='bbox 574 1207 604 1228; x_wconf 91' lang='lat' dir='ltr'><strong>e.</strong></span> <span class='ocrx_word' id='word_1_95' title='bbox 628 1197 676 1228; x_wconf 91' lang='lat' dir='ltr'><strong>sic</strong></span> <span class='ocrx_word' id='word_1_96' title='bbox 691 1197 902 1238; x_wconf 78' lang='lat' dir='ltr'>debilitatus,</span> 
     </span>
     <span class='ocr_line' id='line_1_18' title="bbox 205 1246 903 1286; baseline 0.001 -9"><span class='ocrx_word' id='word_1_97' title='bbox 205 1250 241 1278; x_wconf 90' lang='lat' dir='ltr'><strong>et</strong></span> <span class='ocrx_word' id='word_1_98' title='bbox 266 1246 392 1278; x_wconf 90' lang='lat' dir='ltr'><strong>viribus</strong></span> <span class='ocrx_word' id='word_1_99' title='bbox 416 1246 614 1286; x_wconf 87' lang='lat' dir='ltr'><strong>destitutus,</strong></span> <span class='ocrx_word' id='word_1_100' title='bbox 639 1252 677 1277; x_wconf 86' lang='lat' dir='ltr'><strong>ut</strong></span> <span class='ocrx_word' id='word_1_101' title='bbox 693 1246 734 1278; x_wconf 90' lang='lat' dir='ltr'><strong>ab</strong></span> <span class='ocrx_word' id='word_1_102' title='bbox 751 1248 806 1278; x_wconf 90' lang='lat' dir='ltr'><strong>illo</strong></span> <span class='ocrx_word' id='word_1_103' title='bbox 822 1248 903 1279; x_wconf 81' lang='lat' dir='ltr'><strong>nihil</strong></span> 
     </span>
     <span class='ocr_line' id='line_1_19' title="bbox 202 1295 905 1336; baseline 0.006 -10"><span class='ocrx_word' id='word_1_104' title='bbox 202 1295 412 1336; x_wconf 81' lang='lat' dir='ltr'><strong>inposterum</strong></span> <span class='ocrx_word' id='word_1_105' title='bbox 429 1296 493 1327; x_wconf 88' lang='lat' dir='ltr'><strong>sibi</strong></span> <span class='ocrx_word' id='word_1_106' title='bbox 509 1296 727 1328; x_wconf 86' lang='lat' dir='ltr'><strong>metuendum</strong></span> <span class='ocrx_word' id='word_1_107' title='bbox 742 1297 905 1330; x_wconf 88' lang='lat' dir='ltr'><strong>haberent</strong></span> 
     </span>
     <span class='ocr_line' id='line_1_20' title="bbox 201 1346 904 1387; baseline 0.004 -10"><span class='ocrx_word' id='word_1_108' title='bbox 201 1346 355 1378; x_wconf 89' lang='lat' dir='ltr'><strong>Romani.</strong></span> <span class='ocrx_word' id='word_1_109' title='bbox 382 1350 555 1377; x_wconf 84' lang='lat' dir='ltr'><strong>xxxrx.5.</strong></span> <span class='ocrx_word' id='word_1_110' title='bbox 578 1347 587 1363; x_wconf 91' lang='lat'>‘</span> <span class='ocrx_word' id='word_1_111' title='bbox 600 1347 764 1387; x_wconf 87' lang='lat' dir='ltr'><strong>Magnum</strong></span> <span class='ocrx_word' id='word_1_112' title='bbox 780 1358 904 1380; x_wconf 89' lang='lat' dir='ltr'><strong>nomen</strong></span> 
     </span>
     <span class='ocr_line' id='line_1_21' title="bbox 202 1395 904 1436; baseline 0.003 -9"><span class='ocrx_word' id='word_1_113' title='bbox 202 1396 331 1427; x_wconf 89' lang='lat' dir='ltr'><strong>viribus</strong></span> <span class='ocrx_word' id='word_1_114' title='bbox 356 1395 574 1428; x_wconf 86' lang='lat' dir='ltr'><strong>finitimorum</strong></span> <span class='ocrx_word' id='word_1_115' title='bbox 602 1398 829 1436; x_wconf 71' lang='lat' dir='ltr'><strong>exsanguibus</strong></span> <span class='ocrx_word' id='word_1_116' title='bbox 855 1398 904 1429; x_wconf 87' lang='lat' dir='ltr'><strong>fe-</strong></span> 
     </span>
     <span class='ocr_line' id='line_1_22' title="bbox 203 1445 905 1489; baseline 0.006 -12"><span class='ocrx_word' id='word_1_117' title='bbox 203 1445 324 1478; x_wconf 84' lang='lat' dir='ltr'><strong>cerat.’</strong></span> <span class='ocrx_word' id='word_1_118' title='bbox 360 1446 468 1478; x_wconf 84' lang='lat' dir='ltr'><strong>Graev.</strong></span> <span class='ocrx_word' id='word_1_119' title='bbox 523 1446 632 1478; x_wconf 88' lang='lat' dir='ltr'><strong>Codd.</strong></span> <span class='ocrx_word' id='word_1_120' title='bbox 659 1448 793 1489; x_wconf 88' lang='lat' dir='ltr'><strong>quidam</strong></span> <span class='ocrx_word' id='word_1_121' title='bbox 821 1450 905 1481; x_wconf 88' lang='lat' dir='ltr'><strong>Mss.</strong></span> 
     </span>
     <span class='ocr_line' id='line_1_23' title="bbox 206 1496 906 1537; baseline 0.006 -11"><span class='ocrx_word' id='word_1_122' title='bbox 206 1499 297 1527; x_wconf 79' lang='lat' dir='ltr'><strong>teste</strong></span> <span class='ocrx_word' id='word_1_123' title='bbox 316 1497 424 1537; x_wconf 85' lang='lat' dir='ltr'><strong>Bong.</strong></span> <span class='ocrx_word' id='word_1_124' title='bbox 448 1500 479 1527; x_wconf 84' lang='lat' dir='ltr'><strong>et</strong></span> <span class='ocrx_word' id='word_1_125' title='bbox 490 1497 638 1536; x_wconf 78' lang='lat' dir='ltr'><strong>gravibus</strong></span> <span class='ocrx_word' id='word_1_126' title='bbox 644 1496 798 1535; x_wconf 83' lang='lat' dir='ltr'><strong>fractum.</strong></span> <span class='ocrx_word' id='word_1_127' title='bbox 836 1498 906 1530; x_wconf 91' lang='lat' dir='ltr'><strong>Alii</strong></span> 
     </span>
     <span class='ocr_line' id='line_1_24' title="bbox 201 1545 905 1585; baseline 0.009 -10"><span class='ocrx_word' id='word_1_128' title='bbox 201 1545 353 1585; x_wconf 80' lang='lat' dir='ltr'><strong>gravibus</strong></span> <span class='ocrx_word' id='word_1_129' title='bbox 375 1547 550 1578; x_wconf 73' lang='lat' dir='ltr'><strong>vulneribus</strong></span> <span class='ocrx_word' id='word_1_130' title='bbox 567 1546 718 1585; x_wconf 83' lang='lat' dir='ltr'><strong>fractum.</strong></span> <span class='ocrx_word' id='word_1_131' title='bbox 763 1550 808 1580; x_wconf 92' lang='lat' dir='ltr'><strong>Et</strong></span> <span class='ocrx_word' id='word_1_132' title='bbox 826 1558 905 1581; x_wconf 88' lang='lat' dir='ltr'><strong>sane</strong></span> 
     </span>
     <span class='ocr_line' id='line_1_25' title="bbox 205 1597 908 1630; baseline 0.006 -4"><span class='ocrx_word' id='word_1_133' title='bbox 205 1599 214 1613; x_wconf 93' lang='lat'>‘</span> <span class='ocrx_word' id='word_1_134' title='bbox 238 1597 395 1627; x_wconf 88' lang='lat' dir='ltr'><strong>vulnera’</strong></span> <span class='ocrx_word' id='word_1_135' title='bbox 429 1597 560 1628; x_wconf 81' lang='lat' dir='ltr'><strong>Noster</strong></span> <span class='ocrx_word' id='word_1_136' title='bbox 589 1608 655 1629; x_wconf 87' lang='lat' dir='ltr'><strong>non</strong></span> <span class='ocrx_word' id='word_1_137' title='bbox 686 1600 792 1630; x_wconf 87' lang='lat' dir='ltr'><strong>semel</strong></span> <span class='ocrx_word' id='word_1_138' title='bbox 820 1600 908 1630; x_wconf 86' lang='lat' dir='ltr'>dixit</span> 
     </span>
     <span class='ocr_line' id='line_1_26' title="bbox 203 1647 907 1688; baseline 0.006 -12"><span class='ocrx_word' id='word_1_139' title='bbox 203 1656 267 1688; x_wconf 87' lang='lat' dir='ltr'><strong>pro</strong></span> <span class='ocrx_word' id='word_1_140' title='bbox 282 1647 447 1678; x_wconf 84' lang='lat' dir='ltr'><strong>cladibus.</strong></span> <span class='ocrx_word' id='word_1_141' title='bbox 492 1648 571 1678; x_wconf 81' lang='lat' dir='ltr'><strong>vid.</strong></span> <span class='ocrx_word' id='word_1_142' title='bbox 586 1657 611 1679; x_wconf 92' lang='lat'><strong>1.</strong></span> <span class='ocrx_word' id='word_1_143' title='bbox 629 1651 658 1679; x_wconf 85' lang='grc'><strong>8.</strong></span> <span class='ocrx_word' id='word_1_144' title='bbox 676 1651 726 1679; x_wconf 89' lang='grc'><strong>10.</strong></span> <span class='ocrx_word' id='word_1_145' title='bbox 743 1653 778 1679; x_wconf 91' lang='lat' dir='ltr'><strong>et</strong></span> <span class='ocrx_word' id='word_1_146' title='bbox 791 1653 907 1680; x_wconf 87' lang='lat' dir='ltr'><strong>cetera</strong></span> 
     </span>
     <span class='ocr_line' id='line_1_27' title="bbox 203 1696 907 1731; baseline 0.006 -4"><span class='ocrx_word' id='word_1_147' title='bbox 203 1696 237 1727; x_wconf 89' lang='lat' dir='ltr'><strong>iu</strong></span> <span class='ocrx_word' id='word_1_148' title='bbox 254 1696 340 1728; x_wconf 85' lang='lat' dir='ltr'><strong>hanc</strong></span> <span class='ocrx_word' id='word_1_149' title='bbox 356 1698 560 1729; x_wconf 84' lang='lat' dir='ltr'><strong>sententiam</strong></span> <span class='ocrx_word' id='word_1_150' title='bbox 584 1699 617 1729; x_wconf 88' lang='lat' dir='ltr'><strong>in</strong></span> <span class='ocrx_word' id='word_1_151' title='bbox 644 1699 764 1730; x_wconf 87' lang='lat' dir='ltr'><strong>Indice</strong></span> <span class='ocrx_word' id='word_1_152' title='bbox 779 1704 907 1731; x_wconf 85' lang='lat' dir='ltr'><strong>notata.</strong></span> 
     </span>
     <span class='ocr_line' id='line_1_28' title="bbox 212 1746 908 1791; baseline 0.004 -13"><span class='ocrx_word' id='word_1_153' title='bbox 212 1746 317 1778; x_wconf 84' lang='lat' dir='ltr'><strong>Vorst.</strong></span> <span class='ocrx_word' id='word_1_154' title='bbox 362 1748 445 1779; x_wconf 79' lang='lat' dir='ltr'><strong>Mss.</strong></span> <span class='ocrx_word' id='word_1_155' title='bbox 468 1749 576 1789; x_wconf 86' lang='lat' dir='ltr'><strong>Bong.</strong></span> <span class='ocrx_word' id='word_1_156' title='bbox 603 1750 759 1791; x_wconf 80' lang='lat' dir='ltr'><strong>plerique</strong></span> <span class='ocrx_word' id='word_1_157' title='bbox 781 1750 908 1781; x_wconf 88' lang='lat' dir='ltr'><strong>habent</strong></span> 
     </span>
     <span class='ocr_line' id='line_1_29' title="bbox 202 1798 908 1839; baseline 0.007 -11"><span class='ocrx_word' id='word_1_158' title='bbox 202 1798 362 1836; x_wconf 79' lang='lat' dir='ltr'><strong>gravibus.</strong></span> <span class='ocrx_word' id='word_1_159' title='bbox 415 1799 524 1839; x_wconf 89' lang='lat' dir='ltr'><strong>Bene,</strong></span> <span class='ocrx_word' id='word_1_160' title='bbox 559 1801 618 1831; x_wconf 87' lang='lat' dir='ltr'><strong>sed</strong></span> <span class='ocrx_word' id='word_1_161' title='bbox 657 1801 820 1832; x_wconf 87' lang='lat' dir='ltr'><strong>mutanda</strong></span> <span class='ocrx_word' id='word_1_162' title='bbox 855 1806 908 1833; x_wconf 89' lang='lat' dir='ltr'><strong>est</strong></span> 
     </span>
     <span class='ocr_line' id='line_1_30' title="bbox 206 1847 908 1891; baseline 0.007 -13"><span class='ocrx_word' id='word_1_163' title='bbox 206 1847 396 1890; x_wconf 87' lang='lat' dir='ltr'><strong>distinctio,</strong></span> <span class='ocrx_word' id='word_1_164' title='bbox 418 1854 454 1880; x_wconf 90' lang='lat' dir='ltr'><strong>et</strong></span> <span class='ocrx_word' id='word_1_165' title='bbox 483 1850 532 1881; x_wconf 87' lang='lat' dir='ltr'><strong>sic</strong></span> <span class='ocrx_word' id='word_1_166' title='bbox 561 1851 760 1891; x_wconf 79' lang='lat' dir='ltr'><strong>legendum:</strong></span> <span class='ocrx_word' id='word_1_167' title='bbox 792 1851 908 1883; x_wconf 81' lang='lat' dir='ltr'><strong>duobus</strong></span> 
     </span>
     <span class='ocr_line' id='line_1_31' title="bbox 205 1899 909 1942; baseline 0.006 -13"><span class='ocrx_word' id='word_1_168' title='bbox 205 1899 359 1930; x_wconf 80' lang='lat' dir='ltr'><strong>continuis</strong></span> <span class='ocrx_word' id='word_1_169' title='bbox 386 1900 506 1940; x_wconf 79' lang='lat' dir='ltr'><strong>proelz&#39;is</strong></span> <span class='ocrx_word' id='word_1_170' title='bbox 538 1901 673 1942; x_wconf 81' lang='lat' dir='ltr'><strong>subegit,</strong></span> <span class='ocrx_word' id='word_1_171' title='bbox 703 1906 734 1933; x_wconf 77' lang='lat' dir='ltr'><strong>et</strong></span> <span class='ocrx_word' id='word_1_172' title='bbox 760 1902 909 1942; x_wconf 79' lang='lat' dir='ltr'><strong>gravibus</strong></span> 
     </span>
     <span class='ocr_line' id='line_1_32' title="bbox 196 1947 908 1991; baseline 0.007 -13"><span class='ocrx_word' id='word_1_173' title='bbox 196 1947 351 1989; x_wconf 78' lang='lat' dir='ltr'><strong>fractum,</strong></span> <span class='ocrx_word' id='word_1_174' title='bbox 372 1949 455 1981; x_wconf 79' lang='lat' dir='ltr'><strong>velut</strong></span> <span class='ocrx_word' id='word_1_175' title='bbox 471 1960 668 1991; x_wconf 78' lang='lat' dir='ltr'><strong>exsanguem,</strong></span> <span class='ocrx_word' id='word_1_176' title='bbox 692 1952 727 1982; x_wconf 84' lang='lat' dir='ltr'><strong>in</strong></span> <span class='ocrx_word' id='word_1_177' title='bbox 751 1961 847 1991; x_wconf 77' lang='lat' dir='ltr'><strong>regno</strong></span> <span class='ocrx_word' id='word_1_178' title='bbox 861 1962 908 1984; x_wconf 87' lang='lat' dir='ltr'><strong>re-</strong></span> 
     </span>
     <span class='ocr_line' id='line_1_33' title="bbox 204 1999 908 2042; baseline 0.004 -12"><span class='ocrx_word' id='word_1_179' title='bbox 204 1999 308 2040; x_wconf 80' lang='lat' dir='ltr'><strong>liquit.</strong></span> <span class='ocrx_word' id='word_1_180' title='bbox 340 2000 460 2032; x_wconf 86' lang='lat' dir='ltr'><strong>Oratio</strong></span> <span class='ocrx_word' id='word_1_181' title='bbox 475 2002 613 2042; x_wconf 88' lang='lat' dir='ltr'><strong>elegans</strong></span> <span class='ocrx_word' id='word_1_182' title='bbox 629 2009 665 2033; x_wconf 89' lang='lat' dir='ltr'><strong>et</strong></span> <span class='ocrx_word' id='word_1_183' title='bbox 681 2006 774 2042; x_wconf 85' lang='lat' dir='ltr'><strong>apta.</strong></span> <span class='ocrx_word' id='word_1_184' title='bbox 805 2002 908 2035; x_wconf 85' lang='lat' dir='ltr'><strong>Quod</strong></span> 
     </span>
     <span class='ocr_line' id='line_1_34' title="bbox 205 2050 910 2092; baseline 0.004 -12"><span class='ocrx_word' id='word_1_185' title='bbox 205 2053 319 2081; x_wconf 86' lang='lat' dir='ltr'><strong>autem</strong></span> <span class='ocrx_word' id='word_1_186' title='bbox 335 2050 414 2082; x_wconf 88' lang='lat' dir='ltr'><strong>libri</strong></span> <span class='ocrx_word' id='word_1_187' title='bbox 437 2051 574 2092; x_wconf 86' lang='lat' dir='ltr'><strong>quidam</strong></span> <span class='ocrx_word' id='word_1_188' title='bbox 597 2051 739 2092; x_wconf 79' lang='lat' dir='ltr'><strong>addunt,</strong></span> <span class='ocrx_word' id='word_1_189' title='bbox 760 2052 910 2092; x_wconf 79' lang='lat' dir='ltr'><strong>gravibus</strong></span> 
     </span>
     <span class='ocr_line' id='line_1_35' title="bbox 204 2101 909 2145; baseline 0.006 -14"><span class='ocrx_word' id='word_1_190' title='bbox 204 2101 393 2141; x_wconf 83' lang='lat' dir='ltr'><strong>vulneribus,</strong></span> <span class='ocrx_word' id='word_1_191' title='bbox 415 2101 545 2133; x_wconf 87' lang='lat' dir='ltr'><strong>factum</strong></span> <span class='ocrx_word' id='word_1_192' title='bbox 576 2108 627 2133; x_wconf 91' lang='lat' dir='ltr'><strong>est</strong></span> <span class='ocrx_word' id='word_1_193' title='bbox 660 2113 680 2134; x_wconf 88' lang='lat' dir='ltr'><strong>a</strong></span> <span class='ocrx_word' id='word_1_194' title='bbox 704 2104 909 2145; x_wconf 87' lang='lat' dir='ltr'><strong>glossatore,</strong></span> 
     </span>
     <span class='ocr_line' id='line_1_36' title="bbox 206 2151 908 2196; baseline 0.007 -14"><span class='ocrx_word' id='word_1_195' title='bbox 206 2152 264 2193; x_wconf 87' lang='lat' dir='ltr'><strong>qui</strong></span> <span class='ocrx_word' id='word_1_196' title='bbox 280 2151 398 2184; x_wconf 84' lang='lat' dir='ltr'><strong>deesse</strong></span> <span class='ocrx_word' id='word_1_197' title='bbox 425 2153 506 2194; x_wconf 87' lang='lat' dir='ltr'><strong>quid</strong></span> <span class='ocrx_word' id='word_1_198' title='bbox 532 2154 577 2192; x_wconf 75' lang='grc' dir='ltr'><strong>τῷ</strong></span> <span class='ocrx_word' id='word_1_199' title='bbox 598 2154 747 2193; x_wconf 76' lang='lat' dir='ltr'><strong>gravibus</strong></span> <span class='ocrx_word' id='word_1_200' title='bbox 762 2156 908 2196; x_wconf 89' lang='lat' dir='ltr'><strong>putavit.</strong></span> 
     </span>
     <span class='ocr_line' id='line_1_37' title="bbox 205 2202 909 2243; baseline 0.004 -9"><span class='ocrx_word' id='word_1_201' title='bbox 205 2202 296 2234; x_wconf 88' lang='lat' dir='ltr'><strong>Sane</strong></span> <span class='ocrx_word' id='word_1_202' title='bbox 315 2202 430 2243; x_wconf 78' lang='lat' dir='ltr'><strong>frangi</strong></span> <span class='ocrx_word' id='word_1_203' title='bbox 450 2204 626 2235; x_wconf 74' lang='lat' dir='ltr'><strong>vulneribus</strong></span> <span class='ocrx_word' id='word_1_204' title='bbox 647 2214 690 2236; x_wconf 91' lang='lat' dir='ltr'><strong>an</strong></span> <span class='ocrx_word' id='word_1_205' title='bbox 706 2209 803 2236; x_wconf 87' lang='lat' dir='ltr'><strong>recte</strong></span> <span class='ocrx_word' id='word_1_206' title='bbox 819 2205 909 2237; x_wconf 87' lang='lat' dir='ltr'><strong>dica-</strong></span> 
     </span>
     <span class='ocr_line' id='line_1_38' title="bbox 205 2254 909 2296; baseline 0.006 -12"><span class='ocrx_word' id='word_1_207' title='bbox 205 2257 275 2293; x_wconf 90' lang='lat' dir='ltr'><strong>tur,</strong></span> <span class='ocrx_word' id='word_1_208' title='bbox 311 2254 450 2286; x_wconf 88' lang='lat' dir='ltr'><strong>nescio:</strong></span> <span class='ocrx_word' id='word_1_209' title='bbox 489 2255 648 2296; x_wconf 80' lang='lat' dir='ltr'><strong>exempla</strong></span> <span class='ocrx_word' id='word_1_210' title='bbox 685 2256 809 2287; x_wconf 87' lang='lat' dir='ltr'><strong>saltem</strong></span> <span class='ocrx_word' id='word_1_211' title='bbox 838 2256 909 2288; x_wconf 91' lang='lat' dir='ltr'><strong>scio</strong></span> 
     </span>
     <span class='ocr_line' id='line_1_39' title="bbox 206 2304 440 2343; baseline 0.013 -9"><span class='ocrx_word' id='word_1_212' title='bbox 206 2304 311 2335; x_wconf 87' lang='lat' dir='ltr'><strong>nulla.</strong></span> <span class='ocrx_word' id='word_1_213' title='bbox 334 2304 440 2343; x_wconf 81' lang='lat' dir='ltr'><strong>Schef.</strong></span> 
     </span>
    </p>

    <p class='ocr_par' dir='ltr' id='par_1_3' title="bbox 207 2354 910 2748">
     <span class='ocr_line' id='line_1_40' title="bbox 254 2354 908 2398; baseline 0.005 -13"><span class='ocrx_word' id='word_1_214' title='bbox 254 2354 346 2386; x_wconf 80' lang='lat' dir='ltr'><strong>Velut</strong></span> <span class='ocrx_word' id='word_1_215' title='bbox 380 2355 582 2397; x_wconf 79' lang='lat' dir='ltr'><strong>exsanguem]</strong></span> <span class='ocrx_word' id='word_1_216' title='bbox 609 2356 733 2388; x_wconf 54' lang='lat' dir='ltr'><strong>*Faber</strong></span> <span class='ocrx_word' id='word_1_217' title='bbox 772 2357 908 2398; x_wconf 85' lang='lat' dir='ltr'><strong>legend.</strong></span> 
     </span>
     <span class='ocr_line' id='line_1_41' title="bbox 208 2405 909 2445; baseline 0.006 -10"><span class='ocrx_word' id='word_1_218' title='bbox 208 2409 325 2436; x_wconf 86' lang='lat' dir='ltr'><strong>censet</strong></span> <span class='ocrx_word' id='word_1_219' title='bbox 339 2405 420 2436; x_wconf 82' lang='lat' dir='ltr'><strong>velut</strong></span> <span class='ocrx_word' id='word_1_220' title='bbox 434 2416 576 2445; x_wconf 81' lang='lat' dir='ltr'><strong>anguem.</strong></span> <span class='ocrx_word' id='word_1_221' title='bbox 611 2407 752 2438; x_wconf 88' lang='lat' dir='ltr'><strong>Vossius</strong></span> <span class='ocrx_word' id='word_1_222' title='bbox 771 2417 814 2438; x_wconf 88' lang='lat' dir='ltr'><strong>ex</strong></span> <span class='ocrx_word' id='word_1_223' title='bbox 827 2408 909 2439; x_wconf 81' lang='lat' dir='ltr'><strong>Mss.</strong></span> 
     </span>
     <span class='ocr_line' id='line_1_42' title="bbox 207 2454 909 2496; baseline 0.004 -10"><span class='ocrx_word' id='word_1_224' title='bbox 207 2454 277 2486; x_wconf 89' lang='lat' dir='ltr'><strong>fide</strong></span> <span class='ocrx_word' id='word_1_225' title='bbox 299 2458 330 2487; x_wconf 80' lang='lat' dir='ltr'><strong>et</strong></span> <span class='ocrx_word' id='word_1_226' title='bbox 350 2456 499 2496; x_wconf 80' lang='lat' dir='ltr'><strong>gravibus</strong></span> <span class='ocrx_word' id='word_1_227' title='bbox 516 2456 659 2496; x_wconf 79' lang='lat' dir='ltr'><strong>fractum</strong></span> <span class='ocrx_word' id='word_1_228' title='bbox 673 2459 823 2489; x_wconf 87' lang='lat' dir='ltr'><strong>mavult:</strong></span> <span class='ocrx_word' id='word_1_229' title='bbox 849 2458 909 2489; x_wconf 83' lang='lat' dir='ltr'><strong>scd</strong></span> 
     </span>
     <span class='ocr_line' id='line_1_43' title="bbox 208 2508 909 2549; baseline 0.006 -13"><span class='ocrx_word' id='word_1_230' title='bbox 208 2515 290 2538; x_wconf 89' lang='lat' dir='ltr'><strong>vera</strong></span> <span class='ocrx_word' id='word_1_231' title='bbox 316 2512 457 2548; x_wconf 90' lang='lat' dir='ltr'><strong>recepta</strong></span> <span class='ocrx_word' id='word_1_232' title='bbox 483 2508 586 2540; x_wconf 91' lang='lat' dir='ltr'><strong>lectio</strong></span> <span class='ocrx_word' id='word_1_233' title='bbox 612 2513 678 2549; x_wconf 89' lang='lat' dir='ltr'><strong>est,</strong></span> <span class='ocrx_word' id='word_1_234' title='bbox 707 2513 741 2540; x_wconf 93' lang='lat' dir='ltr'><strong>et</strong></span> <span class='ocrx_word' id='word_1_235' title='bbox 767 2508 909 2540; x_wconf 87' lang='lat' dir='ltr'><strong>inferius</strong></span> 
     </span>
     <span class='ocr_line' id='line_1_44' title="bbox 208 2556 910 2601; baseline 0.007 -15"><span class='ocrx_word' id='word_1_236' title='bbox 208 2556 368 2596; x_wconf 85' lang='lat' dir='ltr'><strong>repetita.</strong></span> <span class='ocrx_word' id='word_1_237' title='bbox 389 2557 501 2598; x_wconf 82' lang='lat' dir='ltr'><strong>Angli.</strong></span> <span class='ocrx_word' id='word_1_238' title='bbox 545 2559 674 2599; x_wconf 87' lang='lat' dir='ltr'><strong>Verba,</strong></span> <span class='ocrx_word' id='word_1_239' title='bbox 701 2569 776 2601; x_wconf 86' lang='lat' dir='ltr'><strong>quae</strong></span> <span class='ocrx_word' id='word_1_240' title='bbox 803 2559 910 2601; x_wconf 90' lang='lat' dir='ltr'><strong>respi-</strong></span> 
     </span>
     <span class='ocr_line' id='line_1_45' title="bbox 207 2606 910 2647; baseline 0.006 -11"><span class='ocrx_word' id='word_1_241' title='bbox 207 2606 314 2647; x_wconf 86' lang='lat' dir='ltr'><strong>ciunt,</strong></span> <span class='ocrx_word' id='word_1_242' title='bbox 330 2611 451 2640; x_wconf 85' lang='lat' dir='ltr'><strong>extant</strong></span> <span class='ocrx_word' id='word_1_243' title='bbox 464 2617 539 2641; x_wconf 77' lang='lat' dir='ltr'><strong>xm.</strong></span> <span class='ocrx_word' id='word_1_244' title='bbox 555 2611 587 2640; x_wconf 78' lang='lat'><strong>3.</strong></span> <span class='ocrx_word' id='word_1_245' title='bbox 610 2611 620 2627; x_wconf 88' lang='grc'><strong><em>4</em></strong></span> <span class='ocrx_word' id='word_1_246' title='bbox 633 2609 688 2641; x_wconf 88' lang='lat' dir='ltr'><strong>Ab</strong></span> <span class='ocrx_word' id='word_1_247' title='bbox 704 2609 910 2641; x_wconf 87' lang='lat' dir='ltr'><strong>invalidiori-</strong></span> 
     </span>
     <span class='ocr_line' id='line_1_46' title="bbox 208 2655 910 2702; baseline 0.009 -16"><span class='ocrx_word' id='word_1_248' title='bbox 208 2655 268 2687; x_wconf 85' lang='lat' dir='ltr'><strong>bus</strong></span> <span class='ocrx_word' id='word_1_249' title='bbox 284 2657 433 2698; x_wconf 80' lang='lat' dir='ltr'><strong>Parthis,</strong></span> <span class='ocrx_word' id='word_1_250' title='bbox 448 2659 543 2691; x_wconf 85' lang='lat' dir='ltr'><strong>velut</strong></span> <span class='ocrx_word' id='word_1_251' title='bbox 554 2669 757 2702; x_wconf 84' lang='lat' dir='ltr'><strong>exsangues,</strong></span> <span class='ocrx_word' id='word_1_252' title='bbox 771 2670 910 2702; x_wconf 87' lang='lat' dir='ltr'><strong>oppres-</strong></span> 
     </span>
     <span class='ocr_line' id='line_1_47' title="bbox 210 2706 484 2748; baseline 0.018 -11"><span class='ocrx_word' id='word_1_253' title='bbox 210 2706 237 2737; x_wconf 89' lang='lat' dir='ltr'><strong>si</strong></span> <span class='ocrx_word' id='word_1_254' title='bbox 254 2707 356 2739; x_wconf 88' lang='lat' dir='ltr'><strong>sunt.’</strong></span> <span class='ocrx_word' id='word_1_255' title='bbox 378 2708 484 2748; x_wconf 82' lang='lat' dir='ltr'><strong>Schef.</strong></span> 
     </span>
    </p>

    <p class='ocr_par' dir='ltr' id='par_1_4' title="bbox 211 2758 910 2949">
     <span class='ocr_line' id='line_1_48' title="bbox 254 2758 910 2802; baseline 0.008 -15"><span class='ocrx_word' id='word_1_256' title='bbox 254 2758 271 2797; x_wconf 49' lang='grc' dir='ltr'>ᾗ</span> <span class='ocrx_word' id='word_1_257' title='bbox 287 2760 307 2787; x_wconf 86' lang='grc'>4</span> <span class='ocrx_word' id='word_1_258' title='bbox 331 2759 506 2791; x_wconf 81' lang='lat' dir='ltr'><strong>Flaminino</strong></span> <span class='ocrx_word' id='word_1_259' title='bbox 526 2760 616 2792; x_wconf 75' lang='lat' dir='ltr'><strong>Rom.</strong></span> <span class='ocrx_word' id='word_1_260' title='bbox 634 2761 708 2802; x_wconf 86' lang='lat' dir='ltr'><strong>imp.</strong></span> <span class='ocrx_word' id='word_1_261' title='bbox 719 2770 910 2802; x_wconf 81' lang='lat' dir='ltr'><strong>comparare-</strong></span> 
     </span>
     <span class='ocr_line' id='line_1_49' title="bbox 211 2806 909 2846; baseline 0.011 -11"><span class='ocrx_word' id='word_1_262' title='bbox 211 2806 278 2846; x_wconf 82' lang='lat' dir='ltr'><strong>tar]</strong></span> <span class='ocrx_word' id='word_1_263' title='bbox 291 2807 390 2840; x_wconf 86' lang='lat' dir='ltr'><strong>Quod</strong></span> <span class='ocrx_word' id='word_1_264' title='bbox 403 2810 626 2842; x_wconf 88' lang='lat' dir='ltr'><strong>Flamininum</strong></span> <span class='ocrx_word' id='word_1_265' title='bbox 639 2812 727 2843; x_wconf 86' lang='lat' dir='ltr'><strong>male</strong></span> <span class='ocrx_word' id='word_1_266' title='bbox 743 2812 909 2843; x_wconf 85' lang='lat' dir='ltr'><strong>habebat:</strong></span> 
     </span>
     <span class='ocr_line' id='line_1_50' title="bbox 212 2856 910 2902; baseline 0.011 -17"><span class='ocrx_word' id='word_1_267' title='bbox 212 2861 246 2886; x_wconf 87' lang='lat' dir='ltr'><strong>et</strong></span> <span class='ocrx_word' id='word_1_268' title='bbox 277 2856 480 2891; x_wconf 87' lang='lat' dir='ltr'><strong>Plutarchus</strong></span> <span class='ocrx_word' id='word_1_269' title='bbox 504 2859 726 2902; x_wconf 88' lang='lat' dir='ltr'><strong>(Philopoem.</strong></span> <span class='ocrx_word' id='word_1_270' title='bbox 753 2864 806 2893; x_wconf 83' lang='lat'><strong>25.</strong></span> <span class='ocrx_word' id='word_1_271' title='bbox 833 2862 910 2892; x_wconf 89' lang='lat' dir='ltr'><strong>Fla-</strong></span> 
     </span>
     <span class='ocr_line' id='line_1_51' title="bbox 214 2905 910 2949; baseline 0.013 -13"><span class='ocrx_word' id='word_1_272' title='bbox 214 2905 293 2938; x_wconf 82' lang='lat' dir='ltr'><strong>min.</strong></span> <span class='ocrx_word' id='word_1_273' title='bbox 308 2908 379 2949; x_wconf 79' lang='lat'><strong>23.)</strong></span> <span class='ocrx_word' id='word_1_274' title='bbox 401 2909 489 2943; x_wconf 86' lang='lat' dir='ltr'><strong>inter</strong></span> <span class='ocrx_word' id='word_1_275' title='bbox 505 2919 624 2943; x_wconf 84' lang='lat' dir='ltr'><strong>causas</strong></span> <span class='ocrx_word' id='word_1_276' title='bbox 640 2910 728 2944; x_wconf 80' lang='lat' dir='ltr'><strong>finiti</strong></span> <span class='ocrx_word' id='word_1_277' title='bbox 746 2921 823 2945; x_wconf 88' lang='lat' dir='ltr'><strong>cum</strong></span> <span class='ocrx_word' id='word_1_278' title='bbox 841 2913 910 2945; x_wconf 85' lang='lat' dir='ltr'><strong>Na-</strong></span> 
     </span>
    </p>
   </div>
   <div class='ocr_carea' id='block_1_3' title="bbox 1565 334 1649 374">
    <p class='ocr_par' dir='ltr' id='par_1_5' title="bbox 1565 334 1649 374">
     <span class='ocr_line' id='line_1_52' title="bbox 1565 334 1649 374; baseline -0.012 0"><span class='ocrx_word' id='word_1_279' title='bbox 1565 334 1649 374; x_wconf 73' lang='lat'><strong>957</strong></span> 
     </span>
    </p>
   </div>
   <div class='ocr_carea' id='block_1_4' title="bbox 948 437 1663 1942">
    <p class='ocr_par' dir='ltr' id='par_1_6' title="bbox 948 437 1653 579">
     <span class='ocr_line' id='line_1_53' title="bbox 949 437 1652 478; baseline 0 -9"><span class='ocrx_word' id='word_1_280' title='bbox 949 437 1027 469; x_wconf 87' lang='lat' dir='ltr'><strong>bide</strong></span> <span class='ocrx_word' id='word_1_281' title='bbox 1044 438 1126 469; x_wconf 88' lang='lat' dir='ltr'><strong>belli</strong></span> <span class='ocrx_word' id='word_1_282' title='bbox 1142 442 1299 470; x_wconf 89' lang='lat' dir='ltr'><strong>recenset</strong></span> <span class='ocrx_word' id='word_1_283' title='bbox 1313 437 1496 469; x_wconf 88' lang='lat' dir='ltr'><strong>Flaminini</strong></span> <span class='ocrx_word' id='word_1_284' title='bbox 1520 443 1652 478; x_wconf 80' lang='grc' dir='ltr'>φιλονει-</span> 
     </span>
     <span class='ocr_line' id='line_1_54' title="bbox 948 487 1653 528; baseline 0 -9"><span class='ocrx_word' id='word_1_285' title='bbox 948 488 1018 519; x_wconf 81' lang='grc' dir='ltr'>κίαν</span> <span class='ocrx_word' id='word_1_286' title='bbox 1033 488 1082 519; x_wconf 79' lang='grc' dir='ltr'><strong>καὶ</strong></span> <span class='ocrx_word' id='word_1_287' title='bbox 1096 488 1289 528; x_wconf 80' lang='grc' dir='ltr'>ζηλοτυπίαν</span> <span class='ocrx_word' id='word_1_288' title='bbox 1302 489 1363 520; x_wconf 79' lang='grc' dir='ltr'><strong>τῶν</strong></span> <span class='ocrx_word' id='word_1_289' title='bbox 1378 487 1594 528; x_wconf 81' lang='grc' dir='ltr'>Φιλοποίμενος</span> <span class='ocrx_word' id='word_1_290' title='bbox 1607 501 1653 519; x_wconf 82' lang='grc' dir='ltr'><strong>τι-</strong></span> 
     </span>
     <span class='ocr_line' id='line_1_55' title="bbox 948 540 1203 579; baseline 0 -9"><span class='ocrx_word' id='word_1_291' title='bbox 948 541 1022 578; x_wconf 82' lang='grc' dir='ltr'><strong><em>μῶν.</em></strong></span> <span class='ocrx_word' id='word_1_292' title='bbox 1046 540 1203 579; x_wconf 78' lang='lat' dir='ltr'><strong>Bongars.</strong></span> 
     </span>
    </p>

    <p class='ocr_par' dir='ltr' id='par_1_7' title="bbox 951 588 1654 730">
     <span class='ocr_line' id='line_1_56' title="bbox 993 588 1653 630; baseline 0.003 -11"><span class='ocrx_word' id='word_1_293' title='bbox 993 590 1010 630; x_wconf 54' lang='grc' dir='ltr'><em>ᾧ</em></span> <span class='ocrx_word' id='word_1_294' title='bbox 1027 593 1045 619; x_wconf 90' lang='grc'><em>5</em></span> <span class='ocrx_word' id='word_1_295' title='bbox 1071 589 1248 629; x_wconf 73' lang='lat' dir='ltr'><strong>Hannibal,</strong></span> <span class='ocrx_word' id='word_1_296' title='bbox 1259 589 1327 630; x_wconf 51' lang='grc' dir='ltr'><strong>ἔξω]</strong></span> <span class='ocrx_word' id='word_1_297' title='bbox 1349 589 1422 620; x_wconf 78' lang='lat' dir='ltr'><strong>Cic,</strong></span> <span class='ocrx_word' id='word_1_298' title='bbox 1436 598 1478 621; x_wconf 79' lang='grc' dir='ltr'><strong>ιι.</strong></span> <span class='ocrx_word' id='word_1_299' title='bbox 1494 588 1537 620; x_wconf 84' lang='lat' dir='ltr'><strong>de</strong></span> <span class='ocrx_word' id='word_1_300' title='bbox 1553 590 1653 621; x_wconf 85' lang='lat' dir='ltr'><strong>Orat.</strong></span> 
     </span>
     <span class='ocr_line' id='line_1_57' title="bbox 951 638 1654 680; baseline 0.001 -11"><span class='ocrx_word' id='word_1_301' title='bbox 951 641 1003 670; x_wconf 89' lang='grc'><strong>18.</strong></span> <span class='ocrx_word' id='word_1_302' title='bbox 1026 638 1068 670; x_wconf 90' lang='lat' dir='ltr'><strong>de</strong></span> <span class='ocrx_word' id='word_1_303' title='bbox 1081 639 1297 671; x_wconf 87' lang='lat' dir='ltr'><strong>Hannibale:</strong></span> <span class='ocrx_word' id='word_1_304' title='bbox 1323 640 1332 656; x_wconf 84' lang='lat'>‘</span> <span class='ocrx_word' id='word_1_305' title='bbox 1343 638 1515 680; x_wconf 85' lang='lat' dir='ltr'><strong>Ephesum</strong></span> <span class='ocrx_word' id='word_1_306' title='bbox 1529 639 1571 670; x_wconf 88' lang='lat' dir='ltr'><strong>ad</strong></span> <span class='ocrx_word' id='word_1_307' title='bbox 1587 640 1654 671; x_wconf 85' lang='lat' dir='ltr'><strong>An-</strong></span> 
     </span>
     <span class='ocr_line' id='line_1_58' title="bbox 951 689 1295 730; baseline 0.003 -10"><span class='ocrx_word' id='word_1_308' title='bbox 951 690 1100 721; x_wconf 89' lang='lat' dir='ltr'><strong>tiochum</strong></span> <span class='ocrx_word' id='word_1_309' title='bbox 1116 689 1295 730; x_wconf 65' lang='lat' dir='ltr'><strong>confugit!</strong></span> 
     </span>
    </p>

    <p class='ocr_par' dir='ltr' id='par_1_8' title="bbox 950 741 1659 1278">
     <span class='ocr_line' id='line_1_59' title="bbox 994 741 1657 781; baseline 0.002 -10"><span class='ocrx_word' id='word_1_310' title='bbox 994 741 1011 781; x_wconf 55' lang='grc' dir='ltr'>ξ</span> <span class='ocrx_word' id='word_1_311' title='bbox 1028 744 1049 772; x_wconf 84' lang='grc'><strong>6</strong></span> <span class='ocrx_word' id='word_1_312' title='bbox 1065 741 1239 781; x_wconf 79' lang='lat' dir='ltr'><strong>Tantusque</strong></span> <span class='ocrx_word' id='word_1_313' title='bbox 1255 741 1388 772; x_wconf 79' lang='lat' dir='ltr'><strong>adventu</strong></span> <span class='ocrx_word' id='word_1_314' title='bbox 1403 741 1469 780; x_wconf 79' lang='lat' dir='ltr'><strong>ejus</strong></span> <span class='ocrx_word' id='word_1_315' title='bbox 1482 742 1575 772; x_wconf 82' lang='lat' dir='ltr'><strong>ardor</strong></span> <span class='ocrx_word' id='word_1_316' title='bbox 1590 742 1657 772; x_wconf 84' lang='lat' dir='ltr'><strong>ani-</strong></span> 
     </span>
     <span class='ocr_line' id='line_1_60' title="bbox 951 792 1654 832; baseline 0 -10"><span class='ocrx_word' id='word_1_317' title='bbox 951 792 1011 822; x_wconf 84' lang='lat' dir='ltr'><strong>mis</strong></span> <span class='ocrx_word' id='word_1_318' title='bbox 1035 793 1120 832; x_wconf 81' lang='lat' dir='ltr'><strong>regis</strong></span> <span class='ocrx_word' id='word_1_319' title='bbox 1143 792 1286 832; x_wconf 76' lang='lat' dir='ltr'><strong>accessit]</strong></span> <span class='ocrx_word' id='word_1_320' title='bbox 1321 792 1419 824; x_wconf 88' lang='lat' dir='ltr'><strong>Junt.</strong></span> <span class='ocrx_word' id='word_1_321' title='bbox 1442 792 1544 823; x_wconf 84' lang='lat' dir='ltr'><strong>animo</strong></span> <span class='ocrx_word' id='word_1_322' title='bbox 1557 793 1654 831; x_wconf 85' lang='lat' dir='ltr'><strong>regis.</strong></span> 
     </span>
     <span class='ocr_line' id='line_1_61' title="bbox 950 842 1656 884; baseline 0 -11"><span class='ocrx_word' id='word_1_323' title='bbox 950 842 1020 873; x_wconf 91' lang='lat' dir='ltr'><strong>Sed</strong></span> <span class='ocrx_word' id='word_1_324' title='bbox 1034 842 1117 873; x_wconf 83' lang='lat' dir='ltr'><strong>nihil</strong></span> <span class='ocrx_word' id='word_1_325' title='bbox 1130 848 1234 873; x_wconf 87' lang='lat' dir='ltr'><strong>muta.</strong></span> <span class='ocrx_word' id='word_1_326' title='bbox 1258 852 1323 874; x_wconf 84' lang='lat' dir='ltr'><strong>vu.</strong></span> <span class='ocrx_word' id='word_1_327' title='bbox 1337 845 1368 874; x_wconf 86' lang='lat'><strong>3.</strong></span> <span class='ocrx_word' id='word_1_328' title='bbox 1385 843 1394 859; x_wconf 95' lang='lat'>‘</span> <span class='ocrx_word' id='word_1_329' title='bbox 1409 843 1656 884; x_wconf 86' lang='lat' dir='ltr'><strong>Depositisque</strong></span> 
     </span>
     <span class='ocr_line' id='line_1_62' title="bbox 951 892 1658 934; baseline 0.001 -11"><span class='ocrx_word' id='word_1_330' title='bbox 951 892 1128 924; x_wconf 89' lang='lat' dir='ltr'><strong>hostilibus</strong></span> <span class='ocrx_word' id='word_1_331' title='bbox 1155 893 1289 931; x_wconf 89' lang='lat' dir='ltr'><strong>animis,</strong></span> <span class='ocrx_word' id='word_1_332' title='bbox 1316 893 1350 924; x_wconf 91' lang='lat' dir='ltr'><strong>in</strong></span> <span class='ocrx_word' id='word_1_333' title='bbox 1381 892 1555 925; x_wconf 88' lang='lat' dir='ltr'><strong>affinitatis</strong></span> <span class='ocrx_word' id='word_1_334' title='bbox 1577 895 1658 934; x_wconf 86' lang='lat' dir='ltr'><strong>jura</strong></span> 
     </span>
     <span class='ocr_line' id='line_1_63' title="bbox 954 943 1658 984; baseline 0.001 -10"><span class='ocrx_word' id='word_1_335' title='bbox 954 943 1141 974; x_wconf 85' lang='lat' dir='ltr'><strong>succedit:&#39;</strong></span> <span class='ocrx_word' id='word_1_336' title='bbox 1166 943 1228 977; x_wconf 74' lang='lat' dir='ltr'><strong>ubi</strong></span> <span class='ocrx_word' id='word_1_337' title='bbox 1250 944 1338 975; x_wconf 90' lang='lat' dir='ltr'><strong>male</strong></span> <span class='ocrx_word' id='word_1_338' title='bbox 1363 944 1556 984; x_wconf 88' lang='lat' dir='ltr'><strong>emendant,</strong></span> <span class='ocrx_word' id='word_1_339' title='bbox 1577 945 1658 976; x_wconf 83' lang='lat' dir='ltr'><strong>host.</strong></span> 
     </span>
     <span class='ocr_line' id='line_1_64' title="bbox 953 993 1658 1034; baseline 0.003 -11"><span class='ocrx_word' id='word_1_340' title='bbox 953 993 1062 1025; x_wconf 81' lang='lat' dir='ltr'><strong>armis.</strong></span> <span class='ocrx_word' id='word_1_341' title='bbox 1104 994 1150 1024; x_wconf 88' lang='lat' dir='ltr'><strong>Et</strong></span> <span class='ocrx_word' id='word_1_342' title='bbox 1167 1002 1245 1025; x_wconf 79' lang='lat' dir='ltr'><strong>xxr.</strong></span> <span class='ocrx_word' id='word_1_343' title='bbox 1261 996 1294 1025; x_wconf 88' lang='grc'><strong>6.</strong></span> <span class='ocrx_word' id='word_1_344' title='bbox 1316 994 1326 1010; x_wconf 99' lang='grc'><strong><em>4</em></strong></span> <span class='ocrx_word' id='word_1_345' title='bbox 1340 993 1491 1025; x_wconf 87' lang='lat' dir='ltr'><strong>Mittunt</strong></span> <span class='ocrx_word' id='word_1_346' title='bbox 1515 995 1556 1025; x_wconf 87' lang='lat' dir='ltr'><strong>ad</strong></span> <span class='ocrx_word' id='word_1_347' title='bbox 1582 1004 1658 1034; x_wconf 89' lang='lat' dir='ltr'><strong>spe-</strong></span> 
     </span>
     <span class='ocr_line' id='line_1_65' title="bbox 954 1044 1658 1085; baseline 0 -10"><span class='ocrx_word' id='word_1_348' title='bbox 954 1044 1117 1075; x_wconf 86' lang='lat' dir='ltr'><strong>culandos</strong></span> <span class='ocrx_word' id='word_1_349' title='bbox 1141 1045 1214 1085; x_wconf 88' lang='lat' dir='ltr'><strong>ejus</strong></span> <span class='ocrx_word' id='word_1_350' title='bbox 1242 1045 1370 1076; x_wconf 89' lang='lat' dir='ltr'><strong>animos</strong></span> <span class='ocrx_word' id='word_1_351' title='bbox 1402 1044 1658 1076; x_wconf 63' lang='lat' dir='ltr'><strong>Hamilcarem!</strong></span> 
     </span>
     <span class='ocr_line' id='line_1_66' title="bbox 953 1094 1659 1135; baseline 0 -10"><span class='ocrx_word' id='word_1_352' title='bbox 953 1094 1009 1125; x_wconf 90' lang='lat' dir='ltr'><strong>Sic</strong></span> <span class='ocrx_word' id='word_1_353' title='bbox 1027 1098 1063 1125; x_wconf 87' lang='lat' dir='ltr'><strong>et</strong></span> <span class='ocrx_word' id='word_1_354' title='bbox 1089 1095 1098 1111; x_wconf 89' lang='lat'>‘</span> <span class='ocrx_word' id='word_1_355' title='bbox 1112 1094 1288 1135; x_wconf 82' lang='lat' dir='ltr'><strong>epistolae&#39;</strong></span> <span class='ocrx_word' id='word_1_356' title='bbox 1312 1104 1387 1135; x_wconf 90' lang='lat' dir='ltr'><strong>pro,</strong></span> <span class='ocrx_word' id='word_1_357' title='bbox 1409 1094 1569 1135; x_wconf 84' lang='lat' dir='ltr'><strong>epistola,</strong></span> <span class='ocrx_word' id='word_1_358' title='bbox 1591 1094 1659 1126; x_wconf 87' lang='lat' dir='ltr'><strong>fre-</strong></span> 
     </span>
     <span class='ocr_line' id='line_1_67' title="bbox 955 1144 1658 1187; baseline 0.003 -13"><span class='ocrx_word' id='word_1_359' title='bbox 955 1154 1060 1185; x_wconf 88' lang='lat' dir='ltr'><strong>quens</strong></span> <span class='ocrx_word' id='word_1_360' title='bbox 1085 1145 1228 1184; x_wconf 86' lang='lat' dir='ltr'><strong>Nostro,</strong></span> <span class='ocrx_word' id='word_1_361' title='bbox 1251 1149 1287 1176; x_wconf 88' lang='lat' dir='ltr'><strong>et</strong></span> <span class='ocrx_word' id='word_1_362' title='bbox 1307 1145 1316 1162; x_wconf 86' lang='lat'>‘</span> <span class='ocrx_word' id='word_1_363' title='bbox 1330 1144 1460 1176; x_wconf 85' lang='lat' dir='ltr'><strong>causae&#39;</strong></span> <span class='ocrx_word' id='word_1_364' title='bbox 1483 1155 1558 1187; x_wconf 87' lang='lat' dir='ltr'><strong>pr0,</strong></span> <span class='ocrx_word' id='word_1_365' title='bbox 1580 1155 1658 1176; x_wconf 90' lang='lat' dir='ltr'><strong>cau-</strong></span> 
     </span>
     <span class='ocr_line' id='line_1_68' title="bbox 955 1195 1657 1227; baseline 0 -1"><span class='ocrx_word' id='word_1_366' title='bbox 955 1205 1002 1227; x_wconf 88' lang='lat' dir='ltr'><strong>sa.</strong></span> <span class='ocrx_word' id='word_1_367' title='bbox 1026 1195 1134 1227; x_wconf 81' lang='lat' dir='ltr'><strong>Groev.</strong></span> <span class='ocrx_word' id='word_1_368' title='bbox 1179 1197 1188 1213; x_wconf 91' lang='lat'>‘</span> <span class='ocrx_word' id='word_1_369' title='bbox 1214 1195 1346 1227; x_wconf 90' lang='lat' dir='ltr'><strong>Animi&#39;</strong></span> <span class='ocrx_word' id='word_1_370' title='bbox 1375 1200 1411 1227; x_wconf 88' lang='lat' dir='ltr'><strong>et</strong></span> <span class='ocrx_word' id='word_1_371' title='bbox 1442 1196 1540 1226; x_wconf 88' lang='lat' dir='ltr'><strong>unius</strong></span> <span class='ocrx_word' id='word_1_372' title='bbox 1567 1201 1657 1227; x_wconf 89' lang='lat' dir='ltr'><strong>sunt.</strong></span> 
     </span>
     <span class='ocr_line' id='line_1_69' title="bbox 956 1246 1474 1278; baseline 0 -2"><span class='ocrx_word' id='word_1_373' title='bbox 956 1254 1024 1278; x_wconf 85' lang='lat' dir='ltr'><strong>vn.</strong></span> <span class='ocrx_word' id='word_1_374' title='bbox 1037 1248 1068 1277; x_wconf 79' lang='lat'><strong>3.</strong></span> <span class='ocrx_word' id='word_1_375' title='bbox 1083 1249 1114 1277; x_wconf 90' lang='grc'><strong>9.</strong></span> <span class='ocrx_word' id='word_1_376' title='bbox 1139 1249 1174 1277; x_wconf 91' lang='lat' dir='ltr'><strong>et</strong></span> <span class='ocrx_word' id='word_1_377' title='bbox 1190 1255 1271 1278; x_wconf 82' lang='lat' dir='ltr'><strong>xxr.</strong></span> <span class='ocrx_word' id='word_1_378' title='bbox 1287 1249 1319 1278; x_wconf 88' lang='grc'><strong>6.</strong></span> <span class='ocrx_word' id='word_1_379' title='bbox 1335 1249 1366 1278; x_wconf 92' lang='lat'><strong>1.</strong></span> <span class='ocrx_word' id='word_1_380' title='bbox 1398 1246 1474 1278; x_wconf 87' lang='lat' dir='ltr'><strong>Vor.</strong></span> 
     </span>
    </p>

    <p class='ocr_par' dir='ltr' id='par_1_9' title="bbox 955 1295 1663 1942">
     <span class='ocr_line' id='line_1_70' title="bbox 999 1295 1661 1335; baseline 0.002 -10"><span class='ocrx_word' id='word_1_381' title='bbox 999 1296 1015 1335; x_wconf 59' lang='grc' dir='ltr'>ξ</span> <span class='ocrx_word' id='word_1_382' title='bbox 1031 1297 1050 1325; x_wconf 86' lang='grc'>7</span> <span class='ocrx_word' id='word_1_383' title='bbox 1074 1295 1221 1335; x_wconf 84' lang='lat' dir='ltr'><strong>Annibal,</strong></span> <span class='ocrx_word' id='word_1_384' title='bbox 1242 1296 1294 1326; x_wconf 82' lang='lat' dir='ltr'><strong>cui</strong></span> <span class='ocrx_word' id='word_1_385' title='bbox 1316 1299 1387 1327; x_wconf 82' lang='lat' dir='ltr'><strong>nota</strong></span> <span class='ocrx_word' id='word_1_386' title='bbox 1405 1296 1544 1327; x_wconf 84' lang='lat' dir='ltr'><strong>Romana</strong></span> <span class='ocrx_word' id='word_1_387' title='bbox 1560 1296 1661 1327; x_wconf 76' lang='lat' dir='ltr'><strong>virtus</strong></span> 
     </span>
     <span class='ocr_line' id='line_1_71' title="bbox 955 1345 1661 1385; baseline 0.003 -11"><span class='ocrx_word' id='word_1_388' title='bbox 955 1348 1037 1384; x_wconf 76' lang='lat' dir='ltr'><strong>erat,</strong></span> <span class='ocrx_word' id='word_1_389' title='bbox 1050 1345 1184 1384; x_wconf 79' lang='lat' dir='ltr'><strong>negabat</strong></span> <span class='ocrx_word' id='word_1_390' title='bbox 1198 1345 1332 1385; x_wconf 83' lang='lat' dir='ltr'><strong>opprimi</strong></span> <span class='ocrx_word' id='word_1_391' title='bbox 1344 1345 1509 1385; x_wconf 83' lang='lat' dir='ltr'><strong>Romanos,</strong></span> <span class='ocrx_word' id='word_1_392' title='bbox 1521 1345 1592 1385; x_wconf 56' lang='lat' dir='ltr'><strong>Esca]</strong></span> <span class='ocrx_word' id='word_1_393' title='bbox 1604 1345 1661 1376; x_wconf 93' lang='lat' dir='ltr'><strong>Ita</strong></span> 
     </span>
     <span class='ocr_line' id='line_1_72' title="bbox 956 1394 1660 1436; baseline 0.003 -12"><span class='ocrx_word' id='word_1_394' title='bbox 956 1394 1031 1426; x_wconf 90' lang='lat' dir='ltr'><strong>Liv.</strong></span> <span class='ocrx_word' id='word_1_395' title='bbox 1048 1403 1180 1428; x_wconf 74' lang='lat' dir='ltr'><strong>xxxiv.</strong></span> <span class='ocrx_word' id='word_1_396' title='bbox 1195 1398 1248 1427; x_wconf 89' lang='grc'><strong>59.</strong></span> <span class='ocrx_word' id='word_1_397' title='bbox 1269 1396 1279 1412; x_wconf 90' lang='grc'><strong><em>4</em></strong></span> <span class='ocrx_word' id='word_1_398' title='bbox 1291 1395 1472 1427; x_wconf 85' lang='lat' dir='ltr'><strong>Sententia</strong></span> <span class='ocrx_word' id='word_1_399' title='bbox 1487 1396 1557 1436; x_wconf 88' lang='lat' dir='ltr'><strong>ejus</strong></span> <span class='ocrx_word' id='word_1_400' title='bbox 1575 1396 1660 1436; x_wconf 82' lang='lat' dir='ltr'><strong>[An-</strong></span> 
     </span>
     <span class='ocr_line' id='line_1_73' title="bbox 955 1445 1661 1487; baseline 0.004 -13"><span class='ocrx_word' id='word_1_401' title='bbox 955 1445 1094 1485; x_wconf 86' lang='lat' dir='ltr'><strong>nibalis]</strong></span> <span class='ocrx_word' id='word_1_402' title='bbox 1128 1455 1194 1476; x_wconf 90' lang='lat' dir='ltr'><strong>una</strong></span> <span class='ocrx_word' id='word_1_403' title='bbox 1226 1450 1330 1487; x_wconf 84' lang='lat' dir='ltr'><strong>atque</strong></span> <span class='ocrx_word' id='word_1_404' title='bbox 1367 1446 1487 1477; x_wconf 87' lang='lat' dir='ltr'><strong>eadem</strong></span> <span class='ocrx_word' id='word_1_405' title='bbox 1524 1456 1661 1487; x_wconf 82' lang='lat' dir='ltr'><strong>semper</strong></span> 
     </span>
     <span class='ocr_line' id='line_1_74' title="bbox 957 1495 1659 1537; baseline 0.003 -12"><span class='ocrx_word' id='word_1_406' title='bbox 957 1499 1043 1534; x_wconf 89' lang='lat' dir='ltr'><strong>erat,</strong></span> <span class='ocrx_word' id='word_1_407' title='bbox 1066 1500 1104 1526; x_wconf 94' lang='lat' dir='ltr'><strong>ut</strong></span> <span class='ocrx_word' id='word_1_408' title='bbox 1132 1495 1167 1526; x_wconf 89' lang='lat' dir='ltr'><strong>in</strong></span> <span class='ocrx_word' id='word_1_409' title='bbox 1193 1495 1296 1526; x_wconf 89' lang='lat' dir='ltr'><strong>Italia</strong></span> <span class='ocrx_word' id='word_1_410' title='bbox 1322 1496 1448 1527; x_wconf 86' lang='lat' dir='ltr'><strong>bellum</strong></span> <span class='ocrx_word' id='word_1_411' title='bbox 1471 1501 1659 1537; x_wconf 85' lang='lat' dir='ltr'><strong>gereretur.</strong></span> 
     </span>
     <span class='ocr_line' id='line_1_75' title="bbox 958 1545 1660 1578; baseline 0.003 -3"><span class='ocrx_word' id='word_1_412' title='bbox 958 1545 1095 1576; x_wconf 88' lang='lat' dir='ltr'><strong>Italiam</strong></span> <span class='ocrx_word' id='word_1_413' title='bbox 1126 1550 1162 1577; x_wconf 90' lang='lat' dir='ltr'><strong>et</strong></span> <span class='ocrx_word' id='word_1_414' title='bbox 1199 1552 1408 1578; x_wconf 86' lang='lat' dir='ltr'><strong>commeatus</strong></span> <span class='ocrx_word' id='word_1_415' title='bbox 1443 1551 1479 1578; x_wconf 91' lang='lat' dir='ltr'><strong>et</strong></span> <span class='ocrx_word' id='word_1_416' title='bbox 1515 1547 1660 1578; x_wconf 88' lang='lat' dir='ltr'><strong>militem</strong></span> 
     </span>
     <span class='ocr_line' id='line_1_76' title="bbox 956 1596 1661 1636; baseline 0.004 -10"><span class='ocrx_word' id='word_1_417' title='bbox 956 1596 1180 1636; x_wconf 80' lang='lat' dir='ltr'><strong>praebituram</strong></span> <span class='ocrx_word' id='word_1_418' title='bbox 1206 1602 1349 1629; x_wconf 79' lang='lat' dir='ltr'><strong>externo</strong></span> <span class='ocrx_word' id='word_1_419' title='bbox 1378 1597 1493 1629; x_wconf 90' lang='lat' dir='ltr'><strong>hosti:</strong></span> <span class='ocrx_word' id='word_1_420' title='bbox 1524 1597 1550 1628; x_wconf 90' lang='lat' dir='ltr'><strong>si</strong></span> <span class='ocrx_word' id='word_1_421' title='bbox 1581 1597 1661 1629; x_wconf 86' lang='lat' dir='ltr'><strong>nihil</strong></span> 
     </span>
     <span class='ocr_line' id='line_1_77' title="bbox 957 1646 1660 1689; baseline 0.007 -13"><span class='ocrx_word' id='word_1_422' title='bbox 957 1646 1004 1676; x_wconf 94' lang='lat' dir='ltr'><strong>ibi</strong></span> <span class='ocrx_word' id='word_1_423' title='bbox 1018 1653 1208 1687; x_wconf 88' lang='lat' dir='ltr'><strong>moveatur,</strong></span> <span class='ocrx_word' id='word_1_424' title='bbox 1230 1648 1400 1689; x_wconf 90' lang='lat' dir='ltr'><strong>liceatque</strong></span> <span class='ocrx_word' id='word_1_425' title='bbox 1422 1648 1547 1688; x_wconf 84' lang='lat' dir='ltr'><strong>populo</strong></span> <span class='ocrx_word' id='word_1_426' title='bbox 1561 1648 1660 1681; x_wconf 85' lang='lat' dir='ltr'><strong>Rom.</strong></span> 
     </span>
     <span class='ocr_line' id='line_1_78' title="bbox 958 1696 1661 1738; baseline 0.004 -11"><span class='ocrx_word' id='word_1_427' title='bbox 958 1696 1085 1728; x_wconf 88' lang='lat' dir='ltr'><strong>viribus</strong></span> <span class='ocrx_word' id='word_1_428' title='bbox 1103 1702 1139 1728; x_wconf 88' lang='lat' dir='ltr'><strong>et</strong></span> <span class='ocrx_word' id='word_1_429' title='bbox 1153 1698 1261 1738; x_wconf 82' lang='lat' dir='ltr'><strong>copiis</strong></span> <span class='ocrx_word' id='word_1_430' title='bbox 1278 1698 1389 1729; x_wconf 80' lang='lat' dir='ltr'><strong>Italiae</strong></span> <span class='ocrx_word' id='word_1_431' title='bbox 1413 1704 1511 1730; x_wconf 83' lang='lat' dir='ltr'><strong>extra</strong></span> <span class='ocrx_word' id='word_1_432' title='bbox 1525 1699 1661 1730; x_wconf 90' lang='lat' dir='ltr'><strong>Italiam</strong></span> 
     </span>
     <span class='ocr_line' id='line_1_79' title="bbox 957 1746 1661 1790; baseline 0.006 -14"><span class='ocrx_word' id='word_1_433' title='bbox 957 1746 1082 1777; x_wconf 86' lang='lat' dir='ltr'><strong>bellum</strong></span> <span class='ocrx_word' id='word_1_434' title='bbox 1100 1757 1242 1788; x_wconf 79' lang='lat' dir='ltr'><strong>gerere3</strong></span> <span class='ocrx_word' id='word_1_435' title='bbox 1267 1757 1378 1789; x_wconf 90' lang='lat' dir='ltr'><strong>neque</strong></span> <span class='ocrx_word' id='word_1_436' title='bbox 1396 1758 1527 1789; x_wconf 84' lang='lat' dir='ltr'><strong>regem,</strong></span> <span class='ocrx_word' id='word_1_437' title='bbox 1549 1759 1661 1790; x_wconf 87' lang='lat' dir='ltr'><strong>neque</strong></span> 
     </span>
     <span class='ocr_line' id='line_1_80' title="bbox 959 1798 1663 1839; baseline 0.006 -12"><span class='ocrx_word' id='word_1_438' title='bbox 959 1802 1098 1837; x_wconf 86' lang='lat' dir='ltr'><strong>gentem</strong></span> <span class='ocrx_word' id='word_1_439' title='bbox 1124 1798 1228 1829; x_wconf 89' lang='lat' dir='ltr'><strong>ullam</strong></span> <span class='ocrx_word' id='word_1_440' title='bbox 1249 1807 1365 1839; x_wconf 87' lang='lat' dir='ltr'><strong>parem</strong></span> <span class='ocrx_word' id='word_1_441' title='bbox 1395 1799 1555 1830; x_wconf 88' lang='lat' dir='ltr'><strong>Romanis</strong></span> <span class='ocrx_word' id='word_1_442' title='bbox 1579 1809 1663 1831; x_wconf 89' lang='lat' dir='ltr'><strong>esse.</strong></span> 
     </span>
     <span class='ocr_line' id='line_1_81' title="bbox 957 1847 1662 1889; baseline 0.006 -11"><span class='ocrx_word' id='word_1_443' title='bbox 957 1847 1027 1878; x_wconf 89' lang='lat' dir='ltr'><strong>Sibi</strong></span> <span class='ocrx_word' id='word_1_444' title='bbox 1037 1853 1174 1879; x_wconf 83' lang='lat' dir='ltr'><strong>centum</strong></span> <span class='ocrx_word' id='word_1_445' title='bbox 1186 1853 1296 1880; x_wconf 86' lang='lat' dir='ltr'><strong>tectas</strong></span> <span class='ocrx_word' id='word_1_446' title='bbox 1306 1859 1420 1889; x_wconf 89' lang='lat' dir='ltr'><strong>naves,</strong></span> <span class='ocrx_word' id='word_1_447' title='bbox 1431 1850 1580 1881; x_wconf 87' lang='lat' dir='ltr'><strong>sedecim</strong></span> <span class='ocrx_word' id='word_1_448' title='bbox 1591 1851 1662 1881; x_wconf 89' lang='lat' dir='ltr'><strong>mil-</strong></span> 
     </span>
     <span class='ocr_line' id='line_1_82' title="bbox 957 1898 1662 1942; baseline 0.006 -13"><span class='ocrx_word' id='word_1_449' title='bbox 957 1898 1002 1929; x_wconf 92' lang='lat' dir='ltr'><strong>lia</strong></span> <span class='ocrx_word' id='word_1_450' title='bbox 1013 1899 1276 1940; x_wconf 87' lang='lat' dir='ltr'><strong>peditum,mille</strong></span> <span class='ocrx_word' id='word_1_451' title='bbox 1288 1901 1422 1942; x_wconf 89' lang='lat' dir='ltr'><strong>equites</strong></span> <span class='ocrx_word' id='word_1_452' title='bbox 1433 1901 1662 1942; x_wconf 89' lang='lat' dir='ltr'><strong>deposcebat:</strong></span> 
     </span>
    </p>
   </div>
   <div class='ocr_carea' id='block_1_5' title="bbox 957 1956 1665 2953">
    <p class='ocr_par' dir='ltr' id='par_1_10' title="bbox 957 1956 1665 2341">
     <span class='ocr_line' id='line_1_83' title="bbox 957 1956 1664 1998; baseline 0.007 -12"><span class='ocrx_word' id='word_1_453' title='bbox 957 1957 1022 1987; x_wconf 73' lang='grc' dir='ltr'><strong>διο.</strong></span> <span class='ocrx_word' id='word_1_454' title='bbox 1045 1956 1135 1988; x_wconf 80' lang='lat' dir='ltr'><strong>Mod.</strong></span> <span class='ocrx_word' id='word_1_455' title='bbox 1182 1957 1259 1989; x_wconf 89' lang='lat' dir='ltr'><strong>Hoc</strong></span> <span class='ocrx_word' id='word_1_456' title='bbox 1276 1958 1387 1998; x_wconf 88' lang='lat' dir='ltr'><strong>ipsum</strong></span> <span class='ocrx_word' id='word_1_457' title='bbox 1403 1957 1511 1989; x_wconf 86' lang='lat' dir='ltr'><strong>fusius</strong></span> <span class='ocrx_word' id='word_1_458' title='bbox 1528 1959 1664 1991; x_wconf 91' lang='lat' dir='ltr'><strong>demon-</strong></span> 
     </span>
     <span class='ocr_line' id='line_1_84' title="bbox 959 2006 1662 2049; baseline 0.007 -13"><span class='ocrx_word' id='word_1_459' title='bbox 959 2006 1153 2038; x_wconf 85' lang='lat' dir='ltr'><strong>straturinf.</strong></span> <span class='ocrx_word' id='word_1_460' title='bbox 1162 2017 1239 2048; x_wconf 90' lang='lat' dir='ltr'><strong>cap.</strong></span> <span class='ocrx_word' id='word_1_461' title='bbox 1248 2011 1279 2039; x_wconf 88' lang='lat'><strong>5.</strong></span> <span class='ocrx_word' id='word_1_462' title='bbox 1292 2007 1452 2049; x_wconf 83' lang='lat' dir='ltr'><strong>Ap.Vell.</strong></span> <span class='ocrx_word' id='word_1_463' title='bbox 1462 2011 1558 2041; x_wconf 66' lang='lat'><strong>1127.</strong></span> <span class='ocrx_word' id='word_1_464' title='bbox 1571 2010 1662 2041; x_wconf 90' lang='lat' dir='ltr'><strong>Pon-</strong></span> 
     </span>
     <span class='ocr_line' id='line_1_85' title="bbox 959 2057 1663 2099; baseline 0.003 -11"><span class='ocrx_word' id='word_1_465' title='bbox 959 2057 1025 2088; x_wconf 87' lang='lat' dir='ltr'><strong>tius</strong></span> <span class='ocrx_word' id='word_1_466' title='bbox 1048 2058 1236 2098; x_wconf 88' lang='lat' dir='ltr'><strong>Telesinus,</strong></span> <span class='ocrx_word' id='word_1_467' title='bbox 1250 2058 1451 2090; x_wconf 87' lang='lat' dir='ltr'><strong>Samnitium</strong></span> <span class='ocrx_word' id='word_1_468' title='bbox 1468 2058 1550 2099; x_wconf 83' lang='lat' dir='ltr'><strong>dux,</strong></span> <span class='ocrx_word' id='word_1_469' title='bbox 1570 2060 1579 2076; x_wconf 93' lang='lat'>‘</span> <span class='ocrx_word' id='word_1_470' title='bbox 1606 2070 1663 2090; x_wconf 93' lang='lat' dir='ltr'><strong>vo-</strong></span> 
     </span>
     <span class='ocr_line' id='line_1_86' title="bbox 960 2105 1663 2151; baseline 0.004 -14"><span class='ocrx_word' id='word_1_471' title='bbox 960 2105 1169 2138; x_wconf 85' lang='lat' dir='ltr'><strong>ciferabatur</strong></span> <span class='ocrx_word' id='word_1_472' title='bbox 1199 2108 1385 2139; x_wconf 91' lang='lat' dir='ltr'><strong>eruendam</strong></span> <span class='ocrx_word' id='word_1_473' title='bbox 1414 2108 1663 2151; x_wconf 84' lang='lat' dir='ltr'><strong>delendamque</strong></span> 
     </span>
     <span class='ocr_line' id='line_1_87' title="bbox 960 2158 1664 2200; baseline 0.003 -12"><span class='ocrx_word' id='word_1_474' title='bbox 960 2158 1122 2197; x_wconf 80' lang='lat' dir='ltr'><strong>Romam3</strong></span> <span class='ocrx_word' id='word_1_475' title='bbox 1157 2158 1333 2198; x_wconf 58' lang='lat' dir='ltr'><strong>adjicien-³,</strong></span> <span class='ocrx_word' id='word_1_476' title='bbox 1368 2168 1538 2200; x_wconf 87' lang='lat' dir='ltr'><strong>nunquam</strong></span> <span class='ocrx_word' id='word_1_477' title='bbox 1567 2158 1664 2190; x_wconf 89' lang='lat' dir='ltr'><strong>defu-</strong></span> 
     </span>
     <span class='ocr_line' id='line_1_88' title="bbox 959 2209 1665 2250; baseline 0.001 -12"><span class='ocrx_word' id='word_1_478' title='bbox 959 2212 1054 2239; x_wconf 87' lang='lat' dir='ltr'><strong>turos</strong></span> <span class='ocrx_word' id='word_1_479' title='bbox 1067 2214 1220 2249; x_wconf 87' lang='lat' dir='ltr'><strong>raptores</strong></span> <span class='ocrx_word' id='word_1_480' title='bbox 1238 2209 1357 2240; x_wconf 79' lang='lat' dir='ltr'><strong>alienae</strong></span> <span class='ocrx_word' id='word_1_481' title='bbox 1372 2209 1540 2240; x_wconf 78' lang='lat' dir='ltr'><strong>libertatis</strong></span> <span class='ocrx_word' id='word_1_482' title='bbox 1554 2209 1665 2250; x_wconf 89' lang='lat' dir='ltr'><strong>lupos,</strong></span> 
     </span>
     <span class='ocr_line' id='line_1_89' title="bbox 959 2259 1665 2301; baseline 0.003 -12"><span class='ocrx_word' id='word_1_483' title='bbox 959 2259 1023 2289; x_wconf 89' lang='lat' dir='ltr'><strong>nisi</strong></span> <span class='ocrx_word' id='word_1_484' title='bbox 1039 2259 1135 2298; x_wconf 88' lang='lat' dir='ltr'><strong>silva,</strong></span> <span class='ocrx_word' id='word_1_485' title='bbox 1159 2259 1194 2290; x_wconf 90' lang='lat' dir='ltr'><strong>in</strong></span> <span class='ocrx_word' id='word_1_486' title='bbox 1212 2269 1312 2300; x_wconf 87' lang='lat' dir='ltr'><strong>qnam</strong></span> <span class='ocrx_word' id='word_1_487' title='bbox 1329 2259 1485 2300; x_wconf 86' lang='lat' dir='ltr'><strong>refugere</strong></span> <span class='ocrx_word' id='word_1_488' title='bbox 1501 2260 1665 2301; x_wconf 88' lang='lat' dir='ltr'><strong>solerent,</strong></span> 
     </span>
     <span class='ocr_line' id='line_1_90' title="bbox 959 2309 1328 2341; baseline 0.003 -2"><span class='ocrx_word' id='word_1_489' title='bbox 959 2314 1050 2340; x_wconf 87' lang='lat' dir='ltr'><strong>esset</strong></span> <span class='ocrx_word' id='word_1_490' title='bbox 1066 2309 1204 2340; x_wconf 71' lang='lat' dir='ltr'><strong>excisa!</strong></span> <span class='ocrx_word' id='word_1_491' title='bbox 1227 2310 1328 2341; x_wconf 85' lang='lat' dir='ltr'><strong>Bern.</strong></span> 
     </span>
    </p>

    <p class='ocr_par' dir='ltr' id='par_1_11' title="bbox 959 2359 1665 2953">
     <span class='ocr_line' id='line_1_91' title="bbox 1004 2359 1664 2400; baseline 0.002 -11"><span class='ocrx_word' id='word_1_492' title='bbox 1004 2359 1058 2400; x_wconf 77' lang='lat'><strong>§8</strong></span> <span class='ocrx_word' id='word_1_493' title='bbox 1081 2360 1134 2390; x_wconf 84' lang='lat' dir='ltr'><strong>Ad</strong></span> <span class='ocrx_word' id='word_1_494' title='bbox 1157 2359 1212 2390; x_wconf 82' lang='lat' dir='ltr'><strong>koc</strong></span> <span class='ocrx_word' id='word_1_495' title='bbox 1237 2359 1299 2390; x_wconf 88' lang='lat' dir='ltr'><strong>sibi</strong></span> <span class='ocrx_word' id='word_1_496' title='bbox 1321 2361 1443 2390; x_wconf 81' lang='lat' dir='ltr'><strong>centum</strong></span> <span class='ocrx_word' id='word_1_497' title='bbox 1464 2369 1556 2390; x_wconf 76' lang='lat' dir='ltr'><strong>naves</strong></span> <span class='ocrx_word' id='word_1_498' title='bbox 1571 2362 1600 2390; x_wconf 84' lang='lat' dir='ltr'><strong>et</strong></span> <span class='ocrx_word' id='word_1_499' title='bbox 1613 2360 1664 2390; x_wconf 83' lang='lat' dir='ltr'><strong>de-</strong></span> 
     </span>
     <span class='ocr_line' id='line_1_92' title="bbox 959 2408 1664 2450; baseline -0.001 -10"><span class='ocrx_word' id='word_1_500' title='bbox 959 2419 1024 2440; x_wconf 84' lang='lat' dir='ltr'><strong>cem</strong></span> <span class='ocrx_word' id='word_1_501' title='bbox 1043 2410 1142 2440; x_wconf 82' lang='lat' dir='ltr'><strong>millia</strong></span> <span class='ocrx_word' id='word_1_502' title='bbox 1167 2408 1321 2450; x_wconf 77' lang='lat' dir='ltr'><strong>peditum]</strong></span> <span class='ocrx_word' id='word_1_503' title='bbox 1349 2409 1421 2440; x_wconf 90' lang='lat' dir='ltr'><strong>Liv.</strong></span> <span class='ocrx_word' id='word_1_504' title='bbox 1438 2409 1511 2440; x_wconf 89' lang='lat' dir='ltr'><strong>dec.</strong></span> <span class='ocrx_word' id='word_1_505' title='bbox 1529 2418 1579 2440; x_wconf 82' lang='lat' dir='ltr'><strong>iv.</strong></span> <span class='ocrx_word' id='word_1_506' title='bbox 1606 2409 1664 2440; x_wconf 89' lang='lat' dir='ltr'><strong>lib.</strong></span> 
     </span>
     <span class='ocr_line' id='line_1_93' title="bbox 960 2459 1665 2499; baseline -0.001 -9"><span class='ocrx_word' id='word_1_507' title='bbox 960 2469 1010 2490; x_wconf 90' lang='lat' dir='ltr'><strong>1v.</strong></span> <span class='ocrx_word' id='word_1_508' title='bbox 1035 2459 1096 2491; x_wconf 89' lang='lat' dir='ltr'><strong>sub</strong></span> <span class='ocrx_word' id='word_1_509' title='bbox 1124 2459 1239 2499; x_wconf 84' lang='lat' dir='ltr'><strong>finem,</strong></span> <span class='ocrx_word' id='word_1_510' title='bbox 1261 2459 1309 2490; x_wconf 88' lang='lat' dir='ltr'><strong>id.</strong></span> <span class='ocrx_word' id='word_1_511' title='bbox 1338 2460 1516 2490; x_wconf 89' lang='lat' dir='ltr'><strong>consilium</strong></span> <span class='ocrx_word' id='word_1_512' title='bbox 1538 2459 1665 2489; x_wconf 85' lang='lat' dir='ltr'><strong>descri-</strong></span> 
     </span>
     <span class='ocr_line' id='line_1_94' title="bbox 960 2508 1665 2550; baseline -0.001 -10"><span class='ocrx_word' id='word_1_513' title='bbox 960 2509 1059 2548; x_wconf 89' lang='lat' dir='ltr'><strong>bens,</strong></span> <span class='ocrx_word' id='word_1_514' title='bbox 1081 2509 1168 2541; x_wconf 88' lang='lat' dir='ltr'><strong>dicit</strong></span> <span class='ocrx_word' id='word_1_515' title='bbox 1189 2510 1198 2527; x_wconf 91' lang='lat'>‘</span> <span class='ocrx_word' id='word_1_516' title='bbox 1215 2509 1360 2541; x_wconf 82' lang='lat' dir='ltr'><strong>sedecim</strong></span> <span class='ocrx_word' id='word_1_517' title='bbox 1377 2510 1484 2540; x_wconf 87' lang='lat' dir='ltr'><strong>millia</strong></span> <span class='ocrx_word' id='word_1_518' title='bbox 1500 2508 1665 2550; x_wconf 86' lang='lat' dir='ltr'><strong>peditum’</strong></span> 
     </span>
     <span class='ocr_line' id='line_1_95' title="bbox 961 2559 1664 2600; baseline -0.001 -10"><span class='ocrx_word' id='word_1_519' title='bbox 961 2560 1188 2591; x_wconf 86' lang='lat' dir='ltr'><strong>Hannibalem</strong></span> <span class='ocrx_word' id='word_1_520' title='bbox 1205 2560 1404 2600; x_wconf 84' lang='lat' dir='ltr'><strong>postulasse,</strong></span> <span class='ocrx_word' id='word_1_521' title='bbox 1426 2559 1518 2600; x_wconf 91' lang='lat' dir='ltr'><strong>quod</strong></span> <span class='ocrx_word' id='word_1_522' title='bbox 1537 2563 1592 2590; x_wconf 89' lang='lat' dir='ltr'><strong>est</strong></span> <span class='ocrx_word' id='word_1_523' title='bbox 1608 2567 1664 2589; x_wconf 91' lang='lat' dir='ltr'><strong>ve-</strong></span> 
     </span>
     <span class='ocr_line' id='line_1_96' title="bbox 961 2610 1665 2651; baseline -0.001 -10"><span class='ocrx_word' id='word_1_524' title='bbox 961 2610 1141 2651; x_wconf 86' lang='lat' dir='ltr'><strong>risimilius,</strong></span> <span class='ocrx_word' id='word_1_525' title='bbox 1163 2610 1265 2642; x_wconf 87' lang='lat' dir='ltr'><strong>videl.</strong></span> <span class='ocrx_word' id='word_1_526' title='bbox 1283 2615 1321 2641; x_wconf 92' lang='lat' dir='ltr'><strong>ut</strong></span> <span class='ocrx_word' id='word_1_527' title='bbox 1335 2614 1487 2651; x_wconf 77' lang='lat' dir='ltr'><strong>aequaret</strong></span> <span class='ocrx_word' id='word_1_528' title='bbox 1511 2610 1665 2641; x_wconf 89' lang='lat' dir='ltr'><strong>consula-</strong></span> 
     </span>
     <span class='ocr_line' id='line_1_97' title="bbox 961 2659 1663 2701; baseline 0.001 -11"><span class='ocrx_word' id='word_1_529' title='bbox 961 2669 1031 2691; x_wconf 81' lang='lat' dir='ltr'><strong>rem</strong></span> <span class='ocrx_word' id='word_1_530' title='bbox 1048 2660 1251 2700; x_wconf 85' lang='lat' dir='ltr'><strong>exercitum,</strong></span> <span class='ocrx_word' id='word_1_531' title='bbox 1273 2660 1330 2701; x_wconf 91' lang='lat' dir='ltr'><strong>qui</strong></span> <span class='ocrx_word' id='word_1_532' title='bbox 1358 2659 1446 2691; x_wconf 90' lang='lat' dir='ltr'><strong>binis</strong></span> <span class='ocrx_word' id='word_1_533' title='bbox 1474 2659 1663 2700; x_wconf 79' lang='lat' dir='ltr'><strong>legionibus</strong></span> 
     </span>
     <span class='ocr_line' id='line_1_98' title="bbox 962 2708 1664 2741; baseline 0 -1"><span class='ocrx_word' id='word_1_534' title='bbox 962 2714 1036 2741; x_wconf 84' lang='lat' dir='ltr'><strong>erat</strong></span> <span class='ocrx_word' id='word_1_535' title='bbox 1061 2709 1186 2741; x_wconf 79' lang='lat' dir='ltr'><strong>clvium</strong></span> <span class='ocrx_word' id='word_1_536' title='bbox 1209 2719 1248 2740; x_wconf 89' lang='lat' dir='ltr'><strong>ac</strong></span> <span class='ocrx_word' id='word_1_537' title='bbox 1270 2709 1384 2740; x_wconf 81' lang='lat' dir='ltr'><strong>Latini</strong></span> <span class='ocrx_word' id='word_1_538' title='bbox 1399 2708 1555 2740; x_wconf 88' lang='lat' dir='ltr'><strong>nominis.</strong></span> <span class='ocrx_word' id='word_1_539' title='bbox 1585 2709 1664 2740; x_wconf 88' lang='lat' dir='ltr'><strong>Sus-</strong></span> 
     </span>
     <span class='ocr_line' id='line_1_99' title="bbox 962 2760 1665 2802; baseline 0.001 -11"><span class='ocrx_word' id='word_1_540' title='bbox 962 2761 1060 2802; x_wconf 87' lang='lat' dir='ltr'><strong>picor</strong></span> <span class='ocrx_word' id='word_1_541' title='bbox 1085 2761 1118 2792; x_wconf 89' lang='lat' dir='ltr'><strong>iu</strong></span> <span class='ocrx_word' id='word_1_542' title='bbox 1140 2760 1266 2793; x_wconf 79' lang='lat' dir='ltr'><strong>Justini</strong></span> <span class='ocrx_word' id='word_1_543' title='bbox 1293 2760 1412 2792; x_wconf 87' lang='lat' dir='ltr'><strong>codice</strong></span> <span class='ocrx_word' id='word_1_544' title='bbox 1436 2761 1501 2792; x_wconf 88' lang='lat' dir='ltr'><strong>hoc</strong></span> <span class='ocrx_word' id='word_1_545' title='bbox 1525 2770 1665 2802; x_wconf 89' lang='lat' dir='ltr'><strong>corrup-</strong></span> 
     </span>
     <span class='ocr_line' id='line_1_100' title="bbox 962 2810 1664 2852; baseline 0 -10"><span class='ocrx_word' id='word_1_546' title='bbox 962 2816 1045 2850; x_wconf 77' lang='lat' dir='ltr'><strong>tum,</strong></span> <span class='ocrx_word' id='word_1_547' title='bbox 1070 2811 1215 2852; x_wconf 89' lang='lat' dir='ltr'><strong>ideoque</strong></span> <span class='ocrx_word' id='word_1_548' title='bbox 1242 2810 1504 2843; x_wconf 82' lang='lat' dir='ltr'><strong>emendandum.</strong></span> <span class='ocrx_word' id='word_1_549' title='bbox 1548 2812 1664 2845; x_wconf 80' lang='lat' dir='ltr'><strong>Quan-</strong></span> 
     </span>
     <span class='ocr_line' id='line_1_101' title="bbox 961 2861 1661 2902; baseline 0.003 -11"><span class='ocrx_word' id='word_1_550' title='bbox 961 2871 1060 2902; x_wconf 88' lang='lat' dir='ltr'><strong>quam</strong></span> <span class='ocrx_word' id='word_1_551' title='bbox 1090 2871 1156 2892; x_wconf 90' lang='lat' dir='ltr'><strong>non</strong></span> <span class='ocrx_word' id='word_1_552' title='bbox 1182 2871 1254 2892; x_wconf 90' lang='lat' dir='ltr'><strong>sum</strong></span> <span class='ocrx_word' id='word_1_553' title='bbox 1276 2861 1412 2893; x_wconf 87' lang='lat' dir='ltr'><strong>nescius</strong></span> <span class='ocrx_word' id='word_1_554' title='bbox 1437 2863 1546 2893; x_wconf 88' lang='lat' dir='ltr'><strong>multa</strong></span> <span class='ocrx_word' id='word_1_555' title='bbox 1570 2862 1604 2893; x_wconf 91' lang='lat' dir='ltr'><strong>in</strong></span> <span class='ocrx_word' id='word_1_556' title='bbox 1628 2863 1661 2893; x_wconf 84' lang='lat' dir='ltr'><strong>h.</strong></span> 
     </span>
     <span class='ocr_line' id='line_1_102' title="bbox 962 2909 1663 2953; baseline 0.003 -11"><span class='ocrx_word' id='word_1_557' title='bbox 962 2909 1028 2945; x_wconf 85' lang='lat' dir='ltr'><strong>lib.&#39;</strong></span> <span class='ocrx_word' id='word_1_558' title='bbox 1049 2921 1068 2944; x_wconf 84' lang='lat' dir='ltr'><strong>a</strong></span> <span class='ocrx_word' id='word_1_559' title='bbox 1090 2911 1176 2944; x_wconf 91' lang='lat' dir='ltr'><strong>Livii</strong></span> <span class='ocrx_word' id='word_1_560' title='bbox 1204 2911 1386 2944; x_wconf 83' lang='lat' dir='ltr'><strong>traditione</strong></span> <span class='ocrx_word' id='word_1_561' title='bbox 1410 2912 1602 2953; x_wconf 84' lang='lat' dir='ltr'><strong>dissentire,</strong></span> <span class='ocrx_word' id='word_1_562' title='bbox 1625 2916 1663 2944; x_wconf 76' lang='lat' dir='ltr'><strong>ut</strong></span> 
     </span>
    </p>
   </div>
  </div>
 </body>
</html>
