2101 3419
522 323 719 354 JUS'rer
754 324 849 354 Lm.
882 324 1049 354 xxxv.
1083 325 1192 355 cAP.
1225 316 1265 357 1.

159 417 254 449 velut
270 417 480 459 ante-palum
497 421 532 448 et
548 417 698 458 de-palo,
712 417 863 458 penden-

160 472 212 500 tes
237 478 367 500 merces
381 468 483 500 habet
503 472 539 499 et
557 468 693 499 vendit:
718 478 861 509 eamque

159 529 279 551 vocem
302 519 425 560 ubique
440 518 515 550 fere
539 528 602 559 per
621 528 773 549 errorem
789 528 861 550 esse

159 574 326 601 mutatam
343 569 377 599 in
402 569 541 608 propola,
563 578 639 609 qua>
663 577 728 600 vox
746 572 861 599 tamen

161 620 289 651 Graeca
302 623 368 659 est,
381 623 416 650 et
428 623 650 658 proxenetam
668 628 729 650 seu
745 619 861 650 vendi-

158 670 262 701 tionis
284 669 540 701 conciliatorem
564 668 747 708 significat,
771 673 861 701 teste

158 719 303 750 Polluce
320 728 388 749 vn.
405 717 450 749 2!
496 717 692 749 Consimilia
712 718 862 751 Turneb.

159 769 306 801 Advers.
324 779 348 802 1.
365 772 397 801 1.
435 768 600 801 Ostendit
615 769 720 800 etiam
736 770 862 810 episto-

159 821 227 852 lam
250 831 270 852 a
284 820 486 861 Bongarsio‚
507 824 587 851 ante
602 819 662 851 hos
678 822 732 851 20.
756 829 862 851 annos

157 870 202 902 ad
228 880 265 902 se
290 870 467 911 scriptam,
493 874 530 902 et
552 870 630 902 huic
653 870 863 911 expositioni

158 920 444 960 subscribentem,
473 930 550 952 cum
591 924 693 952 antea
730 920 863 961 putarit

157 971 294 1004 Justino
307 972 467 1013 propalam
479 971 535 1002 hic
549 969 792 1002 adverbialiter
807 980 863 1002 ac-

158 1022 235 1064 cipi.
292 1022 448 1063 Scaliger
485 1026 600 1053 tamen
637 1022 673 1053 in
710 1021 862 1053 Culicem

158 1073 282 1114 Virgil.
300 1083 334 1114 p.
348 1075 402 1104 42.
418 1073 540 1104 statuit
560 1073 690 1113 propala
705 1081 772 1103 non
789 1076 862 1112 ety-

158 1123 329 1164 mologioe,
343 1122 403 1154 sed
420 1132 537 1164 pravae
552 1123 768 1154 librariorum
784 1132 863 1154 con-

159 1173 349 1205 suetudinis
373 1183 450 1205 esse
472 1174 691 1215 scripturam,
706 1183 769 1215 pro
791 1185 864 1215 pro-

157 1225 249 1264 pola:
272 1224 335 1256 hoc
361 1229 477 1256 autem
503 1234 570 1256 non
591 1229 684 1256 esset
711 1229 822 1256 ortum
843 1235 864 1256 a

160 1283 253 1306 mere
271 1275 397 1306 Graeco
412 1274 589 1316 προπώλης,
601 1275 658 1317 qui
674 1279 725 1307 est
741 1285 864 1317 proxe-

160 1328 244 1355 neta
259 1328 295 1356 et
308 1325 460 1365 pararius
472 1325 612 1356 Senecae
627 1335 636 1364 ;
660 1326 719 1357 sed
736 1335 810 1357 esse
820 1335 863 1357 ex

162 1374 289 1406 Graeco
304 1376 420 1406 πωλεῖν
434 1379 470 1406 et
481 1375 603 1406 Latina
614 1385 723 1416 praep.
741 1375 866 1407 confla·

162 1428 249 1464 tum,
273 1425 403 1466 duplici
433 1430 652 1467 argumento:
688 1430 758 1458 tum
785 1427 865 1468 quia

161 1475 323 1517 producit
339 1476 481 1516 primam
498 1476 677 1518 syllabam,
691 1487 767 1509 cum
784 1478 865 1509 alio-

162 1525 234 1566 qui,
265 1526 293 1556 si
323 1526 450 1558 Graeca
476 1531 581 1568 esset,
610 1528 840 1569 corriperetur
855 1540 863 1560 :

163 1580 235 1607 tum
254 1577 357 1608 etiam
374 1578 452 1619 quia
474 1577 643 1609 diversam
659 1589 679 1610 a
701 1578 865 1620 προπώλης

162 1626 449 1667 significationem
465 1628 580 1660 habet.
623 1629 745 1661 Dictus
763 1629 866 1670 enim,

163 1676 252 1718 quod
270 1677 396 1717 primus
422 1678 549 1709 vendat
573 1687 719 1719 merces,
734 1689 816 1720 quas
832 1679 866 1710 in

162 1732 264 1768 portu
281 1727 411 1768 primus
425 1729 605 1770 anticipat,
617 1733 665 1769 et,
675 1734 712 1760 ut
724 1730 865 1761 Persius

162 1778 226 1819 ait,
254 1779 264 1796 ‘
280 1778 409 1819 primus
439 1779 529 1811 tollit
559 1780 658 1820 piper
683 1790 703 1810 a
730 1780 867 1812 sitiente

162 1830 315 1870 camelo,'
338 1834 375 1861 ut
391 1831 484 1872 prior
501 1833 638 1863 vendat.
685 1832 784 1865 Quod
799 1841 866 1862 ma-

162 1878 288 1911 nifeste
302 1880 411 1911 innuit
429 1881 604 1921 Lucsslius,
617 1881 745 1913 citatus
763 1891 782 1912 a
797 1882 866 1913 No-

163 1930 234 1971 nio,
253 1940 336 1962 voce
353 1931 528 1962 Primiter:
552 1932 561 1948 ‘
576 1932 684 1962 Sicuti
707 1941 784 1963 cum
800 1931 867 1972 pri-

162 1991 235 2012 mus
251 1980 334 2012 ficos
358 1982 502 2022 propola
519 1986 675 2013 recentes
691 1982 842 2013 Protulit
856 1992 865 2020 ;

161 2037 198 2064 et
211 2033 324 2074 pretio
337 2032 470 2073 ingenti
481 2033 541 2064 dat
551 2033 704 2073 primitu'
715 2032 866 2074 paucos?

163 2084 364 2125 Quanquam
393 2083 499 2114 etiam
526 2083 560 2113 in
587 2082 638 2113 his
667 2083 867 2114 Lucillianis

159 2136 290 2177 propala
316 2136 471 2167 nonnulli
497 2135 575 2167 libri
600 2135 749 2166 habent:
783 2135 866 2167 item

162 2187 198 2218 in
224 2187 325 2218 Varr.
351 2186 394 2217 de
419 2187 462 2217 R.
479 2187 520 2218 R.
539 2195 598 2217 111.
618 2188 672 2217 14.
715 2185 808 2219 Quin
832 2185 867 2216 in

161 2237 229 2268 illis
242 2246 377 2278 quoque
394 2237 467 2268 Cic.
479 2237 512 2267 in
529 2236 645 2267 Pison.
659 2238 713 2267 27.
737 2236 747 2253 ‘
761 2235 866 2267 Panis

163 2291 200 2319 et
227 2287 339 2318 vinum
368 2287 524 2327 propala,
553 2292 654 2327 atque
681 2286 724 2317 de
755 2286 869 2327 cupa.’

163 2337 253 2369 Mss.
274 2336 513 2367 Palatinorum
531 2340 566 2367 et
582 2336 661 2367 edd.
678 2340 765 2368 vett.
783 2337 868 2368 hanc

165 2396 242 2418 esse
270 2386 489 2427 scripturam,
516 2390 664 2418 testatur
688 2387 868 2419 Gruterus.

163 2437 235 2468 Pro
250 2437 313 2468 boc
329 2437 411 2468 item
426 2437 558 2478 propala
582 2437 614 2467 in
640 2441 711 2477 opt.
729 2436 868 2468 Glossa-

163 2488 216 2519 rio
240 2487 402 2528 scriptum
435 2487 603 2518 invenisse
639 2496 675 2517 se
713 2487 869 2527 Scaliger

164 2538 298 2570 asserit.
341 2538 449 2569 Porro
464 2538 606 2569 similem
622 2537 701 2568 huic
725 2537 757 2567 in
781 2538 868 2568 Nos-

164 2591 219 2619 tro
235 2588 348 2619 locum
359 2588 427 2620 vid.
441 2597 575 2619 xxxix.
591 2591 622 2618 1.
635 2592 666 2619 5.
682 2589 867 2619 Berneccer.

167 2638 341 2670 Celeberr.
369 2638 420 2669 vir
445 2639 502 2670 Fr.
520 2638 713 2670 Gronovius
739 2638 868 2677 optime

166 2688 318 2728 conjecit
343 2688 513 2719 scribend.
537 2689 593 2719 hic
611 2697 700 2727 esse,
724 2688 789 2718 sab.
804 2689 869 2718 Ba-

167 2737 229 2766 lam
243 2748 272 2776 ιι.
302 2737 323 2769 J
327 2737 454 2777 osepho
470 2737 559 2769 enim
574 2736 769 2778 Ἀλέξανδρος
784 2738 801 2767 ὁ
812 2735 870 2767 Βά-

170 2792 228 2817 λας
245 2786 370 2817 dicitur
383 2796 440 2819 111.
453 2791 484 2819 8.
502 2788 551 2819 uti
564 2788 693 2819 habent
710 2788 786 2818 libri
803 2797 870 2818 me-

170 2836 280 2867 liores.
302 2837 388 2867 Voss.
406 2837 870 2875 PraeclaraGronoviiemcn-

169 2885 263 2917 datio
279 2889 329 2917 est
343 2896 352 2925 ;
375 2887 424 2918 ita
440 2897 584 2929 namque
600 2888 658 2920 ille
674 2887 871 2920 Alexander

257 2939 370 2980 Delple.
389 2943 419 2970 et
436 2941 511 2972 Var.
531 2942 616 2972 Clas.

843 2941 915 2971 Just
920 2939 965 2970 in.

1535 318 1621 359 977

911 417 1103 450 dicebatur.
1135 418 1177 449 In
1195 419 1279 451 Mss.
1291 423 1327 451 et
1342 420 1523 461 Impressis
1537 421 1621 453 nihil

911 467 1065 498 subsidii.
1099 469 1140 499 In
1154 469 1195 500 iis
1213 470 1326 501 omnia
1343 475 1421 502 sunt
1433 470 1623 504 foedissime

910 518 1090 558 inquinata
1103 528 1112 557 ;
1137 518 1193 549 alii
1207 520 1296 551 enim
1308 520 1437 552 habent
1446 522 1622 564 propalam,

910 567 968 598 alii
990 568 1164 609 propalam,
1191 571 1246 608 &a
1281 570 1406 603 Faber.
1466 572 1621 604 Gronov.

912 616 997 648 Obs.
1012 627 1064 649 1v.
1078 621 1129 650 10.
1145 623 1182 650 et
1198 620 1346 661 Rupert.
1361 621 1450 653 Obs.
1465 622 1509 653 ad
1528 623 1622 656 Hist.

911 667 1071 700 Univers.
1097 672 1148 700 10.
1173 670 1295 711 legunt
1320 672 1434 702 Balam
1461 674 1623 712 quendam.

912 718 1058 750 Constat
1076 719 1168 750 enim
1190 728 1234 751 ex
1255 721 1373 753 Strab.
1395 721 1539 762 Joseph.
1554 723 1624 754 Eua

911 768 985 800 seb.
1002 769 1090 801 bunc
1107 779 1223 810 regem
1240 770 1369 802 dictum
1386 781 1458 802 esse
1475 770 1624 803 Alexan-

913 817 1010 849 drum
1035 818 1166 851 Balam.
1210 818 1279 860 Ap.
1308 819 1436 852 Euseb.
1460 826 1625 863 corrupte

912 868 1077 900 scribitur
1098 867 1295 911 Ἀλέξανδρος
1317 870 1335 900 ὃ
1359 871 1416 902 τοῦ
1436 872 1537 911 Βαλᾶ,
1563 881 1625 912 pro

910 917 1108 962 Ἀλέξανδρος
1121 920 1138 950 ὁ
1152 921 1268 961 Βαλᾶς,
1281 925 1320 952 ut
1334 922 1479 963 Rupert.
1496 922 1626 955 docuit.

915 970 1025 1003 Graev.
1070 972 1212 1003 Frustra
1223 975 1303 1003 sunt
1318 972 1375 1013 qui
1387 974 1551 1014 propalam
1566 983 1625 1004 no-

913 1031 991 1053 men
1007 1022 1252 1063 appellativum
1269 1032 1343 1054 esse
1360 1027 1497 1063 putant.
1533 1023 1626 1056 Quo-

914 1072 1004 1103 niam
1036 1082 1080 1104 ex
1109 1073 1253 1104 historia
1276 1076 1395 1104 notum
1421 1077 1487 1112 est,
1513 1072 1626 1114 ipsum

914 1123 1015 1162 hunc,
1031 1123 1074 1155 de
1089 1134 1157 1166 quo
1173 1123 1229 1156 hic
1246 1124 1374 1166 agitur,
1389 1124 1525 1156 nomine
1548 1134 1627 1165 pro-

914 1173 989 1213 prio
1019 1173 1139 1205 Balam
1178 1178 1351 1214 vocatum,
1389 1173 1510 1215 quidni
1547 1184 1625 1205 cum

915 1225 1070 1264 Gronov.
1093 1224 1273 1257 credamus
1298 1224 1437 1265 legend.
1466 1234 1544 1256 esse
1560 1226 1629 1257 Ba·

914 1275 978 1306 lam
1003 1273 1179 1316 quendam?
1239 1274 1446 1307 Nominibus
1477 1275 1626 1316 propriis

916 1326 997 1358 addi
1012 1328 1123 1359 solere
1137 1327 1267 1368 quidam
1287 1330 1406 1358 notum
1422 1329 1488 1358 est.
1535 1327 1627 1368 Nep.

916 1386 969 1409 1v.
991 1380 1023 1408 4.
1044 1381 1073 1410 1.
1096 1376 1273 1418 ‘Argilius
1300 1376 1474 1418 quidamz’
1496 1380 1532 1408 et
1558 1386 1626 1409 xx.

916 1431 947 1459 5.
973 1431 1004 1459 2.
1026 1428 1240 1460 ‘Lamestius
1266 1427 1430 1469 quidam!
1474 1427 1555 1459 Vid.
1589 1432 1627 1459 et

916 1476 994 1508 Ind.
1019 1476 1054 1508 in
1081 1487 1158 1509 eum
1175 1478 1386 1509 Auctorem:
1410 1476 1467 1508 ubi
1481 1478 1628 1509 Boecle·

917 1536 972 1558 rus
999 1527 1173 1569 observat,
1191 1527 1201 1544 ‘
1216 1537 1403 1569 pronomen
1430 1528 1494 1559 hoc
1519 1529 1627 1560 nomi--

916 1578 1014 1610 nibus
1029 1579 1178 1620 propriis
1202 1579 1297 1619 addi,
1317 1578 1489 1610 interdum
1514 1579 1627 1620 desig-

916 1629 1020 1659 nandi
1044 1638 1167 1660 causa:
1201 1628 1375 1660 interdum
1402 1630 1625 1661 contemtim:

916 1681 1096 1722 aliquando
1110 1681 1204 1722 quasi
1217 1681 1260 1712 de
1273 1681 1457 1721 ignotiore,
1468 1681 1627 1721 obscuro,

917 1736 976 1762 aut
992 1732 1106 1763 obiter
1120 1730 1333 1763 memorato.’
1356 1730 1497 1762 Dicitur
1512 1736 1626 1762 autem

916 1782 1032 1812 Balam
1044 1783 1203 1822 quemdam
1216 1791 1291 1822 pro,
1300 1781 1478 1822 quemdam
1491 1782 1628 1813 nomine

915 1832 1054 1871 Balam3
1089 1836 1128 1864 ut
1154 1840 1210 1872 ap.
1238 1832 1329 1872 Nep.
1351 1830 1525 1872 ‘Argilius
1553 1833 1628 1873 qui-

916 1882 1010 1913 dam'
1040 1892 1115 1923 pro,
1141 1881 1278 1924 quidam
1302 1881 1440 1913 nomine
1463 1882 1628 1923 Argilius.

921 1933 1025 1965 Vorst.
1072 1932 1186 1964 Probe
1204 1932 1265 1972 illi,
1279 1932 1335 1974 qui
1356 1942 1417 1973 pro
1435 1932 1500 1963 isto
1513 1943 1628 1973 propa-

916 1983 989 2023 lam,
1011 1981 1101 2024 quod
1129 1986 1183 2014 est
1208 1982 1304 2022 nihil,
1323 1981 1539 2013 substituunt
1558 1983 1627 2014 Ba-

916 2035 996 2065 lam:
1029 2034 1103 2074 sed,
1132 2034 1213 2075 quia
1249 2034 1313 2066 hoc
1345 2038 1479 2064 tantum
1509 2038 1628 2075 potest

916 2084 1104 2116 succedere
1132 2086 1177 2124 τῷ
1203 2086 1320 2125 palam,
1349 2084 1481 2126 reliqua
1507 2088 1627 2116 manet

917 2134 1050 2175 syllaba
1072 2145 1131 2176 pro
1158 2135 1191 2166 in
1215 2136 1388 2176 propalam.
1435 2136 1523 2168 Quae
1550 2144 1627 2166 cum

917 2195 983 2216 non
1011 2190 1142 2217 temere
1164 2187 1278 2227 putari
1305 2186 1417 2227 possit
1441 2196 1460 2217 a
1484 2185 1627 2217 librario

918 2235 1070 2276 adjecta,
1100 2236 1200 2267 venio
1228 2236 1262 2267 in
1292 2245 1366 2267 eam
1405 2235 1627 2275 sententiam,

919 2287 1015 2327 quasi
1041 2286 1095 2318 hic
1124 2286 1215 2318 desit
1237 2296 1361 2318 nomen
1386 2286 1526 2327 aliquod
1550 2295 1628 2326 pro-

918 2336 1043 2376 prium,
1069 2340 1172 2378 atque
1202 2336 1250 2368 sic
1280 2337 1354 2368 haec
1386 2335 1494 2367 verba
1522 2335 1627 2368 scribi

918 2385 1088 2417 debeant:
1111 2387 1277 2417 subornant
1295 2387 1520 2427 pro....Balam
1537 2395 1628 2426 quen-

917 2437 1001 2468 dam.
1052 2436 1179 2468 Putem
1208 2441 1322 2468 autem
1351 2436 1470 2467 deesse
1500 2444 1626 2466 nomen

918 2486 1052 2527 pupilli,
1067 2490 1124 2518 aut
1141 2486 1203 2518 filii
1218 2485 1393 2526 Antiochi,
1409 2496 1428 2518 a
1447 2485 1627 2518 Demetrio

919 2536 1037 2575 occisi,
1065 2537 1156 2577 quod
1186 2536 1253 2568 fuit
1284 2537 1467 2577 Eupatoris,
1504 2540 1540 2568 et
1575 2536 1626 2567 sic

919 2586 1056 2618 restitui
1083 2596 1184 2627 posse
1213 2586 1345 2618 omnia:
1376 2585 1545 2617 subornant
1568 2595 1626 2626 pro

921 2638 1079 2677 Eupatore
1095 2638 1209 2668 Balam
1225 2638 1388 2677 quendam.
1432 2636 1508 2668 Nisi
1524 2637 1626 2677 plane

921 2687 987 2717 alia
1011 2691 1046 2718 et
1074 2688 1175 2727 plura
1205 2687 1328 2726 desint,
1359 2687 1438 2728 quia
1461 2687 1628 2728 sequitur,

920 2736 1083 2768 indidisse
1111 2738 1143 2767 ei
1173 2746 1295 2768 nomen
1325 2746 1392 2767 non
1428 2737 1627 2777 Eupatoris,

921 2786 980 2817 sed
1007 2785 1209 2819 Alexandri.
1254 2787 1300 2817 Et
1326 2786 1498 2818 finxerunt
1524 2786 1627 2826 forte,

920 2841 1047 2877 praeter
1072 2838 1293 2877 Eupatorem,
1319 2837 1428 2868 adhuc
1460 2837 1562 2868 alium
1589 2837 1627 2867 fi-

921 2887 1016 2928 lium,
1027 2885 1242 2926 Antiochum,
1257 2891 1295 2918 ut
1311 2886 1359 2918 sic
1375 2887 1408 2918 in
1424 2887 1545 2918 lacuna
1560 2887 1625 2918 ista

1462 2939 1536 2972 3Q
