<?xml version="1.0" encoding="UTF-8"?>
<!DOCTYPE html PUBLIC "-//W3C//DTD XHTML 1.0 Transitional//EN"
    "http://www.w3.org/TR/xhtml1/DTD/xhtml1-transitional.dtd">
<html xmlns="http://www.w3.org/1999/xhtml" xml:lang="en" lang="en">
 <head>
  <title>
</title>
<meta http-equiv="Content-Type" content="text/html;charset=utf-8" />
  <meta name='ocr-system' content='tesseract 3.04.00' />
  <meta name='ocr-capabilities' content='ocr_page ocr_carea ocr_par ocr_line ocrx_word'/>
</head>
<body>
  <div class='ocr_page' id='page_1' title='image "./historiaephilipp02just/historiaephilipp02just_0291.png"; bbox 0 0 2101 3419; ppageno 0'>
   <div class='ocr_carea' id='block_1_1' title="bbox 0 1901 30 2705">
    <p class='ocr_par' dir='ltr' id='par_1_1' title="bbox 0 1901 30 2705">
     <span class='ocr_line' id='line_1_1' title="bbox 0 1901 30 2705; baseline 0 0"><span class='ocrx_word' id='word_1_1' title='bbox 0 1901 30 2705; x_wconf 95' lang='lat' dir='ltr'> </span> 
     </span>
    </p>
   </div>
   <div class='ocr_carea' id='block_1_2' title="bbox 0 1901 30 2705">
    <p class='ocr_par' dir='ltr' id='par_1_2' title="bbox 0 1901 30 2705">
     <span class='ocr_line' id='line_1_2' title="bbox 0 1901 30 2705; baseline 0 0"><span class='ocrx_word' id='word_1_2' title='bbox 0 1901 30 2705; x_wconf 95' lang='lat' dir='ltr'> </span> 
     </span>
    </p>
   </div>
   <div class='ocr_carea' id='block_1_3' title="bbox 0 1901 31 2705">
    <p class='ocr_par' dir='ltr' id='par_1_3' title="bbox 0 1901 31 2705">
     <span class='ocr_line' id='line_1_3' title="bbox 0 1901 31 2705; baseline 0 0"><span class='ocrx_word' id='word_1_3' title='bbox 0 1901 31 2705; x_wconf 95' lang='lat' dir='ltr'> </span> 
     </span>
    </p>
   </div>
   <div class='ocr_carea' id='block_1_4' title="bbox 611 348 1670 389">
    <p class='ocr_par' dir='ltr' id='par_1_4' title="bbox 611 348 1670 389">
     <span class='ocr_line' id='line_1_4' title="bbox 611 348 1670 389; baseline 0.005 -5"><span class='ocrx_word' id='word_1_4' title='bbox 611 355 805 385; x_wconf 77' lang='lat' dir='ltr'>JUSTIN!</span> <span class='ocrx_word' id='word_1_5' title='bbox 839 356 932 386; x_wconf 73' lang='lat' dir='ltr'>mu.</span> <span class='ocrx_word' id='word_1_6' title='bbox 966 356 1077 387; x_wconf 79' lang='lat' dir='ltr'>xix.</span> <span class='ocrx_word' id='word_1_7' title='bbox 1110 359 1214 388; x_wconf 70' lang='grc' dir='ltr'><strong>οΑι».</strong></span> <span class='ocrx_word' id='word_1_8' title='bbox 1245 349 1284 389; x_wconf 91' lang='grc'>1.</span> <span class='ocrx_word' id='word_1_9' title='bbox 1587 348 1670 389; x_wconf 77' lang='grc'>893</span> 
     </span>
    </p>
   </div>
   <div class='ocr_carea' id='block_1_5' title="bbox 237 447 961 2933">
    <p class='ocr_par' dir='ltr' id='par_1_5' title="bbox 237 447 938 1177">
     <span class='ocr_line' id='line_1_5' title="bbox 238 447 929 488; baseline -0.001 -9"><span class='ocrx_word' id='word_1_10' title='bbox 238 449 319 479; x_wconf 70' lang='lat' dir='ltr'>sisse</span> <span class='ocrx_word' id='word_1_11' title='bbox 336 449 374 479; x_wconf 77' lang='lat' dir='ltr'>ml</span> <span class='ocrx_word' id='word_1_12' title='bbox 397 448 563 480; x_wconf 78' lang='lat' dir='ltr'><strong><em>Leonidam</em></strong></span> <span class='ocrx_word' id='word_1_13' title='bbox 578 447 714 486; x_wconf 80' lang='lat' dir='ltr'>fratrem</span> <span class='ocrx_word' id='word_1_14' title='bbox 735 448 820 487; x_wconf 75' lang='lat' dir='ltr'>regis</span> <span class='ocrx_word' id='word_1_15' title='bbox 835 448 929 488; x_wconf 59' lang='lat' dir='ltr'>§Par-</span> 
     </span>
     <span class='ocr_line' id='line_1_6' title="bbox 237 498 929 538; baseline -0.001 -9"><span class='ocrx_word' id='word_1_16' title='bbox 237 503 379 529; x_wconf 72' lang='lat' dir='ltr'>tanorum</span> <span class='ocrx_word' id='word_1_17' title='bbox 419 498 655 530; x_wconf 74' lang='lat' dir='ltr'><strong><em>decurrentibus.</em></strong></span> <span class='ocrx_word' id='word_1_18' title='bbox 714 498 760 529; x_wconf 87' lang='lat' dir='ltr'>H.</span> <span class='ocrx_word' id='word_1_19' title='bbox 792 507 821 528; x_wconf 88' lang='lat' dir='ltr'>e.</span> <span class='ocrx_word' id='word_1_20' title='bbox 858 498 929 538; x_wconf 85' lang='lat' dir='ltr'>ejus</span> 
     </span>
     <span class='ocr_line' id='line_1_7' title="bbox 237 548 930 589; baseline -0.003 -10"><span class='ocrx_word' id='word_1_21' title='bbox 237 559 335 589; x_wconf 89' lang='lat' dir='ltr'>opem</span> <span class='ocrx_word' id='word_1_22' title='bbox 374 548 640 588; x_wconf 81' lang='lat' dir='ltr'>implorantibus.</span> <span class='ocrx_word' id='word_1_23' title='bbox 705 548 799 579; x_wconf 86' lang='lat' dir='ltr'>Sicut</span> <span class='ocrx_word' id='word_1_24' title='bbox 841 548 930 577; x_wconf 87' lang='lat' dir='ltr'>enim</span> 
     </span>
     <span class='ocr_line' id='line_1_8' title="bbox 238 597 931 638; baseline -0.001 -9"><span class='ocrx_word' id='word_1_25' title='bbox 238 600 247 615; x_wconf 94' lang='lat'>‘</span> <span class='ocrx_word' id='word_1_26' title='bbox 266 598 484 629; x_wconf 89' lang='lat' dir='ltr'>succurrere&#39;</span> <span class='ocrx_word' id='word_1_27' title='bbox 521 603 583 637; x_wconf 88' lang='lat' dir='ltr'>est,</span> <span class='ocrx_word' id='word_1_28' title='bbox 614 608 712 638; x_wconf 88' lang='lat' dir='ltr'>opem</span> <span class='ocrx_word' id='word_1_29' title='bbox 742 597 850 636; x_wconf 88' lang='lat' dir='ltr'>ferre;</span> <span class='ocrx_word' id='word_1_30' title='bbox 882 597 931 628; x_wconf 84' lang='lat' dir='ltr'>sic</span> 
     </span>
     <span class='ocr_line' id='line_1_9' title="bbox 239 647 931 688; baseline 0 -10"><span class='ocrx_word' id='word_1_31' title='bbox 239 648 248 664; x_wconf 93' lang='lat'>‘</span> <span class='ocrx_word' id='word_1_32' title='bbox 266 647 474 686; x_wconf 85' lang='lat' dir='ltr'>decurrere,&#39;</span> <span class='ocrx_word' id='word_1_33' title='bbox 501 657 601 688; x_wconf 89' lang='lat' dir='ltr'>opem</span> <span class='ocrx_word' id='word_1_34' title='bbox 641 648 834 688; x_wconf 87' lang='lat' dir='ltr'>implorare,</span> <span class='ocrx_word' id='word_1_35' title='bbox 865 657 931 678; x_wconf 88' lang='lat' dir='ltr'>non</span> 
     </span>
     <span class='ocr_line' id='line_1_10' title="bbox 237 696 931 737; baseline 0.003 -11"><span class='ocrx_word' id='word_1_36' title='bbox 237 696 470 737; x_wconf 79' lang='lat' dir='ltr'>infrequenter</span> <span class='ocrx_word' id='word_1_37' title='bbox 498 707 552 737; x_wconf 88' lang='lat' dir='ltr'>ap.</span> <span class='ocrx_word' id='word_1_38' title='bbox 577 698 763 728; x_wconf 85' lang='lat' dir='ltr'>Nostrum:</span> <span class='ocrx_word' id='word_1_39' title='bbox 802 707 877 728; x_wconf 82' lang='lat' dir='ltr'>xw.</span> <span class='ocrx_word' id='word_1_40' title='bbox 899 701 931 728; x_wconf 79' lang='lat'>2.</span> 
     </span>
     <span class='ocr_line' id='line_1_11' title="bbox 238 746 934 787; baseline 0.001 -11"><span class='ocrx_word' id='word_1_41' title='bbox 238 748 247 763; x_wconf 75' lang='lat'>⁸</span> <span class='ocrx_word' id='word_1_42' title='bbox 266 746 440 787; x_wconf 88' lang='lat' dir='ltr'>Optimum</span> <span class='ocrx_word' id='word_1_43' title='bbox 470 747 576 778; x_wconf 86' lang='lat' dir='ltr'>visum</span> <span class='ocrx_word' id='word_1_44' title='bbox 603 752 655 778; x_wconf 88' lang='lat' dir='ltr'>est</span> <span class='ocrx_word' id='word_1_45' title='bbox 683 748 724 778; x_wconf 87' lang='lat' dir='ltr'>ad</span> <span class='ocrx_word' id='word_1_46' title='bbox 749 747 934 778; x_wconf 79' lang='lat' dir='ltr'>Alexandri</span> 
     </span>
     <span class='ocr_line' id='line_1_12' title="bbox 239 795 934 837; baseline 0.001 -11"><span class='ocrx_word' id='word_1_47' title='bbox 239 796 358 836; x_wconf 86' lang='lat' dir='ltr'>Magni</span> <span class='ocrx_word' id='word_1_48' title='bbox 374 795 637 837; x_wconf 78' lang='lat' dir='ltr'><strong>Argyraspidas,</strong></span> <span class='ocrx_word' id='word_1_49' title='bbox 661 797 823 828; x_wconf 89' lang='lat' dir='ltr'>invictum</span> <span class='ocrx_word' id='word_1_50' title='bbox 840 806 934 827; x_wconf 83' lang='lat' dir='ltr'>exer-</span> 
     </span>
     <span class='ocr_line' id='line_1_13' title="bbox 237 846 934 887; baseline 0.001 -11"><span class='ocrx_word' id='word_1_51' title='bbox 237 847 356 887; x_wconf 87' lang='lat' dir='ltr'>citum,</span> <span class='ocrx_word' id='word_1_52' title='bbox 372 851 407 877; x_wconf 86' lang='lat' dir='ltr'>et</span> <span class='ocrx_word' id='word_1_53' title='bbox 429 851 482 877; x_wconf 87' lang='lat' dir='ltr'>tot</span> <span class='ocrx_word' id='word_1_54' title='bbox 497 847 713 878; x_wconf 88' lang='lat' dir='ltr'>victoriarum</span> <span class='ocrx_word' id='word_1_55' title='bbox 730 846 934 887; x_wconf 77' lang='lat' dir='ltr'>praefulgen-</span> 
     </span>
     <span class='ocr_line' id='line_1_14' title="bbox 240 896 934 936; baseline 0.003 -10"><span class='ocrx_word' id='word_1_56' title='bbox 240 901 307 927; x_wconf 89' lang='lat' dir='ltr'>tem</span> <span class='ocrx_word' id='word_1_57' title='bbox 324 896 428 936; x_wconf 84' lang='lat' dir='ltr'>gloria</span> <span class='ocrx_word' id='word_1_58' title='bbox 453 896 658 928; x_wconf 66' lang='lat' dir='ltr'>decurrere!</span> <span class='ocrx_word' id='word_1_59' title='bbox 697 898 785 930; x_wconf 82' lang='lat' dir='ltr'>Quin</span> <span class='ocrx_word' id='word_1_60' title='bbox 807 902 843 928; x_wconf 90' lang='lat' dir='ltr'>et</span> <span class='ocrx_word' id='word_1_61' title='bbox 860 897 934 928; x_wconf 86' lang='lat' dir='ltr'><strong>Cic.</strong></span> 
     </span>
     <span class='ocr_line' id='line_1_15' title="bbox 240 945 937 986; baseline 0.003 -10"><span class='ocrx_word' id='word_1_62' title='bbox 240 956 300 986; x_wconf 90' lang='lat' dir='ltr'>pro</span> <span class='ocrx_word' id='word_1_63' title='bbox 317 945 433 978; x_wconf 80' lang='lat' dir='ltr'>Quint.</span> <span class='ocrx_word' id='word_1_64' title='bbox 450 949 502 977; x_wconf 84' lang='lat'>15.</span> <span class='ocrx_word' id='word_1_65' title='bbox 535 947 543 963; x_wconf 88' lang='lat'>‘</span> <span class='ocrx_word' id='word_1_66' title='bbox 559 946 613 977; x_wconf 89' lang='lat' dir='ltr'>Ad</span> <span class='ocrx_word' id='word_1_67' title='bbox 630 947 703 978; x_wconf 85' lang='lat' dir='ltr'>haec</span> <span class='ocrx_word' id='word_1_68' title='bbox 726 952 880 978; x_wconf 80' lang='lat' dir='ltr'>extrema</span> <span class='ocrx_word' id='word_1_69' title='bbox 901 951 937 978; x_wconf 87' lang='lat' dir='ltr'>et</span> 
     </span>
     <span class='ocr_line' id='line_1_16' title="bbox 239 995 938 1037; baseline 0.001 -11"><span class='ocrx_word' id='word_1_70' title='bbox 239 995 468 1026; x_wconf 86' lang='lat' dir='ltr'>inimicissima</span> <span class='ocrx_word' id='word_1_71' title='bbox 486 996 564 1036; x_wconf 88' lang='lat' dir='ltr'>jura</span> <span class='ocrx_word' id='word_1_72' title='bbox 581 1001 648 1027; x_wconf 87' lang='lat' dir='ltr'>tam</span> <span class='ocrx_word' id='word_1_73' title='bbox 674 997 797 1037; x_wconf 85' lang='lat' dir='ltr'>cupide</span> <span class='ocrx_word' id='word_1_74' title='bbox 821 997 938 1027; x_wconf 88' lang='lat' dir='ltr'>decur-</span> 
     </span>
     <span class='ocr_line' id='line_1_17' title="bbox 241 1045 937 1087; baseline 0.001 -11"><span class='ocrx_word' id='word_1_75' title='bbox 241 1046 338 1076; x_wconf 81' lang='lat' dir='ltr'>rebas</span> <span class='ocrx_word' id='word_1_76' title='bbox 355 1045 375 1076; x_wconf 90' lang='lat'>:’</span> <span class='ocrx_word' id='word_1_77' title='bbox 406 1045 467 1076; x_wconf 89' lang='lat' dir='ltr'>inf.</span> <span class='ocrx_word' id='word_1_78' title='bbox 492 1055 626 1077; x_wconf 84' lang='lat' dir='ltr'>xxvni.</span> <span class='ocrx_word' id='word_1_79' title='bbox 650 1049 679 1077; x_wconf 93' lang='grc'>1.</span> <span class='ocrx_word' id='word_1_80' title='bbox 716 1048 725 1064; x_wconf 92' lang='lat'>‘</span> <span class='ocrx_word' id='word_1_81' title='bbox 742 1046 796 1078; x_wconf 81' lang='lat' dir='ltr'>Ad</span> <span class='ocrx_word' id='word_1_82' title='bbox 823 1057 937 1087; x_wconf 77' lang='lat' dir='ltr'>regem</span> 
     </span>
     <span class='ocr_line' id='line_1_18' title="bbox 240 1096 937 1129; baseline 0.003 -3"><span class='ocrx_word' id='word_1_83' title='bbox 240 1096 453 1127; x_wconf 83' lang='lat' dir='ltr'>Macedoniae</span> <span class='ocrx_word' id='word_1_84' title='bbox 503 1097 716 1128; x_wconf 82' lang='lat' dir='ltr'><strong>Demetrium</strong></span> <span class='ocrx_word' id='word_1_85' title='bbox 761 1097 937 1129; x_wconf 86' lang='lat' dir='ltr'>decurrit.’</span> 
     </span>
     <span class='ocr_line' id='line_1_19' title="bbox 244 1146 344 1177; baseline 0.01 -1"><span class='ocrx_word' id='word_1_86' title='bbox 244 1146 344 1177; x_wconf 76' lang='lat' dir='ltr'>Gron-</span> 
     </span>
    </p>

    <p class='ocr_par' dir='ltr' id='par_1_6' title="bbox 242 1196 942 1426">
     <span class='ocr_line' id='line_1_20' title="bbox 288 1196 939 1238; baseline 0 -10"><span class='ocrx_word' id='word_1_87' title='bbox 288 1197 384 1228; x_wconf 81' lang='lat' dir='ltr'>Varia</span> <span class='ocrx_word' id='word_1_88' title='bbox 408 1196 537 1227; x_wconf 80' lang='lat' dir='ltr'>victoria</span> <span class='ocrx_word' id='word_1_89' title='bbox 558 1198 734 1237; x_wconf 65' lang='lat' dir='ltr'>praeliatum</span> <span class='ocrx_word' id='word_1_90' title='bbox 747 1197 833 1238; x_wconf 79' lang='lat' dir='ltr'>fuit]</span> <span class='ocrx_word' id='word_1_91' title='bbox 855 1198 939 1228; x_wconf 90' lang='lat' dir='ltr'>Ver-</span> 
     </span>
     <span class='ocr_line' id='line_1_21' title="bbox 242 1245 941 1287; baseline 0.003 -11"><span class='ocrx_word' id='word_1_92' title='bbox 242 1245 322 1277; x_wconf 87' lang='lat' dir='ltr'>bum</span> <span class='ocrx_word' id='word_1_93' title='bbox 353 1246 526 1286; x_wconf 88' lang='lat' dir='ltr'>deponens</span> <span class='ocrx_word' id='word_1_94' title='bbox 552 1247 826 1287; x_wconf 77' lang='lat' dir='ltr'>impersonaliter</span> <span class='ocrx_word' id='word_1_95' title='bbox 848 1257 941 1278; x_wconf 86' lang='lat' dir='ltr'>usur-</span> 
     </span>
     <span class='ocr_line' id='line_1_22' title="bbox 243 1296 940 1337; baseline 0.003 -11"><span class='ocrx_word' id='word_1_96' title='bbox 243 1300 374 1336; x_wconf 88' lang='lat' dir='ltr'>patum.</span> <span class='ocrx_word' id='word_1_97' title='bbox 420 1296 471 1327; x_wconf 88' lang='lat' dir='ltr'>Ad</span> <span class='ocrx_word' id='word_1_98' title='bbox 487 1306 584 1337; x_wconf 86' lang='lat' dir='ltr'>quem</span> <span class='ocrx_word' id='word_1_99' title='bbox 596 1297 731 1328; x_wconf 88' lang='lat' dir='ltr'>modum</span> <span class='ocrx_word' id='word_1_100' title='bbox 749 1298 825 1329; x_wconf 91' lang='lat' dir='ltr'>Liv.</span> <span class='ocrx_word' id='word_1_101' title='bbox 849 1299 858 1315; x_wconf 94' lang='lat'>‘</span> <span class='ocrx_word' id='word_1_102' title='bbox 875 1299 940 1328; x_wconf 89' lang='lat' dir='ltr'>Tu·</span> 
     </span>
     <span class='ocr_line' id='line_1_23' title="bbox 242 1345 942 1386; baseline 0.004 -11"><span class='ocrx_word' id='word_1_103' title='bbox 242 1346 444 1377; x_wconf 86' lang='lat' dir='ltr'>multuatum</span> <span class='ocrx_word' id='word_1_104' title='bbox 470 1345 546 1386; x_wconf 88' lang='lat' dir='ltr'>est,&#39;</span> <span class='ocrx_word' id='word_1_105' title='bbox 583 1345 844 1378; x_wconf 83' lang='lat' dir='ltr'>‘Vociferatum</span> <span class='ocrx_word' id='word_1_106' title='bbox 866 1346 942 1378; x_wconf 81' lang='lat' dir='ltr'>est.&#39;</span> 
     </span>
     <span class='ocr_line' id='line_1_24' title="bbox 250 1395 326 1426; baseline 0 0"><span class='ocrx_word' id='word_1_107' title='bbox 250 1395 326 1426; x_wconf 86' lang='lat' dir='ltr'>Vor.</span> 
     </span>
    </p>

    <p class='ocr_par' dir='ltr' id='par_1_7' title="bbox 243 1446 956 2636">
     <span class='ocr_line' id='line_1_25' title="bbox 291 1446 944 1485; baseline 0.003 -10"><span class='ocrx_word' id='word_1_108' title='bbox 291 1447 308 1485; x_wconf 62' lang='grc' dir='ltr'><strong>ς</strong></span> <span class='ocrx_word' id='word_1_109' title='bbox 330 1448 370 1476; x_wconf 88' lang='grc'>10</span> <span class='ocrx_word' id='word_1_110' title='bbox 389 1446 457 1481; x_wconf 83' lang='lat' dir='ltr'>Quo</span> <span class='ocrx_word' id='word_1_111' title='bbox 473 1446 565 1477; x_wconf 75' lang='lat' dir='ltr'>Poeni</span> <span class='ocrx_word' id='word_1_112' title='bbox 580 1446 728 1477; x_wconf 78' lang='lat' dir='ltr'>humanas</span> <span class='ocrx_word' id='word_1_113' title='bbox 751 1446 866 1477; x_wconf 77' lang='lat' dir='ltr'>hostias</span> <span class='ocrx_word' id='word_1_114' title='bbox 887 1448 944 1478; x_wconf 81' lang='lat' dir='ltr'>im-</span> 
     </span>
     <span class='ocr_line' id='line_1_26' title="bbox 243 1495 945 1536; baseline 0 -10"><span class='ocrx_word' id='word_1_115' title='bbox 243 1496 370 1534; x_wconf 81' lang='lat' dir='ltr'>molare,</span> <span class='ocrx_word' id='word_1_116' title='bbox 395 1495 463 1535; x_wconf 64' lang='lat'>35⁴⁶]</span> <span class='ocrx_word' id='word_1_117' title='bbox 510 1496 717 1536; x_wconf 85' lang='lat' dir='ltr'>Porphyrius</span> <span class='ocrx_word' id='word_1_118' title='bbox 750 1497 792 1527; x_wconf 91' lang='lat' dir='ltr'>de</span> <span class='ocrx_word' id='word_1_119' title='bbox 830 1496 945 1528; x_wconf 89' lang='lat' dir='ltr'>Absti-</span> 
     </span>
     <span class='ocr_line' id='line_1_27' title="bbox 246 1545 942 1586; baseline 0 -10"><span class='ocrx_word' id='word_1_120' title='bbox 246 1546 360 1576; x_wconf 85' lang='lat' dir='ltr'>nentia</span> <span class='ocrx_word' id='word_1_121' title='bbox 377 1546 436 1577; x_wconf 89' lang='lat' dir='ltr'>lib.</span> <span class='ocrx_word' id='word_1_122' title='bbox 454 1555 494 1576; x_wconf 88' lang='lat'>11.</span> <span class='ocrx_word' id='word_1_123' title='bbox 518 1545 602 1576; x_wconf 83' lang='lat' dir='ltr'>dicit</span> <span class='ocrx_word' id='word_1_124' title='bbox 618 1546 824 1586; x_wconf 80' lang='lat' dir='ltr'>Iphicraten]</span> <span class='ocrx_word' id='word_1_125' title='bbox 842 1546 942 1576; x_wconf 87' lang='lat' dir='ltr'>finem</span> 
     </span>
     <span class='ocr_line' id='line_1_28' title="bbox 247 1594 947 1636; baseline 0.001 -11"><span class='ocrx_word' id='word_1_126' title='bbox 247 1595 449 1635; x_wconf 79' lang='lat' dir='ltr'>imposuisse</span> <span class='ocrx_word' id='word_1_127' title='bbox 479 1596 519 1636; x_wconf 79' lang='grc' dir='ltr'>τῇ</span> <span class='ocrx_word' id='word_1_128' title='bbox 548 1594 781 1636; x_wconf 82' lang='grc' dir='ltr'>ἆνθρωποθυσίῃ.</span> <span class='ocrx_word' id='word_1_129' title='bbox 831 1594 890 1625; x_wconf 82' lang='grc' dir='ltr'>Καὶ</span> <span class='ocrx_word' id='word_1_130' title='bbox 919 1595 947 1626; x_wconf 77' lang='grc' dir='ltr'>οἱ</span> 
     </span>
     <span class='ocr_line' id='line_1_29' title="bbox 247 1643 947 1686; baseline 0.001 -12"><span class='ocrx_word' id='word_1_131' title='bbox 247 1645 279 1675; x_wconf 80' lang='grc' dir='ltr'>ἐν</span> <span class='ocrx_word' id='word_1_132' title='bbox 301 1643 395 1686; x_wconf 85' lang='grc' dir='ltr'>Λιβύῃ</span> <span class='ocrx_word' id='word_1_133' title='bbox 412 1643 612 1685; x_wconf 81' lang='grc' dir='ltr'>Καρχηδόνιοι</span> <span class='ocrx_word' id='word_1_134' title='bbox 627 1644 744 1675; x_wconf 79' lang='grc' dir='ltr'>ἐποίουν</span> <span class='ocrx_word' id='word_1_135' title='bbox 757 1645 816 1681; x_wconf 77' lang='grc' dir='ltr'>τὴν</span> <span class='ocrx_word' id='word_1_136' title='bbox 830 1644 947 1685; x_wconf 76' lang='grc' dir='ltr'>θυσίαν,</span> 
     </span>
     <span class='ocr_line' id='line_1_30' title="bbox 246 1693 945 1735; baseline 0.001 -10"><span class='ocrx_word' id='word_1_137' title='bbox 246 1694 285 1731; x_wconf 60' lang='grc' dir='ltr'>ἣν</span> <span class='ocrx_word' id='word_1_138' title='bbox 299 1693 472 1735; x_wconf 71' lang='grc' dir='ltr'>Ἰφικράτης</span> <span class='ocrx_word' id='word_1_139' title='bbox 488 1694 629 1726; x_wconf 83' lang='grc' dir='ltr'>ἔπαυσεν.</span> <span class='ocrx_word' id='word_1_140' title='bbox 674 1695 816 1726; x_wconf 85' lang='lat' dir='ltr'>Pindari</span> <span class='ocrx_word' id='word_1_141' title='bbox 833 1696 945 1726; x_wconf 76' lang='lat' dir='ltr'>Schol-</span> 
     </span>
     <span class='ocr_line' id='line_1_31' title="bbox 247 1745 945 1785; baseline 0.001 -10"><span class='ocrx_word' id='word_1_142' title='bbox 247 1745 282 1775; x_wconf 91' lang='lat' dir='ltr'>in</span> <span class='ocrx_word' id='word_1_143' title='bbox 296 1745 399 1785; x_wconf 86' lang='lat' dir='ltr'>Pyth.</span> <span class='ocrx_word' id='word_1_144' title='bbox 422 1745 489 1775; x_wconf 89' lang='lat' dir='ltr'>Od.</span> <span class='ocrx_word' id='word_1_145' title='bbox 507 1754 547 1775; x_wconf 85' lang='lat'>11.</span> <span class='ocrx_word' id='word_1_146' title='bbox 573 1746 637 1775; x_wconf 91' lang='lat' dir='ltr'>hoc</span> <span class='ocrx_word' id='word_1_147' title='bbox 662 1745 786 1776; x_wconf 88' lang='lat' dir='ltr'>Geloni</span> <span class='ocrx_word' id='word_1_148' title='bbox 811 1745 945 1776; x_wconf 75' lang='lat' dir='ltr'>tribuit.</span> 
     </span>
     <span class='ocr_line' id='line_1_32' title="bbox 248 1792 950 1833; baseline -0.001 -9"><span class='ocrx_word' id='word_1_149' title='bbox 248 1793 289 1824; x_wconf 82' lang='grc' dir='ltr'>Τὸ</span> <span class='ocrx_word' id='word_1_150' title='bbox 323 1795 399 1833; x_wconf 67' lang='grc' dir='ltr'>’γοῦν</span> <span class='ocrx_word' id='word_1_151' title='bbox 428 1795 664 1833; x_wconf 80' lang='grc' dir='ltr'>ἀνθρωποθυτεΐν</span> <span class='ocrx_word' id='word_1_152' title='bbox 696 1792 793 1832; x_wconf 73' lang='grc' dir='ltr'>φησὶν</span> <span class='ocrx_word' id='word_1_153' title='bbox 822 1794 838 1823; x_wconf 82' lang='grc' dir='ltr'><strong><em>ὁ</em></strong></span> <span class='ocrx_word' id='word_1_154' title='bbox 879 1792 950 1824; x_wconf 82' lang='grc' dir='ltr'>Θεό·</span> 
     </span>
     <span class='ocr_line' id='line_1_33' title="bbox 249 1844 950 1887; baseline -0.003 -10"><span class='ocrx_word' id='word_1_155' title='bbox 249 1853 386 1887; x_wconf 85' lang='grc' dir='ltr'>φραστος</span> <span class='ocrx_word' id='word_1_156' title='bbox 402 1847 433 1876; x_wconf 86' lang='grc' dir='ltr'>ἐν</span> <span class='ocrx_word' id='word_1_157' title='bbox 453 1847 498 1885; x_wconf 77' lang='grc' dir='ltr'>τῷ</span> <span class='ocrx_word' id='word_1_158' title='bbox 512 1846 580 1886; x_wconf 73' lang='grc' dir='ltr'>περὶ</span> <span class='ocrx_word' id='word_1_159' title='bbox 597 1848 757 1886; x_wconf 84' lang='grc' dir='ltr'>Τυρσηνῶν</span> <span class='ocrx_word' id='word_1_160' title='bbox 779 1844 950 1876; x_wconf 84' lang='grc' dir='ltr'>παύσασθαι</span> 
     </span>
     <span class='ocr_line' id='line_1_34' title="bbox 250 1895 950 1937; baseline -0.003 -9"><span class='ocrx_word' id='word_1_161' title='bbox 250 1896 369 1935; x_wconf 76' lang='grc' dir='ltr'>αὐτοὺς,</span> <span class='ocrx_word' id='word_1_162' title='bbox 380 1895 515 1928; x_wconf 81' lang='grc' dir='ltr'>Γέλωνος</span> <span class='ocrx_word' id='word_1_163' title='bbox 526 1895 763 1937; x_wconf 84' lang='grc' dir='ltr'>προστάξαντος·</span> <span class='ocrx_word' id='word_1_164' title='bbox 780 1895 832 1926; x_wconf 83' lang='grc' dir='ltr'>ὅτε</span> <span class='ocrx_word' id='word_1_165' title='bbox 853 1895 885 1926; x_wconf 84' lang='grc' dir='ltr'>δὲ</span> <span class='ocrx_word' id='word_1_166' title='bbox 900 1895 950 1926; x_wconf 81' lang='grc' dir='ltr'>καὶ</span> 
     </span>
     <span class='ocr_line' id='line_1_35' title="bbox 251 1945 950 1987; baseline -0.003 -9"><span class='ocrx_word' id='word_1_167' title='bbox 251 1946 411 1978; x_wconf 76' lang='grc' dir='ltr'>ἐκέλευσεν</span> <span class='ocrx_word' id='word_1_168' title='bbox 432 1945 542 1977; x_wconf 76' lang='grc' dir='ltr'>αὐτοὺς</span> <span class='ocrx_word' id='word_1_169' title='bbox 564 1946 708 1987; x_wconf 66' lang='grc' dir='ltr'>χρήματα</span> <span class='ocrx_word' id='word_1_170' title='bbox 728 1945 887 1986; x_wconf 81' lang='grc' dir='ltr'>εἰσφέρειν,</span> <span class='ocrx_word' id='word_1_171' title='bbox 900 1945 950 1976; x_wconf 72' lang='grc' dir='ltr'>Τί-</span> 
     </span>
     <span class='ocr_line' id='line_1_36' title="bbox 250 1994 951 2037; baseline -0.003 -10"><span class='ocrx_word' id='word_1_172' title='bbox 250 2009 336 2036; x_wconf 79' lang='grc' dir='ltr'>μαιος</span> <span class='ocrx_word' id='word_1_173' title='bbox 357 1998 536 2037; x_wconf 71' lang='grc' dir='ltr'>Διαγραφῆς</span> <span class='ocrx_word' id='word_1_174' title='bbox 550 1994 867 2037; x_wconf 81' lang='grc' dir='ltr'>τεσσαρεσκαιδεκάτῃ</span> <span class='ocrx_word' id='word_1_175' title='bbox 880 1996 951 2026; x_wconf 80' lang='grc' dir='ltr'>ἂνα-</span> 
     </span>
     <span class='ocr_line' id='line_1_37' title="bbox 250 2045 950 2087; baseline -0.001 -10"><span class='ocrx_word' id='word_1_176' title='bbox 250 2045 398 2087; x_wconf 78' lang='grc' dir='ltr'>γέγραφε.</span> <span class='ocrx_word' id='word_1_177' title='bbox 443 2046 497 2077; x_wconf 90' lang='lat' dir='ltr'>Ita</span> <span class='ocrx_word' id='word_1_178' title='bbox 520 2046 717 2077; x_wconf 83' lang='lat' dir='ltr'>scribendus</span> <span class='ocrx_word' id='word_1_179' title='bbox 740 2047 834 2078; x_wconf 87' lang='lat' dir='ltr'>illel.</span> <span class='ocrx_word' id='word_1_180' title='bbox 866 2047 950 2077; x_wconf 91' lang='lat' dir='ltr'>Voss.</span> 
     </span>
     <span class='ocr_line' id='line_1_38' title="bbox 251 2096 953 2137; baseline 0.003 -11"><span class='ocrx_word' id='word_1_181' title='bbox 251 2096 333 2137; x_wconf 92' lang='lat' dir='ltr'>Sup.</span> <span class='ocrx_word' id='word_1_182' title='bbox 351 2100 506 2127; x_wconf 81' lang='lat' dir='ltr'>xv111.6.</span> <span class='ocrx_word' id='word_1_183' title='bbox 524 2099 576 2127; x_wconf 80' lang='grc'>12.</span> <span class='ocrx_word' id='word_1_184' title='bbox 600 2097 609 2113; x_wconf 82' lang='lat'>‘</span> <span class='ocrx_word' id='word_1_185' title='bbox 627 2097 791 2127; x_wconf 87' lang='lat' dir='ltr'>Homines</span> <span class='ocrx_word' id='word_1_186' title='bbox 803 2102 838 2128; x_wconf 91' lang='lat' dir='ltr'>ut</span> <span class='ocrx_word' id='word_1_187' title='bbox 856 2097 953 2128; x_wconf 87' lang='lat' dir='ltr'>victi-</span> 
     </span>
     <span class='ocr_line' id='line_1_39' title="bbox 251 2145 952 2178; baseline 0 -1"><span class='ocrx_word' id='word_1_188' title='bbox 251 2156 323 2177; x_wconf 86' lang='lat' dir='ltr'>mas</span> <span class='ocrx_word' id='word_1_189' title='bbox 337 2145 579 2178; x_wconf 86' lang='lat' dir='ltr'>immolabant.’</span> <span class='ocrx_word' id='word_1_190' title='bbox 604 2147 665 2177; x_wconf 92' lang='lat' dir='ltr'>Cui</span> <span class='ocrx_word' id='word_1_191' title='bbox 679 2147 765 2177; x_wconf 87' lang='lat' dir='ltr'>mori</span> <span class='ocrx_word' id='word_1_192' title='bbox 775 2156 840 2176; x_wconf 92' lang='lat' dir='ltr'>non</span> <span class='ocrx_word' id='word_1_193' title='bbox 853 2147 952 2177; x_wconf 85' lang='lat' dir='ltr'>modo</span> 
     </span>
     <span class='ocr_line' id='line_1_40' title="bbox 252 2195 953 2236; baseline -0.001 -9"><span class='ocrx_word' id='word_1_194' title='bbox 252 2196 393 2234; x_wconf 85' lang='lat' dir='ltr'>Darius,</span> <span class='ocrx_word' id='word_1_195' title='bbox 411 2196 470 2227; x_wconf 88' lang='lat' dir='ltr'>sed</span> <span class='ocrx_word' id='word_1_196' title='bbox 486 2200 521 2226; x_wconf 83' lang='lat' dir='ltr'>et</span> <span class='ocrx_word' id='word_1_197' title='bbox 546 2196 601 2226; x_wconf 91' lang='lat' dir='ltr'>alii</span> <span class='ocrx_word' id='word_1_198' title='bbox 625 2195 766 2235; x_wconf 84' lang='lat' dir='ltr'>offensi;</span> <span class='ocrx_word' id='word_1_199' title='bbox 797 2196 953 2236; x_wconf 84' lang='lat' dir='ltr'>interque</span> 
     </span>
     <span class='ocr_line' id='line_1_41' title="bbox 252 2244 953 2285; baseline -0.001 -9"><span class='ocrx_word' id='word_1_200' title='bbox 252 2246 314 2276; x_wconf 91' lang='lat' dir='ltr'>hos</span> <span class='ocrx_word' id='word_1_201' title='bbox 341 2245 534 2285; x_wconf 81' lang='lat' dir='ltr'>Iphicrates</span> <span class='ocrx_word' id='word_1_202' title='bbox 560 2244 788 2284; x_wconf 80' lang='lat' dir='ltr'>Atheniensis,</span> <span class='ocrx_word' id='word_1_203' title='bbox 806 2249 842 2276; x_wconf 89' lang='lat' dir='ltr'>et</span> <span class='ocrx_word' id='word_1_204' title='bbox 866 2245 953 2275; x_wconf 81' lang='lat' dir='ltr'>Gelo</span> 
     </span>
     <span class='ocr_line' id='line_1_42' title="bbox 254 2294 954 2335; baseline -0.001 -9"><span class='ocrx_word' id='word_1_205' title='bbox 254 2295 400 2334; x_wconf 82' lang='lat' dir='ltr'>Siculus,</span> <span class='ocrx_word' id='word_1_206' title='bbox 426 2299 466 2326; x_wconf 80' lang='lat' dir='ltr'>ut</span> <span class='ocrx_word' id='word_1_207' title='bbox 493 2304 535 2325; x_wconf 87' lang='lat' dir='ltr'>ex</span> <span class='ocrx_word' id='word_1_208' title='bbox 560 2294 618 2325; x_wconf 90' lang='lat' dir='ltr'>lib.</span> <span class='ocrx_word' id='word_1_209' title='bbox 644 2304 682 2326; x_wconf 94' lang='lat'>11.</span> <span class='ocrx_word' id='word_1_210' title='bbox 707 2294 888 2335; x_wconf 87' lang='lat' dir='ltr'>Porphyrii</span> <span class='ocrx_word' id='word_1_211' title='bbox 911 2294 954 2325; x_wconf 87' lang='lat' dir='ltr'>de</span> 
     </span>
     <span class='ocr_line' id='line_1_43' title="bbox 256 2345 954 2378; baseline -0.001 -1"><span class='ocrx_word' id='word_1_212' title='bbox 256 2345 392 2378; x_wconf 82' lang='lat' dir='ltr'>Abstin.</span> <span class='ocrx_word' id='word_1_213' title='bbox 429 2349 465 2376; x_wconf 85' lang='lat' dir='ltr'>et</span> <span class='ocrx_word' id='word_1_214' title='bbox 493 2346 602 2376; x_wconf 90' lang='lat' dir='ltr'>Schol.</span> <span class='ocrx_word' id='word_1_215' title='bbox 641 2346 785 2376; x_wconf 86' lang='lat' dir='ltr'>Pindari</span> <span class='ocrx_word' id='word_1_216' title='bbox 821 2346 954 2377; x_wconf 87' lang='lat' dir='ltr'>notavit</span> 
     </span>
     <span class='ocr_line' id='line_1_44' title="bbox 254 2395 955 2436; baseline -0.001 -10"><span class='ocrx_word' id='word_1_217' title='bbox 254 2396 351 2426; x_wconf 88' lang='lat' dir='ltr'>Voss.</span> <span class='ocrx_word' id='word_1_218' title='bbox 374 2395 500 2426; x_wconf 86' lang='lat' dir='ltr'>Tradit</span> <span class='ocrx_word' id='word_1_219' title='bbox 512 2398 547 2426; x_wconf 85' lang='lat' dir='ltr'>et</span> <span class='ocrx_word' id='word_1_220' title='bbox 561 2395 655 2426; x_wconf 87' lang='lat' dir='ltr'>Plut.</span> <span class='ocrx_word' id='word_1_221' title='bbox 669 2396 701 2425; x_wconf 89' lang='lat' dir='ltr'>in</span> <span class='ocrx_word' id='word_1_222' title='bbox 717 2395 853 2436; x_wconf 84' lang='lat' dir='ltr'>Apoph.</span> <span class='ocrx_word' id='word_1_223' title='bbox 866 2396 955 2426; x_wconf 83' lang='lat' dir='ltr'>inter</span> 
     </span>
     <span class='ocr_line' id='line_1_45' title="bbox 256 2445 956 2486; baseline -0.001 -10"><span class='ocrx_word' id='word_1_224' title='bbox 256 2445 470 2476; x_wconf 81' lang='lat' dir='ltr'>conditiones</span> <span class='ocrx_word' id='word_1_225' title='bbox 488 2445 592 2485; x_wconf 83' lang='lat' dir='ltr'>pacis,</span> <span class='ocrx_word' id='word_1_226' title='bbox 606 2455 686 2485; x_wconf 82' lang='lat' dir='ltr'>quas</span> <span class='ocrx_word' id='word_1_227' title='bbox 702 2445 956 2486; x_wconf 84' lang='lat' dir='ltr'>Carthaginien-</span> 
     </span>
     <span class='ocr_line' id='line_1_46' title="bbox 257 2495 955 2526; baseline -0.003 0"><span class='ocrx_word' id='word_1_228' title='bbox 257 2495 349 2526; x_wconf 84' lang='lat' dir='ltr'>sibus</span> <span class='ocrx_word' id='word_1_229' title='bbox 381 2495 424 2526; x_wconf 91' lang='lat' dir='ltr'>ad</span> <span class='ocrx_word' id='word_1_230' title='bbox 467 2495 642 2526; x_wconf 84' lang='lat' dir='ltr'>Himeram</span> <span class='ocrx_word' id='word_1_231' title='bbox 684 2495 829 2525; x_wconf 83' lang='lat' dir='ltr'>devictis</span> <span class='ocrx_word' id='word_1_232' title='bbox 866 2495 955 2525; x_wconf 86' lang='lat' dir='ltr'>Gelo</span> 
     </span>
     <span class='ocr_line' id='line_1_47' title="bbox 257 2544 955 2585; baseline -0.004 -9"><span class='ocrx_word' id='word_1_233' title='bbox 257 2546 388 2585; x_wconf 89' lang='lat' dir='ltr'>tulerit,</span> <span class='ocrx_word' id='word_1_234' title='bbox 402 2550 437 2576; x_wconf 87' lang='lat' dir='ltr'>et</span> <span class='ocrx_word' id='word_1_235' title='bbox 462 2545 548 2576; x_wconf 88' lang='lat' dir='ltr'>hanc</span> <span class='ocrx_word' id='word_1_236' title='bbox 573 2544 690 2583; x_wconf 85' lang='lat' dir='ltr'>fuisse,</span> <span class='ocrx_word' id='word_1_237' title='bbox 707 2554 750 2575; x_wconf 89' lang='lat' dir='ltr'>ne</span> <span class='ocrx_word' id='word_1_238' title='bbox 773 2545 898 2574; x_wconf 88' lang='lat' dir='ltr'>liberos</span> <span class='ocrx_word' id='word_1_239' title='bbox 921 2544 955 2574; x_wconf 93' lang='lat' dir='ltr'>in</span> 
     </span>
     <span class='ocr_line' id='line_1_48' title="bbox 260 2594 935 2636; baseline -0.006 -9"><span class='ocrx_word' id='word_1_240' title='bbox 260 2601 434 2636; x_wconf 83' lang='lat' dir='ltr'>posterum</span> <span class='ocrx_word' id='word_1_241' title='bbox 449 2595 593 2625; x_wconf 83' lang='lat' dir='ltr'>Saturno</span> <span class='ocrx_word' id='word_1_242' title='bbox 609 2594 833 2624; x_wconf 87' lang='lat' dir='ltr'>immolarent.</span> <span class='ocrx_word' id='word_1_243' title='bbox 862 2594 935 2624; x_wconf 82' lang='lat' dir='ltr'>Vor.</span> 
     </span>
    </p>

    <p class='ocr_par' dir='ltr' id='par_1_8' title="bbox 257 2647 961 2933">
     <span class='ocr_line' id='line_1_49' title="bbox 302 2647 959 2687; baseline -0.008 -9"><span class='ocrx_word' id='word_1_244' title='bbox 302 2647 319 2687; x_wconf 52' lang='grc' dir='ltr'>ᾗ</span> <span class='ocrx_word' id='word_1_245' title='bbox 342 2650 381 2678; x_wconf 91' lang='grc'>11</span> <span class='ocrx_word' id='word_1_246' title='bbox 407 2647 662 2685; x_wconf 81' lang='lat' dir='ltr'>Mortuorumque</span> <span class='ocrx_word' id='word_1_247' title='bbox 681 2654 807 2685; x_wconf 82' lang='lat' dir='ltr'>corpora</span> <span class='ocrx_word' id='word_1_248' title='bbox 824 2653 959 2674; x_wconf 75' lang='lat' dir='ltr'>cremare</span> 
     </span>
     <span class='ocr_line' id='line_1_50' title="bbox 257 2697 958 2738; baseline -0.004 -10"><span class='ocrx_word' id='word_1_249' title='bbox 257 2698 372 2738; x_wconf 72' lang='lat' dir='ltr'>potius,</span> <span class='ocrx_word' id='word_1_250' title='bbox 400 2708 500 2738; x_wconf 76' lang='lat' dir='ltr'>quam,</span> <span class='ocrx_word' id='word_1_251' title='bbox 525 2697 595 2737; x_wconf 60' lang='lat' dir='ltr'>Cym]</span> <span class='ocrx_word' id='word_1_252' title='bbox 628 2698 639 2714; x_wconf 84' lang='lat'>‘</span> <span class='ocrx_word' id='word_1_253' title='bbox 663 2697 778 2737; x_wconf 88' lang='lat' dir='ltr'>Ipsum</span> <span class='ocrx_word' id='word_1_254' title='bbox 804 2703 958 2726; x_wconf 81' lang='lat' dir='ltr'>cremare</span> 
     </span>
     <span class='ocr_line' id='line_1_51' title="bbox 262 2744 958 2787; baseline -0.006 -9"><span class='ocrx_word' id='word_1_255' title='bbox 262 2757 328 2778; x_wconf 90' lang='lat' dir='ltr'>non</span> <span class='ocrx_word' id='word_1_256' title='bbox 354 2746 420 2778; x_wconf 89' lang='lat' dir='ltr'>fuit</span> <span class='ocrx_word' id='word_1_257' title='bbox 446 2748 535 2787; x_wconf 87' lang='lat' dir='ltr'>apud</span> <span class='ocrx_word' id='word_1_258' title='bbox 564 2748 730 2778; x_wconf 88' lang='lat' dir='ltr'>Romanos</span> <span class='ocrx_word' id='word_1_259' title='bbox 758 2745 884 2776; x_wconf 81' lang='lat' dir='ltr'>veteris</span> <span class='ocrx_word' id='word_1_260' title='bbox 910 2744 958 2774; x_wconf 89' lang='lat' dir='ltr'>in-</span> 
     </span>
     <span class='ocr_line' id='line_1_52' title="bbox 262 2793 959 2827; baseline -0.004 -1"><span class='ocrx_word' id='word_1_261' title='bbox 262 2796 392 2826; x_wconf 89' lang='lat' dir='ltr'>stituti:</span> <span class='ocrx_word' id='word_1_262' title='bbox 431 2801 523 2827; x_wconf 85' lang='lat' dir='ltr'>terra</span> <span class='ocrx_word' id='word_1_263' title='bbox 564 2795 802 2827; x_wconf 85' lang='lat' dir='ltr'>condebantur</span> <span class='ocrx_word' id='word_1_264' title='bbox 814 2794 833 2826; x_wconf 88' lang='lat'>:&#39;</span> <span class='ocrx_word' id='word_1_265' title='bbox 870 2793 959 2824; x_wconf 90' lang='lat' dir='ltr'>Pliu.</span> 
     </span>
     <span class='ocr_line' id='line_1_53' title="bbox 266 2845 960 2877; baseline -0.003 -2"><span class='ocrx_word' id='word_1_266' title='bbox 266 2854 333 2875; x_wconf 78' lang='lat' dir='ltr'>vu.</span> <span class='ocrx_word' id='word_1_267' title='bbox 349 2847 401 2876; x_wconf 83' lang='grc'><strong>54.</strong></span> <span class='ocrx_word' id='word_1_268' title='bbox 433 2849 469 2876; x_wconf 85' lang='lat' dir='ltr'>et</span> <span class='ocrx_word' id='word_1_269' title='bbox 490 2845 687 2877; x_wconf 85' lang='lat' dir='ltr'>Judaeorum</span> <span class='ocrx_word' id='word_1_270' title='bbox 712 2853 838 2875; x_wconf 87' lang='lat' dir='ltr'>morem</span> <span class='ocrx_word' id='word_1_271' title='bbox 863 2846 960 2874; x_wconf 88' lang='lat' dir='ltr'>notat</span> 
     </span>
     <span class='ocr_line' id='line_1_54' title="bbox 263 2893 961 2933; baseline -0.003 -8"><span class='ocrx_word' id='word_1_272' title='bbox 263 2896 341 2926; x_wconf 85' lang='lat' dir='ltr'>Tac.</span> <span class='ocrx_word' id='word_1_273' title='bbox 361 2895 407 2926; x_wconf 90' lang='grc' dir='ltr'>Η.</span> <span class='ocrx_word' id='word_1_274' title='bbox 430 2904 463 2926; x_wconf 83' lang='lat' dir='ltr'>v.</span> <span class='ocrx_word' id='word_1_275' title='bbox 477 2899 510 2927; x_wconf 84' lang='lat'>5.</span> <span class='ocrx_word' id='word_1_276' title='bbox 545 2896 700 2933; x_wconf 81' lang='lat' dir='ltr'>Bongars.</span> <span class='ocrx_word' id='word_1_277' title='bbox 747 2894 787 2925; x_wconf 84' lang='lat' dir='ltr'>Id</span> <span class='ocrx_word' id='word_1_278' title='bbox 807 2902 886 2925; x_wconf 89' lang='lat' dir='ltr'>vero</span> <span class='ocrx_word' id='word_1_279' title='bbox 902 2893 961 2923; x_wconf 89' lang='lat' dir='ltr'>mi·</span> 
     </span>
    </p>
   </div>
   <div class='ocr_carea' id='block_1_6' title="bbox 978 450 1705 2930">
    <p class='ocr_par' dir='ltr' id='par_1_9' title="bbox 978 450 1705 2930">
     <span class='ocr_line' id='line_1_55' title="bbox 978 450 1670 492; baseline 0.004 -13"><span class='ocrx_word' id='word_1_280' title='bbox 978 458 1048 479; x_wconf 85' lang='lat' dir='ltr'>rum</span> <span class='ocrx_word' id='word_1_281' title='bbox 1072 450 1173 481; x_wconf 75' lang='lat' dir='ltr'>alicui</span> <span class='ocrx_word' id='word_1_282' title='bbox 1197 451 1350 482; x_wconf 82' lang='lat' dir='ltr'>videatur</span> <span class='ocrx_word' id='word_1_283' title='bbox 1376 451 1480 492; x_wconf 80' lang='lat' dir='ltr'>(quod</span> <span class='ocrx_word' id='word_1_284' title='bbox 1509 457 1542 482; x_wconf 84' lang='lat' dir='ltr'>et</span> <span class='ocrx_word' id='word_1_285' title='bbox 1567 453 1670 483; x_wconf 83' lang='lat' dir='ltr'>Barn.</span> 
     </span>
     <span class='ocr_line' id='line_1_56' title="bbox 979 500 1674 542; baseline 0.004 -13"><span class='ocrx_word' id='word_1_286' title='bbox 979 500 1085 531; x_wconf 83' lang='lat' dir='ltr'>Briss.</span> <span class='ocrx_word' id='word_1_287' title='bbox 1101 509 1141 530; x_wconf 79' lang='grc' dir='ltr'><strong>Π.</strong></span> <span class='ocrx_word' id='word_1_288' title='bbox 1170 501 1212 531; x_wconf 82' lang='lat' dir='ltr'>(le</span> <span class='ocrx_word' id='word_1_289' title='bbox 1235 502 1354 541; x_wconf 78' lang='lat' dir='ltr'>Regno</span> <span class='ocrx_word' id='word_1_290' title='bbox 1379 502 1475 532; x_wconf 85' lang='lat' dir='ltr'>Pers.</span> <span class='ocrx_word' id='word_1_291' title='bbox 1499 502 1674 542; x_wconf 82' lang='lat' dir='ltr'>observat)</span> 
     </span>
     <span class='ocr_line' id='line_1_57' title="bbox 980 550 1674 592; baseline 0.006 -13"><span class='ocrx_word' id='word_1_292' title='bbox 980 550 1161 581; x_wconf 83' lang='lat' dir='ltr'>Persarum</span> <span class='ocrx_word' id='word_1_293' title='bbox 1192 552 1317 590; x_wconf 75' lang='lat' dir='ltr'>Regem</span> <span class='ocrx_word' id='word_1_294' title='bbox 1341 553 1674 592; x_wconf 73' lang='lat' dir='ltr'>Carthaginiensibus</span> 
     </span>
     <span class='ocr_line' id='line_1_58' title="bbox 979 598 1676 633; baseline 0.006 -4"><span class='ocrx_word' id='word_1_295' title='bbox 979 598 1135 630; x_wconf 88' lang='lat' dir='ltr'>humandi</span> <span class='ocrx_word' id='word_1_296' title='bbox 1159 601 1434 632; x_wconf 82' lang='lat' dir='ltr'>consuetudinem</span> <span class='ocrx_word' id='word_1_297' title='bbox 1452 607 1489 633; x_wconf 90' lang='lat' dir='ltr'>ut</span> <span class='ocrx_word' id='word_1_298' title='bbox 1505 603 1676 633; x_wconf 84' lang='lat' dir='ltr'>abomina-</span> 
     </span>
     <span class='ocr_line' id='line_1_59' title="bbox 980 648 1676 691; baseline 0.006 -13"><span class='ocrx_word' id='word_1_299' title='bbox 980 648 1081 679; x_wconf 81' lang='lat' dir='ltr'>bilem</span> <span class='ocrx_word' id='word_1_300' title='bbox 1096 650 1326 689; x_wconf 79' lang='lat' dir='ltr'>interdixisse,</span> <span class='ocrx_word' id='word_1_301' title='bbox 1341 661 1415 691; x_wconf 86' lang='lat' dir='ltr'>quae</span> <span class='ocrx_word' id='word_1_302' title='bbox 1434 652 1547 682; x_wconf 86' lang='lat' dir='ltr'>Persis</span> <span class='ocrx_word' id='word_1_303' title='bbox 1565 658 1676 683; x_wconf 87' lang='lat' dir='ltr'>tamen</span> 
     </span>
     <span class='ocr_line' id='line_1_60' title="bbox 982 698 1677 741; baseline 0.006 -13"><span class='ocrx_word' id='word_1_304' title='bbox 982 698 1064 738; x_wconf 87' lang='lat' dir='ltr'>ipsis</span> <span class='ocrx_word' id='word_1_305' title='bbox 1095 699 1128 728; x_wconf 91' lang='lat' dir='ltr'>in</span> <span class='ocrx_word' id='word_1_306' title='bbox 1160 709 1222 729; x_wconf 93' lang='lat' dir='ltr'>usu</span> <span class='ocrx_word' id='word_1_307' title='bbox 1249 698 1366 737; x_wconf 87' lang='lat' dir='ltr'>fuerit,</span> <span class='ocrx_word' id='word_1_308' title='bbox 1397 705 1433 731; x_wconf 91' lang='lat' dir='ltr'>ut</span> <span class='ocrx_word' id='word_1_309' title='bbox 1463 706 1608 741; x_wconf 88' lang='lat' dir='ltr'>apparet</span> <span class='ocrx_word' id='word_1_310' title='bbox 1635 712 1677 732; x_wconf 80' lang='lat' dir='ltr'>ex</span> 
     </span>
     <span class='ocr_line' id='line_1_61' title="bbox 985 748 1678 791; baseline 0.007 -14"><span class='ocrx_word' id='word_1_311' title='bbox 985 748 1112 779; x_wconf 78' lang='lat' dir='ltr'>Herod.</span> <span class='ocrx_word' id='word_1_312' title='bbox 1128 756 1183 780; x_wconf 85' lang='lat'>111.</span> <span class='ocrx_word' id='word_1_313' title='bbox 1208 751 1259 780; x_wconf 87' lang='grc'>16.</span> <span class='ocrx_word' id='word_1_314' title='bbox 1283 754 1318 780; x_wconf 88' lang='lat' dir='ltr'>et</span> <span class='ocrx_word' id='word_1_315' title='bbox 1340 750 1516 781; x_wconf 57' lang='lat' dir='ltr'>Xenwm.</span> <span class='ocrx_word' id='word_1_316' title='bbox 1561 751 1678 791; x_wconf 86' lang='lat' dir='ltr'>Cyrip.</span> 
     </span>
     <span class='ocr_line' id='line_1_62' title="bbox 984 798 1678 839; baseline 0.003 -10"><span class='ocrx_word' id='word_1_317' title='bbox 984 799 1045 830; x_wconf 84' lang='lat' dir='ltr'>sub</span> <span class='ocrx_word' id='word_1_318' title='bbox 1072 798 1184 830; x_wconf 85' lang='lat' dir='ltr'>finem.</span> <span class='ocrx_word' id='word_1_319' title='bbox 1240 800 1289 830; x_wconf 89' lang='lat' dir='ltr'>Ut</span> <span class='ocrx_word' id='word_1_320' title='bbox 1315 799 1457 839; x_wconf 84' lang='lat' dir='ltr'>proinde</span> <span class='ocrx_word' id='word_1_321' title='bbox 1484 809 1548 830; x_wconf 91' lang='lat' dir='ltr'>nou</span> <span class='ocrx_word' id='word_1_322' title='bbox 1576 800 1617 830; x_wconf 89' lang='lat' dir='ltr'>ab</span> <span class='ocrx_word' id='word_1_323' title='bbox 1642 811 1678 831; x_wconf 89' lang='lat' dir='ltr'>re</span> 
     </span>
     <span class='ocr_line' id='line_1_63' title="bbox 982 850 1678 883; baseline 0.001 -1"><span class='ocrx_word' id='word_1_324' title='bbox 982 850 1082 882; x_wconf 85' lang='lat' dir='ltr'>Joan.</span> <span class='ocrx_word' id='word_1_325' title='bbox 1100 850 1318 881; x_wconf 89' lang='lat' dir='ltr'>Kirchmann.</span> <span class='ocrx_word' id='word_1_326' title='bbox 1335 860 1361 882; x_wconf 84' lang='lat'>1.</span> <span class='ocrx_word' id='word_1_327' title='bbox 1378 851 1420 882; x_wconf 86' lang='lat' dir='ltr'>de</span> <span class='ocrx_word' id='word_1_328' title='bbox 1433 852 1517 882; x_wconf 88' lang='lat' dir='ltr'>Fun.</span> <span class='ocrx_word' id='word_1_329' title='bbox 1536 851 1633 882; x_wconf 87' lang='lat' dir='ltr'>Rom.</span> <span class='ocrx_word' id='word_1_330' title='bbox 1647 855 1678 883; x_wconf 81' lang='lat'>2.</span> 
     </span>
     <span class='ocr_line' id='line_1_64' title="bbox 985 900 1680 940; baseline 0.001 -10"><span class='ocrx_word' id='word_1_331' title='bbox 985 900 1178 940; x_wconf 83' lang='lat' dir='ltr'>suspicetur</span> <span class='ocrx_word' id='word_1_332' title='bbox 1199 900 1425 932; x_wconf 87' lang='lat' dir='ltr'>huncJustini</span> <span class='ocrx_word' id='word_1_333' title='bbox 1441 901 1462 931; x_wconf 92' lang='grc'>1.</span> <span class='ocrx_word' id='word_1_334' title='bbox 1480 901 1680 940; x_wconf 86' lang='lat' dir='ltr'>trajectione</span> 
     </span>
     <span class='ocr_line' id='line_1_65' title="bbox 985 950 1680 990; baseline 0.003 -10"><span class='ocrx_word' id='word_1_335' title='bbox 985 955 1194 990; x_wconf 87' lang='lat' dir='ltr'>corruptum,</span> <span class='ocrx_word' id='word_1_336' title='bbox 1223 954 1259 981; x_wconf 83' lang='lat' dir='ltr'>et</span> <span class='ocrx_word' id='word_1_337' title='bbox 1282 950 1330 981; x_wconf 90' lang='lat' dir='ltr'>ita</span> <span class='ocrx_word' id='word_1_338' title='bbox 1354 950 1564 981; x_wconf 86' lang='lat' dir='ltr'>rescribend.</span> <span class='ocrx_word' id='word_1_339' title='bbox 1587 959 1680 983; x_wconf 83' lang='lat' dir='ltr'>esse:</span> 
     </span>
     <span class='ocr_line' id='line_1_66' title="bbox 986 1001 1682 1040; baseline 0 -9"><span class='ocrx_word' id='word_1_340' title='bbox 986 1004 1174 1031; x_wconf 81' lang='lat' dir='ltr'>mortuorum</span> <span class='ocrx_word' id='word_1_341' title='bbox 1196 1010 1279 1040; x_wconf 79' lang='lat' dir='ltr'>corp.</span> <span class='ocrx_word' id='word_1_342' title='bbox 1306 1003 1391 1031; x_wconf 84' lang='lat' dir='ltr'>terra</span> <span class='ocrx_word' id='word_1_343' title='bbox 1417 1001 1521 1040; x_wconf 75' lang='lat' dir='ltr'>potius</span> <span class='ocrx_word' id='word_1_344' title='bbox 1546 1001 1682 1040; x_wconf 80' lang='lat' dir='ltr'>obruere,</span> 
     </span>
     <span class='ocr_line' id='line_1_67' title="bbox 987 1051 1683 1091; baseline 0.001 -11"><span class='ocrx_word' id='word_1_345' title='bbox 987 1060 1076 1090; x_wconf 81' lang='lat' dir='ltr'>quam</span> <span class='ocrx_word' id='word_1_346' title='bbox 1091 1060 1238 1089; x_wconf 83' lang='lat' dir='ltr'>cremare,</span> <span class='ocrx_word' id='word_1_347' title='bbox 1253 1060 1271 1080; x_wconf 86' lang='grc' dir='ltr'><em>α</em></span> <span class='ocrx_word' id='word_1_348' title='bbox 1287 1051 1351 1089; x_wconf 79' lang='lat' dir='ltr'>r.j.</span> <span class='ocrx_word' id='word_1_349' title='bbox 1396 1051 1479 1083; x_wconf 82' lang='lat' dir='ltr'>Quae</span> <span class='ocrx_word' id='word_1_350' title='bbox 1495 1051 1683 1091; x_wconf 80' lang='lat' dir='ltr'>transposi-</span> 
     </span>
     <span class='ocr_line' id='line_1_68' title="bbox 987 1100 1684 1132; baseline 0.003 -2"><span class='ocrx_word' id='word_1_351' title='bbox 987 1100 1035 1131; x_wconf 83' lang='lat' dir='ltr'>tio</span> <span class='ocrx_word' id='word_1_352' title='bbox 1046 1110 1118 1131; x_wconf 88' lang='lat' dir='ltr'>cum</span> <span class='ocrx_word' id='word_1_353' title='bbox 1131 1100 1239 1131; x_wconf 91' lang='lat' dir='ltr'>veteri</span> <span class='ocrx_word' id='word_1_354' title='bbox 1248 1101 1427 1131; x_wconf 86' lang='lat' dir='ltr'>Persarum</span> <span class='ocrx_word' id='word_1_355' title='bbox 1437 1101 1684 1132; x_wconf 88' lang='lat' dir='ltr'>consuetudine</span> 
     </span>
     <span class='ocr_line' id='line_1_69' title="bbox 988 1149 1685 1182; baseline 0.001 -1"><span class='ocrx_word' id='word_1_356' title='bbox 988 1149 1031 1180; x_wconf 89' lang='lat' dir='ltr'>ad</span> <span class='ocrx_word' id='word_1_357' title='bbox 1047 1151 1203 1181; x_wconf 86' lang='lat' dir='ltr'>amussim</span> <span class='ocrx_word' id='word_1_358' title='bbox 1220 1151 1400 1181; x_wconf 88' lang='lat' dir='ltr'>convenit:</span> <span class='ocrx_word' id='word_1_359' title='bbox 1424 1160 1485 1181; x_wconf 85' lang='lat' dir='ltr'>uec</span> <span class='ocrx_word' id='word_1_360' title='bbox 1503 1151 1612 1181; x_wconf 87' lang='lat' dir='ltr'>aliena</span> <span class='ocrx_word' id='word_1_361' title='bbox 1632 1156 1685 1182; x_wconf 89' lang='lat' dir='ltr'>est</span> 
     </span>
     <span class='ocr_line' id='line_1_70' title="bbox 989 1201 1688 1242; baseline 0.003 -12"><span class='ocrx_word' id='word_1_362' title='bbox 989 1210 1008 1230; x_wconf 91' lang='lat' dir='ltr'>a</span> <span class='ocrx_word' id='word_1_363' title='bbox 1021 1201 1085 1231; x_wconf 90' lang='lat' dir='ltr'>ritu</span> <span class='ocrx_word' id='word_1_364' title='bbox 1100 1201 1249 1241; x_wconf 86' lang='lat' dir='ltr'>ipsorum</span> <span class='ocrx_word' id='word_1_365' title='bbox 1264 1201 1607 1241; x_wconf 85' lang='lat' dir='ltr'>Carthaginiensium,</span> <span class='ocrx_word' id='word_1_366' title='bbox 1618 1201 1688 1242; x_wconf 86' lang='lat' dir='ltr'>qui-</span> 
     </span>
     <span class='ocr_line' id='line_1_71' title="bbox 989 1250 1686 1292; baseline 0.001 -12"><span class='ocrx_word' id='word_1_367' title='bbox 989 1250 1051 1281; x_wconf 91' lang='lat' dir='ltr'>bus</span> <span class='ocrx_word' id='word_1_368' title='bbox 1066 1250 1125 1287; x_wconf 84' lang='grc' dir='ltr'>τὴν</span> <span class='ocrx_word' id='word_1_369' title='bbox 1139 1250 1385 1292; x_wconf 79' lang='grc' dir='ltr'>νεκροκαυστίαν,</span> <span class='ocrx_word' id='word_1_370' title='bbox 1400 1261 1424 1282; x_wconf 91' lang='lat' dir='ltr'>s.</span> <span class='ocrx_word' id='word_1_371' title='bbox 1444 1251 1686 1282; x_wconf 82' lang='lat' dir='ltr'>cremationem</span> 
     </span>
     <span class='ocr_line' id='line_1_72' title="bbox 990 1300 1687 1341; baseline 0 -11"><span class='ocrx_word' id='word_1_372' title='bbox 990 1300 1203 1341; x_wconf 88' lang='lat' dir='ltr'>cadaverum,</span> <span class='ocrx_word' id='word_1_373' title='bbox 1226 1302 1328 1332; x_wconf 86' lang='lat' dir='ltr'>etiam</span> <span class='ocrx_word' id='word_1_374' title='bbox 1360 1306 1437 1332; x_wconf 91' lang='lat' dir='ltr'>ante</span> <span class='ocrx_word' id='word_1_375' title='bbox 1463 1301 1563 1332; x_wconf 92' lang='lat' dir='ltr'>Darii</span> <span class='ocrx_word' id='word_1_376' title='bbox 1590 1300 1687 1332; x_wconf 82' lang='lat' dir='ltr'>istius</span> 
     </span>
     <span class='ocr_line' id='line_1_73' title="bbox 991 1350 1690 1390; baseline 0 -10"><span class='ocrx_word' id='word_1_377' title='bbox 991 1354 1127 1381; x_wconf 66' lang='lat' dir='ltr'>ertatem</span> <span class='ocrx_word' id='word_1_378' title='bbox 1154 1351 1188 1381; x_wconf 92' lang='lat' dir='ltr'>in</span> <span class='ocrx_word' id='word_1_379' title='bbox 1219 1360 1281 1380; x_wconf 90' lang='lat' dir='ltr'>usu</span> <span class='ocrx_word' id='word_1_380' title='bbox 1311 1350 1416 1381; x_wconf 85' lang='lat' dir='ltr'>fuisse</span> <span class='ocrx_word' id='word_1_381' title='bbox 1446 1350 1598 1390; x_wconf 84' lang='lat' dir='ltr'>legimus.</span> <span class='ocrx_word' id='word_1_382' title='bbox 1644 1350 1690 1380; x_wconf 83' lang='lat' dir='ltr'>Et</span> 
     </span>
     <span class='ocr_line' id='line_1_74' title="bbox 991 1399 1689 1440; baseline -0.003 -10"><span class='ocrx_word' id='word_1_383' title='bbox 991 1404 1175 1440; x_wconf 86' lang='lat' dir='ltr'>potuerunt</span> <span class='ocrx_word' id='word_1_384' title='bbox 1191 1399 1346 1439; x_wconf 86' lang='lat' dir='ltr'>illijussu</span> <span class='ocrx_word' id='word_1_385' title='bbox 1363 1400 1478 1430; x_wconf 82' lang='lat' dir='ltr'>Persae</span> <span class='ocrx_word' id='word_1_386' title='bbox 1493 1399 1689 1439; x_wconf 87' lang='lat' dir='ltr'>aliquantis-</span> 
     </span>
     <span class='ocr_line' id='line_1_75' title="bbox 993 1449 1688 1490; baseline -0.001 -10"><span class='ocrx_word' id='word_1_387' title='bbox 993 1459 1054 1490; x_wconf 89' lang='lat' dir='ltr'>per</span> <span class='ocrx_word' id='word_1_388' title='bbox 1092 1459 1110 1480; x_wconf 88' lang='lat' dir='ltr'>a</span> <span class='ocrx_word' id='word_1_389' title='bbox 1139 1450 1347 1480; x_wconf 83' lang='lat' dir='ltr'>crematione</span> <span class='ocrx_word' id='word_1_390' title='bbox 1378 1450 1606 1480; x_wconf 78' lang='lat' dir='ltr'>abstinuisse:</span> <span class='ocrx_word' id='word_1_391' title='bbox 1645 1449 1688 1479; x_wconf 86' lang='lat' dir='ltr'>ad</span> 
     </span>
     <span class='ocr_line' id='line_1_76' title="bbox 993 1499 1690 1541; baseline -0.001 -11"><span class='ocrx_word' id='word_1_392' title='bbox 993 1510 1092 1541; x_wconf 86' lang='lat' dir='ltr'>quam</span> <span class='ocrx_word' id='word_1_393' title='bbox 1117 1504 1243 1536; x_wconf 89' lang='lat' dir='ltr'>tamen,</span> <span class='ocrx_word' id='word_1_394' title='bbox 1265 1504 1302 1530; x_wconf 91' lang='lat' dir='ltr'>ut</span> <span class='ocrx_word' id='word_1_395' title='bbox 1324 1499 1388 1530; x_wconf 91' lang='lat' dir='ltr'>fuit</span> <span class='ocrx_word' id='word_1_396' title='bbox 1412 1500 1543 1530; x_wconf 92' lang='lat' dir='ltr'>illorum</span> <span class='ocrx_word' id='word_1_397' title='bbox 1560 1499 1690 1539; x_wconf 87' lang='lat' dir='ltr'>ingeni-</span> 
     </span>
     <span class='ocr_line' id='line_1_77' title="bbox 995 1549 1691 1589; baseline -0.001 -9"><span class='ocrx_word' id='word_1_398' title='bbox 995 1559 1062 1589; x_wconf 91' lang='lat' dir='ltr'>um,</span> <span class='ocrx_word' id='word_1_399' title='bbox 1093 1549 1192 1589; x_wconf 91' lang='lat' dir='ltr'>paulo</span> <span class='ocrx_word' id='word_1_400' title='bbox 1221 1554 1298 1589; x_wconf 90' lang='lat' dir='ltr'>post</span> <span class='ocrx_word' id='word_1_401' title='bbox 1323 1549 1511 1580; x_wconf 84' lang='lat' dir='ltr'>redierunt.</span> <span class='ocrx_word' id='word_1_402' title='bbox 1564 1550 1691 1581; x_wconf 84' lang='lat' dir='ltr'>Quam-</span> 
     </span>
     <span class='ocr_line' id='line_1_78' title="bbox 995 1598 1692 1639; baseline 0 -11"><span class='ocrx_word' id='word_1_403' title='bbox 995 1609 1093 1639; x_wconf 88' lang='lat' dir='ltr'>quam</span> <span class='ocrx_word' id='word_1_404' title='bbox 1119 1598 1152 1628; x_wconf 88' lang='lat' dir='ltr'>id</span> <span class='ocrx_word' id='word_1_405' title='bbox 1169 1598 1303 1638; x_wconf 85' lang='lat' dir='ltr'>quidem</span> <span class='ocrx_word' id='word_1_406' title='bbox 1328 1606 1458 1628; x_wconf 84' lang='lat' dir='ltr'>certum</span> <span class='ocrx_word' id='word_1_407' title='bbox 1481 1602 1546 1638; x_wconf 86' lang='lat' dir='ltr'>est,</span> <span class='ocrx_word' id='word_1_408' title='bbox 1571 1599 1692 1629; x_wconf 85' lang='lat' dir='ltr'>seculis</span> 
     </span>
     <span class='ocr_line' id='line_1_79' title="bbox 995 1647 1693 1687; baseline 0 -10"><span class='ocrx_word' id='word_1_409' title='bbox 995 1647 1242 1687; x_wconf 83' lang='lat' dir='ltr'>posterioribus</span> <span class='ocrx_word' id='word_1_410' title='bbox 1290 1648 1532 1678; x_wconf 87' lang='lat' dir='ltr'>cremationem</span> <span class='ocrx_word' id='word_1_411' title='bbox 1577 1648 1693 1678; x_wconf 83' lang='lat' dir='ltr'>Persis</span> 
     </span>
     <span class='ocr_line' id='line_1_80' title="bbox 997 1696 1692 1738; baseline 0 -11"><span class='ocrx_word' id='word_1_412' title='bbox 997 1698 1099 1728; x_wconf 88' lang='lat' dir='ltr'>etiam</span> <span class='ocrx_word' id='word_1_413' title='bbox 1117 1697 1274 1728; x_wconf 86' lang='lat' dir='ltr'>usitatam</span> <span class='ocrx_word' id='word_1_414' title='bbox 1298 1696 1422 1729; x_wconf 81' lang='lat' dir='ltr'>fuisse:</span> <span class='ocrx_word' id='word_1_415' title='bbox 1446 1697 1534 1738; x_wconf 85' lang='lat' dir='ltr'>quod</span> <span class='ocrx_word' id='word_1_416' title='bbox 1551 1707 1626 1728; x_wconf 87' lang='lat' dir='ltr'>cum</span> <span class='ocrx_word' id='word_1_417' title='bbox 1649 1707 1692 1728; x_wconf 86' lang='lat' dir='ltr'>ex</span> 
     </span>
     <span class='ocr_line' id='line_1_81' title="bbox 997 1747 1693 1787; baseline -0.001 -9"><span class='ocrx_word' id='word_1_418' title='bbox 997 1748 1189 1778; x_wconf 84' lang='lat' dir='ltr'>Marcellin.</span> <span class='ocrx_word' id='word_1_419' title='bbox 1209 1757 1288 1778; x_wconf 72' lang='lat' dir='ltr'>xxx.</span> <span class='ocrx_word' id='word_1_420' title='bbox 1306 1750 1336 1778; x_wconf 81' lang='lat'>3.</span> <span class='ocrx_word' id='word_1_421' title='bbox 1365 1757 1416 1787; x_wconf 91' lang='lat' dir='ltr'>pr.</span> <span class='ocrx_word' id='word_1_422' title='bbox 1436 1752 1504 1778; x_wconf 85' lang='lat' dir='ltr'>tum</span> <span class='ocrx_word' id='word_1_423' title='bbox 1522 1747 1693 1787; x_wconf 85' lang='lat' dir='ltr'>Procopio</span> 
     </span>
     <span class='ocr_line' id='line_1_82' title="bbox 998 1796 1695 1837; baseline -0.001 -10"><span class='ocrx_word' id='word_1_424' title='bbox 998 1807 1023 1828; x_wconf 93' lang='lat'>1.</span> <span class='ocrx_word' id='word_1_425' title='bbox 1045 1797 1087 1827; x_wconf 88' lang='lat' dir='ltr'>de</span> <span class='ocrx_word' id='word_1_426' title='bbox 1102 1797 1143 1828; x_wconf 84' lang='lat' dir='ltr'>B.</span> <span class='ocrx_word' id='word_1_427' title='bbox 1166 1797 1306 1827; x_wconf 89' lang='lat' dir='ltr'>Persico</span> <span class='ocrx_word' id='word_1_428' title='bbox 1324 1807 1358 1837; x_wconf 91' lang='lat' dir='ltr'>p.</span> <span class='ocrx_word' id='word_1_429' title='bbox 1376 1800 1427 1828; x_wconf 85' lang='grc'>17.</span> <span class='ocrx_word' id='word_1_430' title='bbox 1445 1799 1497 1828; x_wconf 82' lang='grc'>12.</span> <span class='ocrx_word' id='word_1_431' title='bbox 1520 1801 1572 1827; x_wconf 90' lang='lat' dir='ltr'>est</span> <span class='ocrx_word' id='word_1_432' title='bbox 1591 1796 1695 1826; x_wconf 86' lang='lat' dir='ltr'>mani-</span> 
     </span>
     <span class='ocr_line' id='line_1_83' title="bbox 999 1845 1696 1885; baseline -0.001 -9"><span class='ocrx_word' id='word_1_433' title='bbox 999 1845 1134 1885; x_wconf 82' lang='lat' dir='ltr'>festum,</span> <span class='ocrx_word' id='word_1_434' title='bbox 1150 1846 1207 1876; x_wconf 90' lang='lat' dir='ltr'>ubi</span> <span class='ocrx_word' id='word_1_435' title='bbox 1224 1847 1335 1876; x_wconf 87' lang='lat' dir='ltr'>Sesosi</span> <span class='ocrx_word' id='word_1_436' title='bbox 1358 1849 1480 1885; x_wconf 78' lang='lat' dir='ltr'>praeter</span> <span class='ocrx_word' id='word_1_437' title='bbox 1500 1850 1617 1876; x_wconf 85' lang='lat' dir='ltr'>cetera</span> <span class='ocrx_word' id='word_1_438' title='bbox 1632 1846 1696 1876; x_wconf 86' lang='lat' dir='ltr'>cri-</span> 
     </span>
     <span class='ocr_line' id='line_1_84' title="bbox 999 1895 1696 1937; baseline 0 -11"><span class='ocrx_word' id='word_1_439' title='bbox 999 1896 1078 1926; x_wconf 89' lang='lat' dir='ltr'>mini</span> <span class='ocrx_word' id='word_1_440' title='bbox 1096 1896 1209 1935; x_wconf 89' lang='lat' dir='ltr'>datur,</span> <span class='ocrx_word' id='word_1_441' title='bbox 1228 1895 1318 1937; x_wconf 93' lang='lat' dir='ltr'>quod</span> <span class='ocrx_word' id='word_1_442' title='bbox 1342 1905 1482 1926; x_wconf 87' lang='lat' dir='ltr'>uxorem</span> <span class='ocrx_word' id='word_1_443' title='bbox 1504 1900 1624 1926; x_wconf 87' lang='lat' dir='ltr'>contra</span> <span class='ocrx_word' id='word_1_444' title='bbox 1647 1895 1696 1926; x_wconf 87' lang='lat' dir='ltr'>fas</span> 
     </span>
     <span class='ocr_line' id='line_1_85' title="bbox 999 1944 1697 1986; baseline 0 -11"><span class='ocrx_word' id='word_1_445' title='bbox 999 1945 1159 1986; x_wconf 84' lang='lat' dir='ltr'>legesque</span> <span class='ocrx_word' id='word_1_446' title='bbox 1177 1946 1354 1975; x_wconf 84' lang='lat' dir='ltr'>Persarum</span> <span class='ocrx_word' id='word_1_447' title='bbox 1368 1944 1556 1975; x_wconf 87' lang='lat' dir='ltr'>humaverit</span> <span class='ocrx_word' id='word_1_448' title='bbox 1570 1945 1697 1984; x_wconf 86' lang='lat' dir='ltr'>potius,</span> 
     </span>
     <span class='ocr_line' id='line_1_86' title="bbox 1000 1994 1698 2035; baseline 0 -11"><span class='ocrx_word' id='word_1_449' title='bbox 1000 2004 1099 2035; x_wconf 89' lang='lat' dir='ltr'>quam</span> <span class='ocrx_word' id='word_1_450' title='bbox 1137 1995 1349 2025; x_wconf 82' lang='lat' dir='ltr'>cremaverit.</span> <span class='ocrx_word' id='word_1_451' title='bbox 1393 1994 1520 2025; x_wconf 88' lang='lat' dir='ltr'>Contra</span> <span class='ocrx_word' id='word_1_452' title='bbox 1554 1995 1698 2033; x_wconf 84' lang='lat' dir='ltr'>Ctesias,</span> 
     </span>
     <span class='ocr_line' id='line_1_87' title="bbox 999 2045 1698 2084; baseline 0.001 -10"><span class='ocrx_word' id='word_1_453' title='bbox 999 2047 1052 2075; x_wconf 82' lang='lat'>56.</span> <span class='ocrx_word' id='word_1_454' title='bbox 1097 2045 1281 2075; x_wconf 79' lang='lat' dir='ltr'>Berneccer.</span> <span class='ocrx_word' id='word_1_455' title='bbox 1338 2045 1420 2084; x_wconf 81' lang='lat' dir='ltr'>Leg.</span> <span class='ocrx_word' id='word_1_456' title='bbox 1452 2047 1698 2084; x_wconf 82' lang='lat' dir='ltr'>mortuorumque</span> 
     </span>
     <span class='ocr_line' id='line_1_88' title="bbox 1001 2093 1700 2135; baseline 0 -11"><span class='ocrx_word' id='word_1_457' title='bbox 1001 2103 1126 2134; x_wconf 81' lang='lat' dir='ltr'>corpora</span> <span class='ocrx_word' id='word_1_458' title='bbox 1140 2104 1274 2125; x_wconf 78' lang='lat' dir='ltr'>cremare</span> <span class='ocrx_word' id='word_1_459' title='bbox 1288 2093 1700 2135; x_wconf 81' lang='lat' dir='ltr'>(subintellige,prohibe-</span> 
     </span>
     <span class='ocr_line' id='line_1_89' title="bbox 1001 2143 1698 2184; baseline 0.001 -11"><span class='ocrx_word' id='word_1_460' title='bbox 1001 2143 1137 2181; x_wconf 88' lang='lat' dir='ltr'>bantur,</span> <span class='ocrx_word' id='word_1_461' title='bbox 1153 2143 1240 2183; x_wconf 92' lang='lat' dir='ltr'>quod</span> <span class='ocrx_word' id='word_1_462' title='bbox 1259 2143 1411 2183; x_wconf 89' lang='lat' dir='ltr'>proxime</span> <span class='ocrx_word' id='word_1_463' title='bbox 1436 2143 1616 2184; x_wconf 63' lang='lat' dir='ltr'>praecedit)</span> <span class='ocrx_word' id='word_1_464' title='bbox 1631 2154 1698 2183; x_wconf 76' lang='lat' dir='ltr'>quae</span> 
     </span>
     <span class='ocr_line' id='line_1_90' title="bbox 998 2193 1699 2234; baseline 0 -10"><span class='ocrx_word' id='word_1_465' title='bbox 998 2194 1103 2234; x_wconf 79' lang='lat' dir='ltr'>potius</span> <span class='ocrx_word' id='word_1_466' title='bbox 1125 2197 1211 2224; x_wconf 80' lang='lat' dir='ltr'>terra</span> <span class='ocrx_word' id='word_1_467' title='bbox 1227 2193 1352 2224; x_wconf 83' lang='lat' dir='ltr'>obruere</span> <span class='ocrx_word' id='word_1_468' title='bbox 1373 2203 1392 2223; x_wconf 77' lang='grc' dir='ltr'>ιι</span> <span class='ocrx_word' id='word_1_469' title='bbox 1415 2203 1486 2233; x_wconf 84' lang='lat' dir='ltr'>rege</span> <span class='ocrx_word' id='word_1_470' title='bbox 1499 2193 1699 2231; x_wconf 75' lang='lat' dir='ltr'>jnbebantur.</span> 
     </span>
     <span class='ocr_line' id='line_1_91' title="bbox 1002 2243 1699 2275; baseline -0.004 0"><span class='ocrx_word' id='word_1_471' title='bbox 1002 2244 1048 2274; x_wconf 91' lang='lat' dir='ltr'>Et</span> <span class='ocrx_word' id='word_1_472' title='bbox 1062 2244 1110 2275; x_wconf 90' lang='lat' dir='ltr'>sic</span> <span class='ocrx_word' id='word_1_473' title='bbox 1126 2243 1316 2275; x_wconf 87' lang='lat' dir='ltr'>contrarius</span> <span class='ocrx_word' id='word_1_474' title='bbox 1332 2243 1448 2273; x_wconf 82' lang='lat' dir='ltr'>existit</span> <span class='ocrx_word' id='word_1_475' title='bbox 1460 2252 1587 2274; x_wconf 84' lang='lat' dir='ltr'>sensus.</span> <span class='ocrx_word' id='word_1_476' title='bbox 1615 2243 1699 2273; x_wconf 85' lang='lat' dir='ltr'>Per-</span> 
     </span>
     <span class='ocr_line' id='line_1_92' title="bbox 1004 2292 1701 2323; baseline 0 -1"><span class='ocrx_word' id='word_1_477' title='bbox 1004 2302 1048 2322; x_wconf 86' lang='lat' dir='ltr'>sae</span> <span class='ocrx_word' id='word_1_478' title='bbox 1072 2293 1159 2323; x_wconf 90' lang='lat' dir='ltr'>enim</span> <span class='ocrx_word' id='word_1_479' title='bbox 1181 2302 1332 2323; x_wconf 83' lang='lat' dir='ltr'>cremare</span> <span class='ocrx_word' id='word_1_480' title='bbox 1353 2292 1519 2323; x_wconf 84' lang='lat' dir='ltr'>cadavera</span> <span class='ocrx_word' id='word_1_481' title='bbox 1536 2294 1701 2323; x_wconf 87' lang='lat' dir='ltr'>vetabant</span> 
     </span>
     <span class='ocr_line' id='line_1_93' title="bbox 1004 2342 1700 2384; baseline 0 -11"><span class='ocrx_word' id='word_1_482' title='bbox 1004 2343 1350 2382; x_wconf 78' lang='lat' dir='ltr'>Carthaginiensibus,</span> <span class='ocrx_word' id='word_1_483' title='bbox 1363 2342 1450 2383; x_wconf 88' lang='lat' dir='ltr'>quod</span> <span class='ocrx_word' id='word_1_484' title='bbox 1462 2343 1586 2383; x_wconf 74' lang='lat' dir='ltr'>ignem,</span> <span class='ocrx_word' id='word_1_485' title='bbox 1599 2353 1700 2384; x_wconf 85' lang='lat' dir='ltr'>quem</span> 
     </span>
     <span class='ocr_line' id='line_1_94' title="bbox 1004 2392 1700 2432; baseline 0 -10"><span class='ocrx_word' id='word_1_486' title='bbox 1004 2401 1066 2431; x_wconf 89' lang='lat' dir='ltr'>pro</span> <span class='ocrx_word' id='word_1_487' title='bbox 1082 2392 1155 2422; x_wconf 89' lang='lat' dir='ltr'>Deo</span> <span class='ocrx_word' id='word_1_488' title='bbox 1183 2392 1353 2430; x_wconf 82' lang='lat' dir='ltr'>colebant,</span> <span class='ocrx_word' id='word_1_489' title='bbox 1367 2392 1471 2432; x_wconf 88' lang='lat' dir='ltr'>pollui</span> <span class='ocrx_word' id='word_1_490' title='bbox 1490 2402 1700 2432; x_wconf 87' lang='lat' dir='ltr'>summopere</span> 
     </span>
     <span class='ocr_line' id='line_1_95' title="bbox 1004 2441 1703 2481; baseline 0 -9"><span class='ocrx_word' id='word_1_491' title='bbox 1004 2441 1224 2472; x_wconf 84' lang='lat' dir='ltr'>cadaveribus</span> <span class='ocrx_word' id='word_1_492' title='bbox 1247 2441 1500 2472; x_wconf 83' lang='lat' dir='ltr'>existimarent:</span> <span class='ocrx_word' id='word_1_493' title='bbox 1529 2442 1703 2481; x_wconf 85' lang='lat' dir='ltr'>pretiosis-</span> 
     </span>
     <span class='ocr_line' id='line_1_96' title="bbox 1003 2492 1703 2532; baseline 0.001 -11"><span class='ocrx_word' id='word_1_494' title='bbox 1003 2493 1086 2522; x_wconf 82' lang='lat' dir='ltr'>sima</span> <span class='ocrx_word' id='word_1_495' title='bbox 1103 2501 1181 2522; x_wconf 88' lang='lat' dir='ltr'>vero</span> <span class='ocrx_word' id='word_1_496' title='bbox 1199 2501 1341 2532; x_wconf 78' lang='lat' dir='ltr'>quaeque</span> <span class='ocrx_word' id='word_1_497' title='bbox 1357 2492 1390 2521; x_wconf 92' lang='lat' dir='ltr'>in</span> <span class='ocrx_word' id='word_1_498' title='bbox 1408 2492 1518 2531; x_wconf 85' lang='lat' dir='ltr'>ignem</span> <span class='ocrx_word' id='word_1_499' title='bbox 1543 2492 1703 2523; x_wconf 85' lang='lat' dir='ltr'>immitte-</span> 
     </span>
     <span class='ocr_line' id='line_1_97' title="bbox 1006 2541 1702 2580; baseline 0.003 -9"><span class='ocrx_word' id='word_1_500' title='bbox 1006 2550 1041 2571; x_wconf 88' lang='lat' dir='ltr'>re</span> <span class='ocrx_word' id='word_1_501' title='bbox 1051 2550 1118 2571; x_wconf 89' lang='lat' dir='ltr'>non</span> <span class='ocrx_word' id='word_1_502' title='bbox 1126 2541 1342 2580; x_wconf 80' lang='lat' dir='ltr'>verebantur,</span> <span class='ocrx_word' id='word_1_503' title='bbox 1352 2541 1474 2571; x_wconf 85' lang='lat' dir='ltr'>additis</span> <span class='ocrx_word' id='word_1_504' title='bbox 1486 2541 1577 2571; x_wconf 78' lang='lat' dir='ltr'>hisce</span> <span class='ocrx_word' id='word_1_505' title='bbox 1590 2542 1702 2573; x_wconf 89' lang='lat' dir='ltr'>verbis</span> 
     </span>
     <span class='ocr_line' id='line_1_98' title="bbox 1006 2589 1704 2630; baseline 0 -8"><span class='ocrx_word' id='word_1_506' title='bbox 1006 2601 1066 2622; x_wconf 86' lang='lat' dir='ltr'>sua</span> <span class='ocrx_word' id='word_1_507' title='bbox 1081 2591 1197 2630; x_wconf 89' lang='lat' dir='ltr'>lingua</span> <span class='ocrx_word' id='word_1_508' title='bbox 1219 2589 1309 2629; x_wconf 84' lang='grc' dir='ltr'>Κύριε</span> <span class='ocrx_word' id='word_1_509' title='bbox 1330 2591 1399 2630; x_wconf 86' lang='grc' dir='ltr'>πῦρ,</span> <span class='ocrx_word' id='word_1_510' title='bbox 1420 2589 1512 2630; x_wconf 84' lang='grc' dir='ltr'>ἔσθιε,</span> <span class='ocrx_word' id='word_1_511' title='bbox 1532 2594 1570 2621; x_wconf 91' lang='lat' dir='ltr'>ut</span> <span class='ocrx_word' id='word_1_512' title='bbox 1595 2591 1704 2622; x_wconf 86' lang='lat' dir='ltr'>refert</span> 
     </span>
     <span class='ocr_line' id='line_1_99' title="bbox 1006 2639 1704 2679; baseline 0 -8"><span class='ocrx_word' id='word_1_513' title='bbox 1006 2641 1101 2671; x_wconf 79' lang='lat' dir='ltr'>Max.</span> <span class='ocrx_word' id='word_1_514' title='bbox 1125 2640 1204 2679; x_wconf 85' lang='lat' dir='ltr'>Tyr.</span> <span class='ocrx_word' id='word_1_515' title='bbox 1237 2639 1373 2670; x_wconf 80' lang='lat' dir='ltr'>Gronov.</span> <span class='ocrx_word' id='word_1_516' title='bbox 1424 2639 1640 2671; x_wconf 86' lang='lat' dir='ltr'>Kirchmann.</span> <span class='ocrx_word' id='word_1_517' title='bbox 1657 2641 1704 2671; x_wconf 73' lang='lat' dir='ltr'>le-</span> 
     </span>
     <span class='ocr_line' id='line_1_100' title="bbox 1008 2690 1703 2730; baseline 0.001 -10"><span class='ocrx_word' id='word_1_518' title='bbox 1008 2690 1107 2730; x_wconf 86' lang='lat' dir='ltr'>gend.</span> <span class='ocrx_word' id='word_1_519' title='bbox 1130 2693 1230 2730; x_wconf 87' lang='lat' dir='ltr'>putat</span> <span class='ocrx_word' id='word_1_520' title='bbox 1252 2693 1495 2728; x_wconf 79' lang='lat' dir='ltr'>mortuorumque</span> <span class='ocrx_word' id='word_1_521' title='bbox 1511 2699 1536 2720; x_wconf 85' lang='lat' dir='ltr'>c.</span> <span class='ocrx_word' id='word_1_522' title='bbox 1551 2693 1575 2720; x_wconf 83' lang='lat' dir='ltr'>t.</span> <span class='ocrx_word' id='word_1_523' title='bbox 1596 2700 1628 2729; x_wconf 85' lang='lat' dir='ltr'>p.</span> <span class='ocrx_word' id='word_1_524' title='bbox 1654 2691 1703 2721; x_wconf 85' lang='lat' dir='ltr'>ob.</span> 
     </span>
     <span class='ocr_line' id='line_1_101' title="bbox 1007 2739 1705 2781; baseline 0.003 -12"><span class='ocrx_word' id='word_1_525' title='bbox 1007 2751 1036 2781; x_wconf 85' lang='lat' dir='ltr'>q.</span> <span class='ocrx_word' id='word_1_526' title='bbox 1051 2749 1205 2771; x_wconf 84' lang='lat' dir='ltr'>cremare:</span> <span class='ocrx_word' id='word_1_527' title='bbox 1241 2739 1318 2780; x_wconf 84' lang='lat' dir='ltr'>quia</span> <span class='ocrx_word' id='word_1_528' title='bbox 1345 2749 1387 2770; x_wconf 89' lang='lat' dir='ltr'>ex</span> <span class='ocrx_word' id='word_1_529' title='bbox 1416 2739 1542 2770; x_wconf 83' lang='lat' dir='ltr'>Herod.</span> <span class='ocrx_word' id='word_1_530' title='bbox 1567 2745 1705 2772; x_wconf 77' lang='lat' dir='ltr'>constet</span> 
     </span>
     <span class='ocr_line' id='line_1_102' title="bbox 1008 2788 1705 2827; baseline -0.001 -6"><span class='ocrx_word' id='word_1_531' title='bbox 1008 2790 1132 2821; x_wconf 89' lang='lat' dir='ltr'>Persas</span> <span class='ocrx_word' id='word_1_532' title='bbox 1158 2799 1223 2819; x_wconf 92' lang='lat' dir='ltr'>non</span> <span class='ocrx_word' id='word_1_533' title='bbox 1250 2798 1430 2827; x_wconf 80' lang='lat' dir='ltr'>cremasse,</span> <span class='ocrx_word' id='word_1_534' title='bbox 1451 2788 1508 2819; x_wconf 83' lang='lat' dir='ltr'>sed</span> <span class='ocrx_word' id='word_1_535' title='bbox 1532 2792 1624 2819; x_wconf 84' lang='lat' dir='ltr'>terra</span> <span class='ocrx_word' id='word_1_536' title='bbox 1647 2790 1705 2820; x_wconf 88' lang='lat' dir='ltr'>ob-</span> 
     </span>
     <span class='ocr_line' id='line_1_103' title="bbox 1009 2838 1705 2878; baseline 0 -7"><span class='ocrx_word' id='word_1_537' title='bbox 1009 2841 1115 2871; x_wconf 85' lang='lat' dir='ltr'>ruisse</span> <span class='ocrx_word' id='word_1_538' title='bbox 1131 2839 1308 2870; x_wconf 79' lang='lat' dir='ltr'>cadavera.</span> <span class='ocrx_word' id='word_1_539' title='bbox 1354 2839 1399 2869; x_wconf 87' lang='lat' dir='ltr'>At</span> <span class='ocrx_word' id='word_1_540' title='bbox 1417 2838 1705 2878; x_wconf 77' lang='lat' dir='ltr'>F1·einsh‹=mio‚ut</span> 
     </span>
     <span class='ocr_line' id='line_1_104' title="bbox 1011 2889 1705 2930; baseline -0.001 -8"><span class='ocrx_word' id='word_1_541' title='bbox 1011 2891 1084 2922; x_wconf 79' lang='lat' dir='ltr'>ead.</span> <span class='ocrx_word' id='word_1_542' title='bbox 1109 2890 1276 2922; x_wconf 77' lang='lat' dir='ltr'>sententia</span> <span class='ocrx_word' id='word_1_543' title='bbox 1304 2889 1508 2929; x_wconf 83' lang='lat' dir='ltr'>obtineatur,</span> <span class='ocrx_word' id='word_1_544' title='bbox 1536 2895 1705 2930; x_wconf 74' lang='lat' dir='ltr'>postrema</span> 
     </span>
    </p>
   </div>
  </div>
 </body>
</html>
