2101 3419
350 365 461 406 1006

803 373 942 403 NOTAE
977 372 1241 404 vARlORCM
1275 373 1324 402 IN·

790 590 1008 639 LIBER
1058 588 1336 638 XXXIX.

393 734 479 766 CAP.
495 742 519 765 1.
563 734 580 774 ξ
607 736 623 765 1
650 732 830 773 Obsidione]
861 732 1044 765 ‘Obsidio'

352 793 413 823 pro
430 784 642 824 captivitate,
664 788 702 814 ut
724 793 824 824 supra
841 793 907 814 nou
929 784 1045 816 semel.

351 835 407 865 De
423 834 518 865 initio
542 834 756 874 captivitatis
779 835 852 874 ejus
875 835 1046 866 Demetrii

350 884 439 915 dixit
456 892 586 915 xxxv1.
617 884 721 916 Vorst.

393 935 410 974 ξ
426 936 446 964 2
464 934 614 974 Prospere
621 933 782 974 gessisset]
807 933 954 965 Omnino
968 934 1048 965 scri-

352 981 454 1014 beud.
470 983 640 1014 cessissent.
662 983 760 1014 Voss.
802 984 892 1015 Num
910 984 965 1015 ille
981 983 1049 1015 fra-

350 1033 413 1063 tris
423 1033 513 1063 bella
525 1032 650 1072 gessit?
669 1033 754 1064 Mss.
764 1033 942 1072 gessissent.
966 1034 1048 1074 Leg.

348 1084 518 1122 cessissent,
543 1092 619 1114 cum
646 1082 743 1115 Junt.
782 1083 840 1114 Ita
859 1087 895 1114 et
914 1083 948 1113 in
963 1083 1046 1116 Mss.

351 1143 410 1165 xr..
431 1137 463 1165 2.
499 1132 622 1166 ‘Quod
649 1133 792 1172 gesserit
817 1132 955 1172 Tigrani
980 1142 1046 1164 non

351 1182 533 1222 daturum,'
553 1191 615 1222 pro
636 1182 726 1221 vulg.
754 1181 822 1217 Quo
842 1191 917 1213 cess.
937 1182 974 1213 T.
998 1183 1047 1213 Ut

350 1243 374 1264 1.
403 1237 454 1265 10.
491 1234 620 1264 ‘Tanta
646 1231 812 1272 patientia
837 1231 978 1263 cessisse
1005 1242 1046 1263 eo

348 1284 468 1324 [regno
483 1282 693 1322 PersarumJ,
708 1282 809 1323 quod,
821 1287 859 1313 ut
872 1282 1049 1322 eriperent

350 1334 475 1374 Magis,
505 1333 590 1365 mori
622 1342 689 1364 non
725 1333 983 1372 recusaverint,'
1012 1338 1048 1364 et

351 1392 481 1415 xxxix.
493 1386 525 1415 2.
549 1385 558 1401 ‘
573 1383 704 1414 Cedere
717 1392 753 1414 se
766 1383 813 1414 illi
827 1393 945 1423 regno,
957 1384 1047 1425 quod

351 1434 495 1465 Romani
522 1432 790 1473 occupaverint!
817 1433 927 1464 Graev.
974 1435 1047 1465 Ces-

348 1484 458 1514 sissent
473 1483 577 1514 etiam
590 1482 831 1514 emendaverat
842 1484 1048 1524 Bongarsius

351 1539 431 1566 ante
445 1535 543 1565 Voss.
559 1534 591 1565 in
610 1534 652 1565 V.
671 1534 711 1565 L.
746 1534 787 1564 In
809 1534 957 1574 vulgatis
974 1544 1049 1565 cor-

349 1589 449 1626 rupte
465 1585 757 1624 legiturgessisset.
788 1585 908 1616 Faber.
952 1585 1048 1616 Vidit

350 1635 449 1665 Voss.
462 1634 598 1675 legend.
614 1643 686 1665 esse
702 1634 876 1673 cessissent,
892 1634 1047 1676 idemque

350 1685 383 1715 in
409 1686 506 1717 Junt.
533 1684 662 1725 reperit
681 1684 797 1715 Graev.
839 1683 945 1716 Juvat
967 1685 1047 1716 item

350 1736 595 1776 conjecturam,
606 1734 695 1776 quod
707 1734 805 1765 codd.
819 1734 953 1775 quidam
964 1735 1047 1765 Mss.

351 1795 490 1817 numero
503 1785 623 1826 plurali
633 1785 800 1824 gessissent
811 1785 944 1815 liabent.
973 1785 1045 1817 Vor.

393 1837 447 1867 Itu
476 1835 630 1876 AEgypto]
656 1834 698 1866 Τὸ
726 1835 773 1866 ita
802 1844 1047 1875 supervacuum

350 1887 500 1919 videtur.
524 1888 624 1919 Gron.

395 1939 447 1978 §3
474 1938 560 1968 Dum
581 1938 695 1976 aliena,
718 1937 785 1978 &ej
810 1937 893 1968 Loci
909 1936 981 1977 huj.
998 1941 1049 1969 est

351 1986 466 2018 fabula
482 1988 523 2018 de
545 1988 687 2027 camelo,
714 1988 771 2028 qui
798 1996 926 2018 cornua
949 1986 1049 2019 affec·

351 2042 427 2070 tans
441 2038 541 2069 etiam
557 2047 655 2068 aures
673 2037 833 2077 perdidit.
858 2036 955 2067 Bern.

393 2087 574 2128 Apamenii]
601 2087 791 2118 Scriberem
816 2086 982 2127 Apameni.
1003 2087 1047 2119 V.

352 2141 465 2167 tamen
480 2137 599 2177 Stepli.
612 2136 654 2167 de
672 2137 756 2169 Urb.
780 2137 858 2168 Fab.

395 2187 462 2218 Per
476 2187 645 2217 absentiam
669 2186 768 2226 regis]
794 2187 859 2217 Ms.
877 2185 981 2218 habet
994 2196 1051 2227 per

350 2248 381 2268 a.
407 2237 490 2276 qius:
515 2237 641 2268 rectius
672 2237 829 2277 opinione
855 2247 944 2276 mea,
971 2239 1050 2279 quia

352 2287 549 2318 Demetrius
578 2287 792 2327 intelligitur,
823 2287 865 2318 de
893 2297 959 2327 quo
983 2297 1049 2318 non

350 2339 434 2368 satis
448 2344 528 2379 apte
542 2338 761 2378 praemittitur
772 2347 835 2368 vox
845 2338 943 2377 regis,
954 2338 1049 2378 quip-

353 2397 396 2428 pe
421 2398 496 2429 quae
519 2387 654 2419 facilius
680 2387 722 2418 de
747 2387 826 2426 alio,
851 2396 950 2428 quam
977 2387 1049 2428 ipso

351 2438 532 2478 accipitur.
577 2439 621 2468 Et
649 2447 844 2478 persuasum
870 2437 950 2468 milii
975 2447 1048 2469 suc-

351 2488 492 2519 cessisse
502 2488 588 2519 lianc
600 2488 633 2518 iu
647 2488 756 2518 locum
771 2497 858 2519 verae
869 2497 912 2518 ex
926 2488 1049 2529 glossa.

352 2537 459 2575 Sclzef.

395 2589 413 2628 ξ
435 2591 456 2619 4
480 2587 645 2628 Immittit]
670 2586 749 2620 vid.
776 2587 906 2620 Notam
935 2596 1049 2622 xxxw

353 2640 384 2668 l.
400 2641 433 2669 ὃ.
467 2639 566 2669 Bern.

394 2689 504 2721 Armis
515 2691 647 2729 peteret.
685 2689 729 2719 Et
744 2688 910 2729 composita
923 2688 1051 2729 sabula]

351 2738 471 2770 Lectio
487 2744 524 2770 et
539 2738 715 2770 distinctio
730 2738 804 2769 haec
821 2738 945 2770 vitiosa
960 2739 1051 2770 vide-

353 2792 420 2818 tur.
480 2789 593 2819 Datur
624 2787 742 2827 utique
772 2787 825 2818 hic
858 2788 957 2827 ratio,
985 2797 1050 2829 qua

353 2837 541 2869 subornare
554 2839 648 2869 illum
663 2838 860 2869 mercatoris
873 2837 977 2869 filium
993 2848 1051 2879 po·

355 2888 459 2919 tuerit
476 2888 517 2919 ad
535 2888 720 2928 petendum
739 2897 890 2927 regnum.
937 2888 1051 2919 Debet

354 2946 432 2977 vrgo
450 2937 530 2968 illud
549 2939 591 2968 Et
607 2938 725 2976 deleri,
741 2938 828 2979 quod
845 2938 932 2969 baud
947 2937 1048 2970 dubie

1098 732 1228 765 factum
1244 738 1299 765 est
1314 743 1356 765 ex
1379 731 1511 772 syllaba
1532 731 1684 772 proxime
1707 739 1794 771 prae-

1100 783 1264 822 cedente3
1287 793 1348 823 pro
1371 788 1497 824 puncto
1514 791 1649 823 quoque
1665 790 1797 813 comma

1099 834 1212 870 scribi,
1228 839 1265 865 ut
1286 832 1505 874 ‘composita'
1522 833 1566 863 sit
1580 841 1647 862 non
1659 831 1799 872 primus,

1100 893 1215 915 verum
1234 889 1348 914 sextus
1360 893 1468 922 casm,
1480 881 1680 922 modumque
1695 880 1798 920 signi-

1099 933 1190 965 ficet.
1224 933 1328 972 Schef.
1374 933 1486 964 Recte
1514 932 1613 964 Junt.
1635 932 1678 961 Et
1703 930 1797 970 igno-

1100 989 1188 1016 rant.
1220 985 1326 1015 Grcmv.
1369 983 1531 1014 Vincent.
1558 990 1609 1012 vr.
1634 983 1688 1011 87.
1717 979 1796 1020 ‘qui

1100 1044 1127 1065 r.
1144 1035 1177 1066 S.
1198 1039 1233 1065 et
1254 1033 1355 1064 armis
1379 1042 1412 1073 p.
1436 1036 1472 1063 et
1494 1033 1614 1072 comp.'
1633 1040 1673 1061 ac
1697 1029 1795 1060 dein:

1102 1086 1111 1102 ‘
1123 1085 1169 1116 Et
1185 1094 1226 1115 ne
1242 1084 1341 1115 Deru.
1357 1093 1431 1122 sup.
1445 1085 1505 1123 pat
1507 1102 1641 1113 ......
1659 1079 1799 1111 auxilia-

1103 1145 1168 1176 que
1182 1135 1212 1166 ei
1226 1135 1267 1166 ab
1286 1135 1357 1173 AEg.
1374 1134 1443 1173 ing.
1458 1131 1560 1163 mitt)

1143 1186 1161 1226 ξ
1177 1189 1194 1216 5
1215 1184 1386 1220 Quemlibet
1398 1183 1516 1223 regem]
1533 1181 1734 1222 Exemplum
1749 1190 1799 1211 re-

1101 1234 1235 1267 ferend.
1253 1236 1293 1266 ad
1311 1235 1438 1266 Notam
1454 1242 1572 1264 xxxv,
1589 1236 1618 1264 1.
1635 1235 1665 1263 8.
1696 1232 1797 1263 Bern.

1145 1286 1215 1317 Nec
1240 1285 1343 1326 Syriis
1359 1283 1537 1325 quemlibet]
1561 1283 1601 1313 In
1626 1282 1693 1312 Ms.
1717 1291 1799 1323 quo-

1101 1335 1178 1367 dam
1205 1336 1330 1375 legitur
1357 1335 1478 1375 quidem
1506 1332 1591 1363 libet.
1622 1332 1657 1362 F.
1683 1331 1801 1372 junxit

1102 1391 1285 1427 utrumque
1322 1384 1490 1424 Justinus,
1518 1387 1554 1414 et
1583 1382 1721 1422 scripsit
1746 1391 1801 1413 nec

1101 1435 1206 1477 Syriis
1219 1436 1340 1476 quidem
1358 1433 1532 1475 quemlibet.
1576 1432 1698 1463 Solent
1717 1441 1800 1462 sane

1103 1487 1184 1517 illud
1207 1488 1216 1504 ‘
1231 1485 1384 1528 quidem’
1409 1485 1459 1516 sic
1474 1484 1621 1515 libenter
1636 1490 1801 1523 usurpare

1102 1536 1229 1568 Latini.
1253 1534 1358 1573 Sches.

1146 1587 1267 1617 Nomen
1292 1584 1466 1617 Alexandri
1490 1582 1675 1624 imponitur]
1702 1581 1801 1614 zebi-

1102 1646 1181 1668 nam
1211 1636 1481 1676 cognominatum
1513 1633 1634 1664 scribit
1661 1632 1799 1672 Joseph.

1102 1685 1218 1728 Antiq.
1236 1695 1318 1717 xur.
1339 1688 1390 1716 17.
1437 1685 1480 1715 Et
1501 1683 1710 1724 Porphyrius
1722 1682 1799 1713 sub-

1096 1735 1238 1776 junctus
1260 1735 1408 1766 Eusebio
1424 1745 1456 1774 p.
1481 1736 1556 1765 227.
1580 1742 1645 1774 quo
1665 1733 1801 1764 nomine

1101 1785 1168 1817 fuit
1183 1792 1311 1827 martyr
1327 1785 1460 1827 qnidam
1483 1794 1537 1825 ap.
1560 1782 1684 1814 Euseb.
1708 1782 1801 1814 Hist.

1101 1838 1232 1869 Eccles.
1257 1846 1342 1868 viu.
1366 1840 1417 1867 19.
1443 1837 1574 1866 Ber-nec.
1618 1833 1725 1865 Scrib.
1747 1844 1800 1865 no-

1099 1899 1168 1920 men
1182 1888 1293 1927 juveni
1308 1887 1490 1918 Alexandro
1503 1886 1577 1926 imp.
1601 1885 1706 1915 Gron.

1144 1941 1198 1980 §6
1221 1938 1386 1977 Pervenit]
1421 1937 1568 1967 Praestat
1595 1936 1690 1968 Junt.
1718 1935 1798 1966 lect.

1101 1988 1287 2028 supervenit.
1331 1987 1513 2027 Inopinato
1526 1986 1618 2017 venit
1631 1990 1666 2016 et
1682 1994 1801 2026 perop-

1103 2044 1248 2079 portune
1260 2039 1293 2068 in
1307 2038 1363 2068 illo
1374 2039 1486 2068 mimo.
1533 2036 1618 2067 Haec
1631 2037 1679 2067 vis
1692 2035 1799 2066 verbi.

1103 2089 1112 2105 ‘
1130 2089 1239 2119 Grata
1253 2086 1486 2128 superveniet,
1508 2095 1583 2126 quae
1601 2094 1667 2115 non
1684 2094 1799 2125 spera·

1103 2138 1194 2169 bitur
1206 2137 1312 2169 liora!
1356 2136 1424 2168 Sed
1437 2146 1490 2176 ap.
1503 2136 1592 2168 Just.
1606 2135 1728 2176 saepius
1744 2144 1799 2166 oc-

1103 2188 1222 2220 currit.
1270 2187 1378 2218 Groev.

1148 2238 1227 2273 Qnoe
1240 2247 1301 2277 res,
1325 2237 1392 2277 thu]
1425 2237 1513 2267 Saxo
1540 2245 1575 2267 x.
1605 2245 1642 2276 p.
1669 2237 1745 2267 201.
1773 2234 1798 2266 f.

1104 2289 1114 2305 ‘
1140 2288 1279 2328 Quippe
1309 2291 1466 2327 spectata
1496 2286 1601 2326 patris
1635 2285 1799 2316 sanctitas

1103 2347 1184 2378 pop.
1196 2338 1226 2368 ei
1241 2337 1308 2368 sav.
1323 2335 1592 2367 conciliaverat!
1626 2335 1710 2365 Mox
1720 2334 1803 2365 Vin-

1105 2392 1196 2418 cent.
1217 2389 1226 2405 ‘
1245 2397 1311 2417 non
1328 2386 1425 2417 fictas
1440 2387 1474 2416 in
1490 2396 1530 2417 eo
1546 2384 1742 2425 lacrymas?
1765 2388 1802 2415 et

1103 2437 1112 2454 ‘
1127 2447 1202 2468 cum
1219 2437 1367 2478 undique
1384 2446 1404 2467 a
1420 2434 1737 2467 circumstantibus!

1145 2489 1194 2529 §7
1219 2488 1398 2519 Demetrius
1407 2485 1630 2525 antemi-ictus]
1653 2484 1801 2526 Appian.

1102 2538 1178 2579 Syr.
1194 2547 1226 2578 p.
1241 2540 1313 2569 132.
1332 2538 1364 2568 b.
1382 2541 1390 2554 ‘
1403 2534 1647 2574 inte1·fectu1n‚'
1660 2536 1721 2571 ait,
1734 2535 1744 2551 ⁴
1759 2535 1800 2566 ab

1102 2597 1208 2619 uxore
1229 2587 1413 2627 Cleopatra
1433 2585 1482 2616 διὰ
1504 2584 1603 2625 ζῆλον
1625 2585 1680 2615 τοῦ
1699 2582 1802 2623 ’γάμου

1102 2636 1310 2677 *Ροδογυύνης,
1337 2641 1372 2668 et
1389 2640 1467 2677 post
1487 2636 1562 2676 ejus
1584 2640 1727 2666 mortem
1742 2635 1801 2666 Se-

1104 2689 1239 2719 leucum
1250 2687 1353 2718 filium
1366 2686 1409 2717 ab
1419 2696 1459 2717 ea
1472 2695 1599 2716 veneno
1610 2683 1802 2716 sublatum?

1105 2738 1182 2768 Vid.
1205 2741 1240 2768 et
1263 2737 1357 2777 Epit.
1374 2736 1448 2767 Liv.
1468 2744 1526 2767 Lx.
1548 2736 1704 2774 Bongars.
1747 2734 1800 2765 De

1108 2787 1278 2819 Demetrii
1309 2786 1403 2818 caede
1433 2796 1509 2817 cum
1538 2787 1665 2818 Nostro
1694 2785 1801 2826 magis

1105 2839 1275 2870 consentit
1286 2839 1423 2878 Joseph.
1437 2837 1552 2879 Antiq.
1570 2847 1652 2869 xrn.
1668 2841 1720 2869 17.
1741 2837 1800 2868 Se-

1105 2889 1237 2919 leucum
1255 2898 1333 2919 vero
1349 2888 1474 2928 sagitta
1491 2887 1682 2919 confossum
1700 2897 1718 2918 a
1734 2896 1801 2918 ma-

1106 2943 1157 2969 trc
1186 2938 1380 2978 Cleopatra,
1410 2936 1507 2968 modo
1533 2936 1685 2968 indicato
1715 2937 1801 2974 loco,
