<?xml version="1.0" encoding="UTF-8"?>
<!DOCTYPE html PUBLIC "-//W3C//DTD XHTML 1.0 Transitional//EN"
    "http://www.w3.org/TR/xhtml1/DTD/xhtml1-transitional.dtd">
<html xmlns="http://www.w3.org/1999/xhtml" xml:lang="en" lang="en">
 <head>
  <title>
</title>
<meta http-equiv="Content-Type" content="text/html;charset=utf-8" />
  <meta name='ocr-system' content='tesseract 3.04.00' />
  <meta name='ocr-capabilities' content='ocr_page ocr_carea ocr_par ocr_line ocrx_word'/>
</head>
<body>
  <div class='ocr_page' id='page_1' title='image "./historiaephilipp02just/historiaephilipp02just_0415.png"; bbox 0 0 2101 3419; ppageno 0'>
   <div class='ocr_carea' id='block_1_1' title="bbox 603 362 928 394">
    <p class='ocr_par' dir='ltr' id='par_1_1' title="bbox 603 362 928 394">
     <span class='ocr_line' id='line_1_1' title="bbox 603 362 928 394; baseline -0.006 0"><span class='ocrx_word' id='word_1_1' title='bbox 603 362 798 394; x_wconf 86' lang='lat' dir='ltr'>JUSTlNl</span> <span class='ocrx_word' id='word_1_2' title='bbox 833 362 878 392; x_wconf 63' lang='lat'>111</span> <span class='ocrx_word' id='word_1_3' title='bbox 891 363 928 392; x_wconf 79' lang='lat' dir='ltr'>B.</span> 
     </span>
    </p>
   </div>
   <div class='ocr_carea' id='block_1_2' title="bbox 209 456 915 2302">
    <p class='ocr_par' dir='ltr' id='par_1_2' title="bbox 216 456 891 497">
     <span class='ocr_line' id='line_1_2' title="bbox 216 456 891 497; baseline 0 -10"><span class='ocrx_word' id='word_1_4' title='bbox 216 456 289 497; x_wconf 83' lang='lat' dir='ltr'>gius</span> <span class='ocrx_word' id='word_1_5' title='bbox 305 456 393 488; x_wconf 82' lang='lat' dir='ltr'>liunc</span> <span class='ocrx_word' id='word_1_6' title='bbox 411 460 510 488; x_wconf 91' lang='lat' dir='ltr'>vocat</span> <span class='ocrx_word' id='word_1_7' title='bbox 526 456 760 497; x_wconf 80' lang='lat' dir='ltr'><strong>Agathoclem.</strong></span> <span class='ocrx_word' id='word_1_8' title='bbox 781 456 891 495; x_wconf 83' lang='lat' dir='ltr'>Bong.</span> 
     </span>
    </p>

    <p class='ocr_par' dir='ltr' id='par_1_3' title="bbox 216 506 915 647">
     <span class='ocr_line' id='line_1_3' title="bbox 259 506 914 547; baseline -0.002 -10"><span class='ocrx_word' id='word_1_9' title='bbox 259 508 277 547; x_wconf 59' lang='grc' dir='ltr'><strong>ξ</strong></span> <span class='ocrx_word' id='word_1_10' title='bbox 300 510 319 537; x_wconf 92' lang='grc'>8</span> <span class='ocrx_word' id='word_1_11' title='bbox 345 508 396 537; x_wconf 82' lang='lat' dir='ltr'>Ita</span> <span class='ocrx_word' id='word_1_12' title='bbox 411 508 541 538; x_wconf 83' lang='lat' dir='ltr'>duarum</span> <span class='ocrx_word' id='word_1_13' title='bbox 557 507 747 547; x_wconf 75' lang='lat' dir='ltr'>civitatium]</span> <span class='ocrx_word' id='word_1_14' title='bbox 760 507 769 523; x_wconf 90' lang='lat'>‘</span> <span class='ocrx_word' id='word_1_15' title='bbox 786 506 914 537; x_wconf 89' lang='lat' dir='ltr'>Civita-</span> 
     </span>
     <span class='ocr_line' id='line_1_4' title="bbox 218 557 915 597; baseline -0.003 -9"><span class='ocrx_word' id='word_1_16' title='bbox 218 557 291 597; x_wconf 86' lang='lat' dir='ltr'>tes,&#39;</span> <span class='ocrx_word' id='word_1_17' title='bbox 305 557 337 587; x_wconf 82' lang='lat'>11.</span> <span class='ocrx_word' id='word_1_18' title='bbox 356 558 376 588; x_wconf 92' lang='lat' dir='ltr'>l.</span> <span class='ocrx_word' id='word_1_19' title='bbox 387 563 476 595; x_wconf 88' lang='lat' dir='ltr'>sunt,</span> <span class='ocrx_word' id='word_1_20' title='bbox 489 558 664 597; x_wconf 83' lang='lat' dir='ltr'>regiones3</span> <span class='ocrx_word' id='word_1_21' title='bbox 683 562 718 587; x_wconf 90' lang='lat' dir='ltr'>ut</span> <span class='ocrx_word' id='word_1_22' title='bbox 734 566 809 596; x_wconf 88' lang='lat' dir='ltr'>sup.</span> <span class='ocrx_word' id='word_1_23' title='bbox 824 557 833 572; x_wconf 94' lang='lat'>‘</span> <span class='ocrx_word' id='word_1_24' title='bbox 848 566 915 596; x_wconf 88' lang='lat' dir='ltr'>poe-</span> 
     </span>
     <span class='ocr_line' id='line_1_5' title="bbox 216 606 911 647; baseline -0.003 -8"><span class='ocrx_word' id='word_1_25' title='bbox 216 608 327 639; x_wconf 85' lang='lat' dir='ltr'>nalem</span> <span class='ocrx_word' id='word_1_26' title='bbox 343 606 539 647; x_wconf 86' lang='lat' dir='ltr'>civitatem,&#39;</span> <span class='ocrx_word' id='word_1_27' title='bbox 551 607 571 637; x_wconf 91' lang='lat' dir='ltr'>i.</span> <span class='ocrx_word' id='word_1_28' title='bbox 584 616 612 637; x_wconf 92' lang='lat' dir='ltr'>e.</span> <span class='ocrx_word' id='word_1_29' title='bbox 625 607 816 647; x_wconf 85' lang='lat' dir='ltr'>Hyrcanos.</span> <span class='ocrx_word' id='word_1_30' title='bbox 834 606 911 637; x_wconf 78' lang='lat' dir='ltr'>Fab.</span> 
     </span>
    </p>

    <p class='ocr_par' dir='ltr' id='par_1_4' title="bbox 213 662 914 802">
     <span class='ocr_line' id='line_1_6' title="bbox 259 662 914 705; baseline -0.003 -10"><span class='ocrx_word' id='word_1_31' title='bbox 259 665 392 705; x_wconf 78' lang='lat' dir='ltr'>Imperio</span> <span class='ocrx_word' id='word_1_32' title='bbox 404 663 569 704; x_wconf 63' lang='lat' dir='ltr'>praeditus]</span> <span class='ocrx_word' id='word_1_33' title='bbox 595 664 799 694; x_wconf 80' lang='lat' dir='ltr'>Sallustiana</span> <span class='ocrx_word' id='word_1_34' title='bbox 815 662 914 703; x_wconf 88' lang='lat' dir='ltr'>phra-</span> 
     </span>
     <span class='ocr_line' id='line_1_7' title="bbox 213 713 912 754; baseline -0.003 -9"><span class='ocrx_word' id='word_1_35' title='bbox 213 714 282 745; x_wconf 84' lang='lat' dir='ltr'>sis:</span> <span class='ocrx_word' id='word_1_36' title='bbox 305 715 379 745; x_wconf 89' lang='lat' dir='ltr'>Cat.</span> <span class='ocrx_word' id='word_1_37' title='bbox 402 716 454 744; x_wconf 89' lang='lat'>51.</span> <span class='ocrx_word' id='word_1_38' title='bbox 476 716 502 744; x_wconf 93' lang='lat' dir='ltr'>l.</span> <span class='ocrx_word' id='word_1_39' title='bbox 526 714 535 730; x_wconf 81' lang='lat'><strong><em>⁴</em></strong></span> <span class='ocrx_word' id='word_1_40' title='bbox 554 713 634 752; x_wconf 84' lang='lat' dir='ltr'>Qui,</span> <span class='ocrx_word' id='word_1_41' title='bbox 659 713 802 754; x_wconf 85' lang='lat' dir='ltr'>imperio</span> <span class='ocrx_word' id='word_1_42' title='bbox 826 722 912 753; x_wconf 82' lang='lat' dir='ltr'>prae-</span> 
     </span>
     <span class='ocr_line' id='line_1_8' title="bbox 214 761 910 802; baseline 0 -9"><span class='ocrx_word' id='word_1_43' title='bbox 214 762 292 798; x_wconf 77' lang='lat' dir='ltr'>diti.</span> <span class='ocrx_word' id='word_1_44' title='bbox 304 763 336 793; x_wconf 93' lang='lat' dir='ltr'>in</span> <span class='ocrx_word' id='word_1_45' title='bbox 353 762 486 793; x_wconf 83' lang='lat' dir='ltr'>excelso</span> <span class='ocrx_word' id='word_1_46' title='bbox 502 766 638 793; x_wconf 81' lang='lat' dir='ltr'>aetatem</span> <span class='ocrx_word' id='word_1_47' title='bbox 654 761 783 802; x_wconf 87' lang='lat' dir='ltr'>agunt.&#39;</span> <span class='ocrx_word' id='word_1_48' title='bbox 809 762 910 793; x_wconf 84' lang='lat' dir='ltr'>Rern.</span> 
     </span>
    </p>

    <p class='ocr_par' dir='ltr' id='par_1_5' title="bbox 212 811 911 1253">
     <span class='ocr_line' id='line_1_9' title="bbox 258 811 911 851; baseline -0.002 -9"><span class='ocrx_word' id='word_1_49' title='bbox 258 813 342 843; x_wconf 73' lang='lat' dir='ltr'>CAP.</span> <span class='ocrx_word' id='word_1_50' title='bbox 360 821 395 842; x_wconf 90' lang='lat' dir='ltr'>v.</span> <span class='ocrx_word' id='word_1_51' title='bbox 430 812 447 851; x_wconf 70' lang='grc' dir='ltr'>ξ)</span> <span class='ocrx_word' id='word_1_52' title='bbox 469 814 489 842; x_wconf 85' lang='grc'><strong>2</strong></span> <span class='ocrx_word' id='word_1_53' title='bbox 517 811 631 842; x_wconf 82' lang='lat' dir='ltr'><strong><em>Urbem</em></strong></span> <span class='ocrx_word' id='word_1_54' title='bbox 651 821 767 851; x_wconf 83' lang='lat' dir='ltr'>quoque</span> <span class='ocrx_word' id='word_1_55' title='bbox 790 811 911 842; x_wconf 73' lang='lat' dir='ltr'>nomine</span> 
     </span>
     <span class='ocr_line' id='line_1_10' title="bbox 214 860 910 900; baseline -0.001 -8"><span class='ocrx_word' id='word_1_56' title='bbox 214 860 336 892; x_wconf 77' lang='lat' dir='ltr'>Duram</span> <span class='ocrx_word' id='word_1_57' title='bbox 355 860 389 891; x_wconf 85' lang='lat' dir='ltr'>in</span> <span class='ocrx_word' id='word_1_58' title='bbox 408 863 509 891; x_wconf 82' lang='lat' dir='ltr'>monte</span> <span class='ocrx_word' id='word_1_59' title='bbox 532 860 720 900; x_wconf 83' lang='lat' dir='ltr'>Taborteno]</span> <span class='ocrx_word' id='word_1_60' title='bbox 747 860 834 891; x_wconf 86' lang='lat' dir='ltr'>Haec</span> <span class='ocrx_word' id='word_1_61' title='bbox 851 870 910 891; x_wconf 93' lang='lat' dir='ltr'>no-</span> 
     </span>
     <span class='ocr_line' id='line_1_11' title="bbox 213 910 911 951; baseline 0 -10"><span class='ocrx_word' id='word_1_62' title='bbox 213 911 304 941; x_wconf 89' lang='lat' dir='ltr'>mina</span> <span class='ocrx_word' id='word_1_63' title='bbox 320 911 400 941; x_wconf 90' lang='lat' dir='ltr'>mihi</span> <span class='ocrx_word' id='word_1_64' title='bbox 416 910 517 950; x_wconf 87' lang='lat' dir='ltr'>plane</span> <span class='ocrx_word' id='word_1_65' title='bbox 533 916 703 951; x_wconf 87' lang='lat' dir='ltr'>suspecta.</span> <span class='ocrx_word' id='word_1_66' title='bbox 730 910 841 942; x_wconf 85' lang='lat' dir='ltr'>Strab.</span> <span class='ocrx_word' id='word_1_67' title='bbox 859 919 911 942; x_wconf 77' lang='lat' dir='ltr'>xl.</span> 
     </span>
     <span class='ocr_line' id='line_1_12' title="bbox 213 960 911 1001; baseline -0.001 -9"><span class='ocrx_word' id='word_1_68' title='bbox 213 960 416 992; x_wconf 82' lang='lat' dir='ltr'><strong>Parthorum</strong></span> <span class='ocrx_word' id='word_1_69' title='bbox 429 960 557 1000; x_wconf 87' lang='lat' dir='ltr'>optima</span> <span class='ocrx_word' id='word_1_70' title='bbox 571 960 683 1001; x_wconf 91' lang='lat' dir='ltr'>inquit</span> <span class='ocrx_word' id='word_1_71' title='bbox 697 961 770 992; x_wconf 92' lang='lat' dir='ltr'>loca</span> <span class='ocrx_word' id='word_1_72' title='bbox 781 960 863 991; x_wconf 90' lang='lat' dir='ltr'>Arla</span> <span class='ocrx_word' id='word_1_73' title='bbox 875 965 911 991; x_wconf 91' lang='lat' dir='ltr'>et</span> 
     </span>
     <span class='ocr_line' id='line_1_13' title="bbox 213 1010 910 1041; baseline 0 -1"><span class='ocrx_word' id='word_1_74' title='bbox 213 1010 380 1041; x_wconf 86' lang='lat' dir='ltr'>Mariana.</span> <span class='ocrx_word' id='word_1_75' title='bbox 439 1010 647 1041; x_wconf 86' lang='lat' dir='ltr'>Ptolemaeus</span> <span class='ocrx_word' id='word_1_76' title='bbox 686 1011 835 1041; x_wconf 92' lang='lat' dir='ltr'>Dornam</span> <span class='ocrx_word' id='word_1_77' title='bbox 876 1010 910 1041; x_wconf 90' lang='lat' dir='ltr'>in</span> 
     </span>
     <span class='ocr_line' id='line_1_14' title="bbox 213 1060 911 1101; baseline 0 -11"><span class='ocrx_word' id='word_1_78' title='bbox 213 1060 363 1100; x_wconf 81' lang='lat' dir='ltr'>Niphate</span> <span class='ocrx_word' id='word_1_79' title='bbox 387 1065 501 1090; x_wconf 92' lang='lat' dir='ltr'>monte</span> <span class='ocrx_word' id='word_1_80' title='bbox 525 1061 622 1100; x_wconf 91' lang='lat' dir='ltr'>ponit</span> <span class='ocrx_word' id='word_1_81' title='bbox 646 1070 750 1100; x_wconf 90' lang='lat' dir='ltr'>supra</span> <span class='ocrx_word' id='word_1_82' title='bbox 775 1060 911 1101; x_wconf 85' lang='lat' dir='ltr'>Assyri-</span> 
     </span>
     <span class='ocr_line' id='line_1_15' title="bbox 213 1111 911 1152; baseline 0 -10"><span class='ocrx_word' id='word_1_83' title='bbox 213 1120 288 1142; x_wconf 74' lang='lat' dir='ltr'>um:</span> <span class='ocrx_word' id='word_1_84' title='bbox 312 1112 392 1142; x_wconf 91' lang='lat' dir='ltr'>item</span> <span class='ocrx_word' id='word_1_85' title='bbox 416 1112 448 1142; x_wconf 93' lang='lat' dir='ltr'>in</span> <span class='ocrx_word' id='word_1_86' title='bbox 471 1111 545 1151; x_wconf 91' lang='lat' dir='ltr'>ipsa</span> <span class='ocrx_word' id='word_1_87' title='bbox 567 1111 709 1152; x_wconf 85' lang='lat' dir='ltr'>Assyria</span> <span class='ocrx_word' id='word_1_88' title='bbox 726 1112 911 1151; x_wconf 70' lang='lat' dir='ltr'>Dan-theno,</span> 
     </span>
     <span class='ocr_line' id='line_1_16' title="bbox 212 1162 911 1195; baseline 0.003 -2"><span class='ocrx_word' id='word_1_89' title='bbox 212 1162 249 1193; x_wconf 91' lang='lat' dir='ltr'>in</span> <span class='ocrx_word' id='word_1_90' title='bbox 264 1162 407 1193; x_wconf 86' lang='lat' dir='ltr'>Susiana</span> <span class='ocrx_word' id='word_1_91' title='bbox 422 1163 548 1193; x_wconf 91' lang='lat' dir='ltr'>Deram</span> <span class='ocrx_word' id='word_1_92' title='bbox 564 1163 606 1193; x_wconf 88' lang='lat' dir='ltr'>ad</span> <span class='ocrx_word' id='word_1_93' title='bbox 623 1168 781 1195; x_wconf 86' lang='lat' dir='ltr'>montem.</span> <span class='ocrx_word' id='word_1_94' title='bbox 813 1164 851 1195; x_wconf 90' lang='lat' dir='ltr'>F.</span> <span class='ocrx_word' id='word_1_95' title='bbox 867 1163 911 1194; x_wconf 90' lang='lat' dir='ltr'>de</span> 
     </span>
     <span class='ocr_line' id='line_1_17' title="bbox 214 1212 676 1253; baseline 0.002 -10"><span class='ocrx_word' id='word_1_96' title='bbox 214 1212 276 1244; x_wconf 87' lang='lat' dir='ltr'>hac</span> <span class='ocrx_word' id='word_1_97' title='bbox 291 1222 380 1244; x_wconf 90' lang='lat' dir='ltr'>nunc</span> <span class='ocrx_word' id='word_1_98' title='bbox 396 1213 559 1253; x_wconf 87' lang='lat' dir='ltr'>loquitur.</span> <span class='ocrx_word' id='word_1_99' title='bbox 585 1214 676 1244; x_wconf 83' lang='lat' dir='ltr'>Glar.</span> 
     </span>
    </p>

    <p class='ocr_par' dir='ltr' id='par_1_6' title="bbox 210 1263 911 1951">
     <span class='ocr_line' id='line_1_18' title="bbox 257 1263 911 1304; baseline 0.002 -11"><span class='ocrx_word' id='word_1_100' title='bbox 257 1263 378 1293; x_wconf 75' lang='lat' dir='ltr'>Duram</span> <span class='ocrx_word' id='word_1_101' title='bbox 389 1263 421 1293; x_wconf 84' lang='lat' dir='ltr'>z’n</span> <span class='ocrx_word' id='word_1_102' title='bbox 433 1266 535 1293; x_wconf 82' lang='lat' dir='ltr'>monte</span> <span class='ocrx_word' id='word_1_103' title='bbox 545 1263 774 1303; x_wconf 79' lang='lat' dir='ltr'><strong><em>Zapaortenon]</em></strong></span> <span class='ocrx_word' id='word_1_104' title='bbox 798 1263 911 1304; x_wconf 88' lang='lat' dir='ltr'>Scrip-</span> 
     </span>
     <span class='ocr_line' id='line_1_19' title="bbox 214 1314 911 1353; baseline 0.003 -10"><span class='ocrx_word' id='word_1_105' title='bbox 214 1316 324 1343; x_wconf 90' lang='lat' dir='ltr'>turam</span> <span class='ocrx_word' id='word_1_106' title='bbox 351 1318 500 1344; x_wconf 91' lang='lat' dir='ltr'>veterem</span> <span class='ocrx_word' id='word_1_107' title='bbox 529 1314 693 1353; x_wconf 84' lang='lat' dir='ltr'><strong>expressi,</strong></span> <span class='ocrx_word' id='word_1_108' title='bbox 722 1318 760 1345; x_wconf 90' lang='lat' dir='ltr'>ut</span> <span class='ocrx_word' id='word_1_109' title='bbox 797 1324 839 1345; x_wconf 85' lang='lat' dir='ltr'>ex</span> <span class='ocrx_word' id='word_1_110' title='bbox 869 1324 911 1345; x_wconf 89' lang='lat' dir='ltr'>ea</span> 
     </span>
     <span class='ocr_line' id='line_1_20' title="bbox 213 1363 910 1405; baseline 0.003 -12"><span class='ocrx_word' id='word_1_111' title='bbox 213 1372 327 1393; x_wconf 87' lang='lat' dir='ltr'>veram</span> <span class='ocrx_word' id='word_1_112' title='bbox 343 1363 424 1394; x_wconf 90' lang='lat' dir='ltr'>lect.</span> <span class='ocrx_word' id='word_1_113' title='bbox 448 1364 592 1404; x_wconf 85' lang='lat' dir='ltr'>quilibet</span> <span class='ocrx_word' id='word_1_114' title='bbox 610 1365 741 1405; x_wconf 88' lang='lat' dir='ltr'>assequi</span> <span class='ocrx_word' id='word_1_115' title='bbox 757 1369 910 1396; x_wconf 90' lang='lat' dir='ltr'>conetur.</span> 
     </span>
     <span class='ocr_line' id='line_1_21' title="bbox 213 1413 910 1455; baseline 0.001 -11"><span class='ocrx_word' id='word_1_116' title='bbox 213 1413 282 1444; x_wconf 90' lang='lat' dir='ltr'>Pro</span> <span class='ocrx_word' id='word_1_117' title='bbox 296 1413 417 1444; x_wconf 78' lang='lat' dir='ltr'>Duram</span> <span class='ocrx_word' id='word_1_118' title='bbox 440 1413 558 1454; x_wconf 86' lang='lat' dir='ltr'>putavi</span> <span class='ocrx_word' id='word_1_119' title='bbox 581 1414 760 1455; x_wconf 85' lang='lat' dir='ltr'>aliquando</span> <span class='ocrx_word' id='word_1_120' title='bbox 777 1415 910 1455; x_wconf 88' lang='lat' dir='ltr'>legend.</span> 
     </span>
     <span class='ocr_line' id='line_1_22' title="bbox 217 1462 911 1496; baseline 0.003 -3"><span class='ocrx_word' id='word_1_121' title='bbox 217 1462 368 1493; x_wconf 80' lang='lat' dir='ltr'>Choaram</span> <span class='ocrx_word' id='word_1_122' title='bbox 391 1472 433 1493; x_wconf 88' lang='lat' dir='ltr'>ex</span> <span class='ocrx_word' id='word_1_123' title='bbox 456 1463 559 1493; x_wconf 85' lang='lat' dir='ltr'>Plinii</span> <span class='ocrx_word' id='word_1_124' title='bbox 582 1472 629 1495; x_wconf 91' lang='lat' dir='ltr'>v1.</span> <span class='ocrx_word' id='word_1_125' title='bbox 647 1467 697 1494; x_wconf 89' lang='lat'>15.</span> <span class='ocrx_word' id='word_1_126' title='bbox 718 1464 777 1494; x_wconf 90' lang='lat' dir='ltr'>sed</span> <span class='ocrx_word' id='word_1_127' title='bbox 795 1464 911 1496; x_wconf 87' lang='lat' dir='ltr'>videat</span> 
     </span>
     <span class='ocr_line' id='line_1_23' title="bbox 213 1512 911 1553; baseline 0.003 -11"><span class='ocrx_word' id='word_1_128' title='bbox 213 1512 335 1551; x_wconf 91' lang='lat' dir='ltr'>lector,</span> <span class='ocrx_word' id='word_1_129' title='bbox 350 1522 391 1542; x_wconf 89' lang='lat' dir='ltr'>an</span> <span class='ocrx_word' id='word_1_130' title='bbox 413 1521 456 1542; x_wconf 84' lang='lat' dir='ltr'>ex</span> <span class='ocrx_word' id='word_1_131' title='bbox 480 1522 554 1552; x_wconf 90' lang='lat' dir='ltr'>cap.</span> <span class='ocrx_word' id='word_1_132' title='bbox 571 1515 622 1543; x_wconf 85' lang='lat'>16.</span> <span class='ocrx_word' id='word_1_133' title='bbox 646 1512 779 1544; x_wconf 86' lang='lat' dir='ltr'>facilius</span> <span class='ocrx_word' id='word_1_134' title='bbox 803 1514 911 1553; x_wconf 87' lang='lat' dir='ltr'>possit</span> 
     </span>
     <span class='ocr_line' id='line_1_24' title="bbox 213 1562 911 1604; baseline 0.003 -12"><span class='ocrx_word' id='word_1_135' title='bbox 213 1562 287 1592; x_wconf 84' lang='lat' dir='ltr'>erui</span> <span class='ocrx_word' id='word_1_136' title='bbox 303 1572 383 1593; x_wconf 91' lang='lat' dir='ltr'>vera</span> <span class='ocrx_word' id='word_1_137' title='bbox 399 1562 514 1593; x_wconf 89' lang='lat' dir='ltr'>lectio.</span> <span class='ocrx_word' id='word_1_138' title='bbox 545 1563 554 1579; x_wconf 87' lang='lat'>‘</span> <span class='ocrx_word' id='word_1_139' title='bbox 573 1562 602 1592; x_wconf 77' lang='lat' dir='ltr'>A</span> <span class='ocrx_word' id='word_1_140' title='bbox 621 1563 777 1603; x_wconf 81' lang='lat' dir='ltr'>CaspiiS,&#39;</span> <span class='ocrx_word' id='word_1_141' title='bbox 790 1563 911 1604; x_wconf 87' lang='lat' dir='ltr'>inquit,</span> 
     </span>
     <span class='ocr_line' id='line_1_25' title="bbox 213 1612 910 1652; baseline 0.001 -10"><span class='ocrx_word' id='word_1_142' title='bbox 213 1612 223 1628; x_wconf 90' lang='lat'>‘</span> <span class='ocrx_word' id='word_1_143' title='bbox 242 1612 407 1643; x_wconf 89' lang='lat' dir='ltr'>orientem</span> <span class='ocrx_word' id='word_1_144' title='bbox 424 1621 540 1642; x_wconf 86' lang='lat' dir='ltr'>versus</span> <span class='ocrx_word' id='word_1_145' title='bbox 561 1613 655 1652; x_wconf 83' lang='lat' dir='ltr'>regio</span> <span class='ocrx_word' id='word_1_146' title='bbox 672 1617 724 1643; x_wconf 88' lang='lat' dir='ltr'>est</span> <span class='ocrx_word' id='word_1_147' title='bbox 740 1613 910 1652; x_wconf 86' lang='lat' dir='ltr'>Zapavor-</span> 
     </span>
     <span class='ocr_line' id='line_1_26' title="bbox 211 1661 909 1702; baseline 0.001 -10"><span class='ocrx_word' id='word_1_148' title='bbox 211 1666 292 1692; x_wconf 90' lang='lat' dir='ltr'>tene</span> <span class='ocrx_word' id='word_1_149' title='bbox 306 1663 407 1701; x_wconf 86' lang='lat' dir='ltr'>dicta,</span> <span class='ocrx_word' id='word_1_150' title='bbox 421 1667 454 1692; x_wconf 89' lang='lat' dir='ltr'>et</span> <span class='ocrx_word' id='word_1_151' title='bbox 470 1662 504 1692; x_wconf 91' lang='lat' dir='ltr'>in</span> <span class='ocrx_word' id='word_1_152' title='bbox 517 1671 555 1693; x_wconf 87' lang='lat' dir='ltr'>ea</span> <span class='ocrx_word' id='word_1_153' title='bbox 570 1661 758 1693; x_wconf 83' lang='lat' dir='ltr'>fertilitatis</span> <span class='ocrx_word' id='word_1_154' title='bbox 773 1663 909 1702; x_wconf 81' lang='lat' dir='ltr'>inclytae</span> 
     </span>
     <span class='ocr_line' id='line_1_27' title="bbox 211 1711 910 1744; baseline 0 -2"><span class='ocrx_word' id='word_1_155' title='bbox 211 1711 304 1743; x_wconf 88' lang='lat' dir='ltr'>locus</span> <span class='ocrx_word' id='word_1_156' title='bbox 321 1712 484 1742; x_wconf 87' lang='lat' dir='ltr'>Darienm</span> <span class='ocrx_word' id='word_1_157' title='bbox 507 1711 645 1744; x_wconf 66' lang='lat' dir='ltr'>dictus!</span> <span class='ocrx_word' id='word_1_158' title='bbox 689 1712 741 1743; x_wconf 89' lang='lat' dir='ltr'>Ibi</span> <span class='ocrx_word' id='word_1_159' title='bbox 764 1712 910 1743; x_wconf 89' lang='lat' dir='ltr'>Hermo-</span> 
     </span>
     <span class='ocr_line' id='line_1_28' title="bbox 213 1761 909 1803; baseline 0.001 -12"><span class='ocrx_word' id='word_1_160' title='bbox 213 1761 285 1791; x_wconf 90' lang='lat' dir='ltr'>laus</span> <span class='ocrx_word' id='word_1_161' title='bbox 315 1761 426 1792; x_wconf 82' lang='lat' dir='ltr'>Dasan</span> <span class='ocrx_word' id='word_1_162' title='bbox 449 1762 480 1792; x_wconf 89' lang='lat' dir='ltr'>h.</span> <span class='ocrx_word' id='word_1_163' title='bbox 507 1762 529 1792; x_wconf 93' lang='lat' dir='ltr'>l.</span> <span class='ocrx_word' id='word_1_164' title='bbox 559 1762 656 1803; x_wconf 83' lang='lat' dir='ltr'>legit,</span> <span class='ocrx_word' id='word_1_165' title='bbox 680 1771 746 1793; x_wconf 90' lang='lat' dir='ltr'>non</span> <span class='ocrx_word' id='word_1_166' title='bbox 776 1763 909 1794; x_wconf 80' lang='lat' dir='ltr'>Dar-am.</span> 
     </span>
     <span class='ocr_line' id='line_1_29' title="bbox 212 1811 908 1850; baseline 0.003 -8"><span class='ocrx_word' id='word_1_167' title='bbox 212 1811 376 1850; x_wconf 87' lang='lat' dir='ltr'>Bongars.</span> <span class='ocrx_word' id='word_1_168' title='bbox 410 1811 489 1841; x_wconf 87' lang='lat' dir='ltr'>Vid.</span> <span class='ocrx_word' id='word_1_169' title='bbox 506 1812 648 1842; x_wconf 88' lang='lat' dir='ltr'>Salmas.</span> <span class='ocrx_word' id='word_1_170' title='bbox 666 1812 698 1842; x_wconf 91' lang='lat' dir='ltr'>in</span> <span class='ocrx_word' id='word_1_171' title='bbox 715 1812 819 1843; x_wconf 91' lang='lat' dir='ltr'>Solin.</span> <span class='ocrx_word' id='word_1_172' title='bbox 835 1815 908 1844; x_wconf 81' lang='lat'>982.</span> 
     </span>
     <span class='ocr_line' id='line_1_30' title="bbox 210 1860 906 1894; baseline 0.003 -3"><span class='ocrx_word' id='word_1_173' title='bbox 210 1860 245 1891; x_wconf 91' lang='lat' dir='ltr'>b.</span> <span class='ocrx_word' id='word_1_174' title='bbox 291 1861 400 1893; x_wconf 85' lang='lat' dir='ltr'>Quem</span> <span class='ocrx_word' id='word_1_175' title='bbox 416 1860 544 1892; x_wconf 86' lang='lat' dir='ltr'>refutat</span> <span class='ocrx_word' id='word_1_176' title='bbox 564 1862 728 1893; x_wconf 90' lang='lat' dir='ltr'>Petavius</span> <span class='ocrx_word' id='word_1_177' title='bbox 750 1861 784 1892; x_wconf 91' lang='lat' dir='ltr'>in</span> <span class='ocrx_word' id='word_1_178' title='bbox 804 1862 906 1894; x_wconf 87' lang='lat' dir='ltr'>Misc.</span> 
     </span>
     <span class='ocr_line' id='line_1_31' title="bbox 210 1910 620 1951; baseline 0.007 -11"><span class='ocrx_word' id='word_1_179' title='bbox 210 1910 362 1942; x_wconf 81' lang='lat' dir='ltr'>Exercit.</span> <span class='ocrx_word' id='word_1_180' title='bbox 379 1921 410 1951; x_wconf 91' lang='lat' dir='ltr'>p.</span> <span class='ocrx_word' id='word_1_181' title='bbox 423 1913 497 1942; x_wconf 82' lang='lat'>382.</span> <span class='ocrx_word' id='word_1_182' title='bbox 522 1912 620 1943; x_wconf 85' lang='lat' dir='ltr'>Bern.</span> 
     </span>
    </p>

    <p class='ocr_par' dir='ltr' id='par_1_7' title="bbox 209 1960 907 2302">
     <span class='ocr_line' id='line_1_32' title="bbox 252 1960 906 2002; baseline 0.002 -11"><span class='ocrx_word' id='word_1_183' title='bbox 252 1961 373 1992; x_wconf 79' lang='lat' dir='ltr'>Duram</span> <span class='ocrx_word' id='word_1_184' title='bbox 387 1960 420 1991; x_wconf 83' lang='lat' dir='ltr'>in</span> <span class='ocrx_word' id='word_1_185' title='bbox 435 1964 534 1992; x_wconf 83' lang='lat' dir='ltr'>monte</span> <span class='ocrx_word' id='word_1_186' title='bbox 549 1961 775 2002; x_wconf 74' lang='lat' dir='ltr'>Apavorticeno</span> <span class='ocrx_word' id='word_1_187' title='bbox 786 1962 906 2002; x_wconf 80' lang='lat' dir='ltr'>condit]</span> 
     </span>
     <span class='ocr_line' id='line_1_33' title="bbox 209 2011 905 2053; baseline 0.001 -11"><span class='ocrx_word' id='word_1_188' title='bbox 209 2011 288 2052; x_wconf 90' lang='lat' dir='ltr'>Sup.</span> <span class='ocrx_word' id='word_1_189' title='bbox 312 2021 444 2053; x_wconf 90' lang='lat' dir='ltr'>quoque</span> <span class='ocrx_word' id='word_1_190' title='bbox 467 2013 619 2044; x_wconf 87' lang='lat' dir='ltr'>meminit</span> <span class='ocrx_word' id='word_1_191' title='bbox 645 2013 761 2053; x_wconf 85' lang='lat' dir='ltr'>Darae,</span> <span class='ocrx_word' id='word_1_192' title='bbox 786 2019 823 2044; x_wconf 91' lang='lat' dir='ltr'>ut</span> <span class='ocrx_word' id='word_1_193' title='bbox 846 2023 905 2044; x_wconf 89' lang='lat' dir='ltr'>nos</span> 
     </span>
     <span class='ocr_line' id='line_1_34' title="bbox 209 2062 907 2104; baseline 0.003 -12"><span class='ocrx_word' id='word_1_194' title='bbox 209 2062 426 2093; x_wconf 86' lang='lat' dir='ltr'>ostendimus.</span> <span class='ocrx_word' id='word_1_195' title='bbox 471 2062 517 2092; x_wconf 88' lang='lat' dir='ltr'>H.</span> <span class='ocrx_word' id='word_1_196' title='bbox 555 2073 635 2094; x_wconf 89' lang='lat' dir='ltr'>vero</span> <span class='ocrx_word' id='word_1_197' title='bbox 674 2064 694 2095; x_wconf 91' lang='lat' dir='ltr'>l.</span> <span class='ocrx_word' id='word_1_198' title='bbox 725 2073 785 2104; x_wconf 89' lang='lat' dir='ltr'>pro</span> <span class='ocrx_word' id='word_1_199' title='bbox 816 2063 907 2094; x_wconf 82' lang='lat' dir='ltr'>Dara</span> 
     </span>
     <span class='ocr_line' id='line_1_35' title="bbox 209 2111 905 2144; baseline 0.001 -2"><span class='ocrx_word' id='word_1_200' title='bbox 209 2112 350 2142; x_wconf 89' lang='lat' dir='ltr'>doctiss.</span> <span class='ocrx_word' id='word_1_201' title='bbox 385 2111 587 2142; x_wconf 83' lang='lat' dir='ltr'>Schicardus</span> <span class='ocrx_word' id='word_1_202' title='bbox 620 2122 663 2143; x_wconf 86' lang='lat' dir='ltr'>ex</span> <span class='ocrx_word' id='word_1_203' title='bbox 693 2122 753 2143; x_wconf 90' lang='lat' dir='ltr'>sua</span> <span class='ocrx_word' id='word_1_204' title='bbox 785 2113 905 2144; x_wconf 88' lang='lat' dir='ltr'>Tarich</span> 
     </span>
     <span class='ocr_line' id='line_1_36' title="bbox 209 2160 905 2201; baseline 0.001 -10"><span class='ocrx_word' id='word_1_205' title='bbox 209 2161 351 2192; x_wconf 89' lang='lat' dir='ltr'>Persica</span> <span class='ocrx_word' id='word_1_206' title='bbox 386 2160 532 2201; x_wconf 86' lang='lat' dir='ltr'>putabat</span> <span class='ocrx_word' id='word_1_207' title='bbox 569 2161 775 2193; x_wconf 84' lang='lat' dir='ltr'>rescribend.</span> <span class='ocrx_word' id='word_1_208' title='bbox 809 2163 905 2201; x_wconf 84' lang='lat' dir='ltr'>Asca,</span> 
     </span>
     <span class='ocr_line' id='line_1_37' title="bbox 209 2211 907 2252; baseline 0.001 -10"><span class='ocrx_word' id='word_1_209' title='bbox 209 2211 298 2252; x_wconf 91' lang='lat' dir='ltr'>quod</span> <span class='ocrx_word' id='word_1_210' title='bbox 320 2211 502 2251; x_wconf 87' lang='lat' dir='ltr'>reperisset</span> <span class='ocrx_word' id='word_1_211' title='bbox 517 2211 680 2242; x_wconf 81' lang='lat' dir='ltr'>Arsacem</span> <span class='ocrx_word' id='word_1_212' title='bbox 697 2212 812 2243; x_wconf 88' lang='lat' dir='ltr'>urbem</span> <span class='ocrx_word' id='word_1_213' title='bbox 829 2222 907 2243; x_wconf 90' lang='lat' dir='ltr'>con·</span> 
     </span>
     <span class='ocr_line' id='line_1_38' title="bbox 211 2260 907 2302; baseline 0.001 -11"><span class='ocrx_word' id='word_1_214' title='bbox 211 2261 349 2300; x_wconf 82' lang='lat' dir='ltr'>didisse,</span> <span class='ocrx_word' id='word_1_215' title='bbox 365 2271 465 2302; x_wconf 88' lang='lat' dir='ltr'>quam</span> <span class='ocrx_word' id='word_1_216' title='bbox 488 2260 531 2291; x_wconf 90' lang='lat' dir='ltr'>de</span> <span class='ocrx_word' id='word_1_217' title='bbox 557 2270 616 2292; x_wconf 91' lang='lat' dir='ltr'>suo</span> <span class='ocrx_word' id='word_1_218' title='bbox 639 2261 772 2292; x_wconf 89' lang='lat' dir='ltr'>nomine</span> <span class='ocrx_word' id='word_1_219' title='bbox 791 2263 907 2302; x_wconf 87' lang='lat' dir='ltr'>appel-</span> 
     </span>
    </p>
   </div>
   <div class='ocr_carea' id='block_1_3' title="bbox 210 2316 905 2431">
    <p class='ocr_par' dir='ltr' id='par_1_8' title="bbox 210 2316 905 2431">
     <span class='ocr_line' id='line_1_39' title="bbox 210 2316 905 2398; baseline 0.001 -17"><span class='ocrx_word' id='word_1_220' title='bbox 210 2350 289 2382; x_wconf 81' lang='lat' dir='ltr'>larit</span> <span class='ocrx_word' id='word_1_221' title='bbox 307 2316 428 2398; x_wconf 46' lang='lat'>‘31:⁴5&#39;-</span> <span class='ocrx_word' id='word_1_222' title='bbox 468 2350 535 2381; x_wconf 87' lang='lat' dir='ltr'>Sed</span> <span class='ocrx_word' id='word_1_223' title='bbox 551 2351 624 2382; x_wconf 86' lang='lat' dir='ltr'>haec</span> <span class='ocrx_word' id='word_1_224' title='bbox 639 2350 706 2381; x_wconf 90' lang='lat' dir='ltr'>alia</span> <span class='ocrx_word' id='word_1_225' title='bbox 720 2355 783 2383; x_wconf 85' lang='lat' dir='ltr'>est.</span> <span class='ocrx_word' id='word_1_226' title='bbox 810 2352 905 2382; x_wconf 88' lang='lat' dir='ltr'>Dara</span> 
     </span>
     <span class='ocr_line' id='line_1_40' title="bbox 330 2416 342 2431; baseline 0 -1"><span class='ocrx_word' id='word_1_227' title='bbox 330 2416 342 2431; x_wconf 76' lang='lat' dir='ltr'><em>t</em></span> 
     </span>
    </p>
   </div>
   <div class='ocr_carea' id='block_1_4' title="bbox 209 2459 906 2905">
    <p class='ocr_par' dir='ltr' id='par_1_9' title="bbox 209 2459 906 2905">
     <span class='ocr_line' id='line_1_41' title="bbox 211 2459 905 2500; baseline 0.003 -11"><span class='ocrx_word' id='word_1_228' title='bbox 211 2459 299 2490; x_wconf 90' lang='lat' dir='ltr'>enim</span> <span class='ocrx_word' id='word_1_229' title='bbox 316 2459 358 2489; x_wconf 87' lang='lat' dir='ltr'>ad</span> <span class='ocrx_word' id='word_1_230' title='bbox 383 2459 525 2499; x_wconf 85' lang='lat' dir='ltr'>Caspias</span> <span class='ocrx_word' id='word_1_231' title='bbox 547 2460 665 2500; x_wconf 90' lang='lat' dir='ltr'>Pylas,</span> <span class='ocrx_word' id='word_1_232' title='bbox 686 2460 759 2491; x_wconf 82' lang='lat' dir='ltr'>haec</span> <span class='ocrx_word' id='word_1_233' title='bbox 776 2470 855 2491; x_wconf 86' lang='lat' dir='ltr'>vero</span> <span class='ocrx_word' id='word_1_234' title='bbox 871 2459 905 2491; x_wconf 90' lang='lat' dir='ltr'>in</span> 
     </span>
     <span class='ocr_line' id='line_1_42' title="bbox 211 2510 905 2551; baseline 0 -10"><span class='ocrx_word' id='word_1_235' title='bbox 211 2510 395 2551; x_wconf 85' lang='lat' dir='ltr'>Hyrcania.</span> <span class='ocrx_word' id='word_1_236' title='bbox 442 2510 588 2541; x_wconf 83' lang='lat' dir='ltr'>Videtur</span> <span class='ocrx_word' id='word_1_237' title='bbox 617 2510 686 2551; x_wconf 90' lang='lat' dir='ltr'>huj.</span> <span class='ocrx_word' id='word_1_238' title='bbox 715 2511 905 2541; x_wconf 87' lang='lat' dir='ltr'>meminisse</span> 
     </span>
     <span class='ocr_line' id='line_1_43' title="bbox 209 2559 906 2591; baseline -0.001 0"><span class='ocrx_word' id='word_1_239' title='bbox 209 2559 359 2591; x_wconf 79' lang='lat' dir='ltr'>Isidorus</span> <span class='ocrx_word' id='word_1_240' title='bbox 386 2560 618 2591; x_wconf 81' lang='lat' dir='ltr'>Cliaracenus:</span> <span class='ocrx_word' id='word_1_241' title='bbox 653 2561 808 2591; x_wconf 84' lang='grc' dir='ltr'>Ἐντεῦθεν</span> <span class='ocrx_word' id='word_1_242' title='bbox 833 2560 906 2590; x_wconf 78' lang='grc' dir='ltr'>Ἀσ-</span> 
     </span>
     <span class='ocr_line' id='line_1_44' title="bbox 210 2610 905 2653; baseline 0.004 -13"><span class='ocrx_word' id='word_1_243' title='bbox 210 2610 327 2648; x_wconf 77' lang='grc' dir='ltr'>ταυηνὴ</span> <span class='ocrx_word' id='word_1_244' title='bbox 348 2612 466 2650; x_wconf 80' lang='grc' dir='ltr'>σχοῖνοι</span> <span class='ocrx_word' id='word_1_245' title='bbox 485 2610 518 2650; x_wconf 80' lang='grc' dir='ltr'>ξ’.</span> <span class='ocrx_word' id='word_1_246' title='bbox 543 2612 575 2641; x_wconf 89' lang='grc' dir='ltr'>ἐν</span> <span class='ocrx_word' id='word_1_247' title='bbox 589 2610 609 2653; x_wconf 77' lang='grc' dir='ltr'>ᾗ</span> <span class='ocrx_word' id='word_1_248' title='bbox 621 2614 716 2651; x_wconf 81' lang='grc' dir='ltr'>κῶμαι</span> <span class='ocrx_word' id='word_1_249' title='bbox 732 2610 783 2647; x_wconf 84' lang='grc' dir='ltr'>ιβ’.</span> <span class='ocrx_word' id='word_1_250' title='bbox 808 2612 839 2642; x_wconf 86' lang='grc' dir='ltr'>ἐν</span> <span class='ocrx_word' id='word_1_251' title='bbox 859 2611 905 2643; x_wconf 72' lang='grc' dir='ltr'>αἷς</span> 
     </span>
     <span class='ocr_line' id='line_1_45' title="bbox 212 2660 906 2704; baseline 0.003 -13"><span class='ocrx_word' id='word_1_252' title='bbox 212 2660 341 2699; x_wconf 76' lang='grc' dir='ltr'>σταθμοὶ</span> <span class='ocrx_word' id='word_1_253' title='bbox 357 2661 408 2697; x_wconf 86' lang='grc' dir='ltr'>ιβ’.</span> <span class='ocrx_word' id='word_1_254' title='bbox 431 2661 517 2692; x_wconf 82' lang='grc' dir='ltr'>πόλις</span> <span class='ocrx_word' id='word_1_255' title='bbox 538 2661 570 2693; x_wconf 86' lang='grc' dir='ltr'>δὲ</span> <span class='ocrx_word' id='word_1_256' title='bbox 595 2662 724 2701; x_wconf 81' lang='grc' dir='ltr'>Ἀσαὰκ,</span> <span class='ocrx_word' id='word_1_257' title='bbox 748 2663 780 2693; x_wconf 86' lang='grc' dir='ltr'>ἐν</span> <span class='ocrx_word' id='word_1_258' title='bbox 798 2661 818 2704; x_wconf 77' lang='grc' dir='ltr'><strong><em>ᾖ</em></strong></span> <span class='ocrx_word' id='word_1_259' title='bbox 837 2663 906 2703; x_wconf 81' lang='grc' dir='ltr'>Ἀρ·</span> 
     </span>
     <span class='ocr_line' id='line_1_46' title="bbox 214 2711 905 2753; baseline 0.004 -11"><span class='ocrx_word' id='word_1_260' title='bbox 214 2711 310 2748; x_wconf 80' lang='grc' dir='ltr'><strong><em>σάκης</em></strong></span> <span class='ocrx_word' id='word_1_261' title='bbox 334 2715 449 2752; x_wconf 78' lang='grc' dir='ltr'>πρῶτος</span> <span class='ocrx_word' id='word_1_262' title='bbox 473 2712 619 2748; x_wconf 81' lang='grc' dir='ltr'>βασιλεὺς</span> <span class='ocrx_word' id='word_1_263' title='bbox 644 2713 820 2753; x_wconf 83' lang='grc' dir='ltr'>ἀπεδείχθη·</span> <span class='ocrx_word' id='word_1_264' title='bbox 854 2714 905 2745; x_wconf 79' lang='grc' dir='ltr'>καὶ</span> 
     </span>
     <span class='ocr_line' id='line_1_47' title="bbox 211 2761 906 2804; baseline 0.006 -13"><span class='ocrx_word' id='word_1_265' title='bbox 211 2761 399 2801; x_wconf 79' lang='grc' dir='ltr'>φυλάττεται</span> <span class='ocrx_word' id='word_1_266' title='bbox 417 2763 544 2794; x_wconf 79' lang='grc' dir='ltr'>ἐνταῦθα</span> <span class='ocrx_word' id='word_1_267' title='bbox 567 2764 624 2804; x_wconf 81' lang='grc' dir='ltr'>πῦρ</span> <span class='ocrx_word' id='word_1_268' title='bbox 645 2762 805 2795; x_wconf 77' lang='grc' dir='ltr'>ἀθάνατον.</span> <span class='ocrx_word' id='word_1_269' title='bbox 849 2764 906 2795; x_wconf 86' lang='lat' dir='ltr'>Ita</span> 
     </span>
     <span class='ocr_line' id='line_1_48' title="bbox 213 2813 905 2854; baseline 0.003 -11"><span class='ocrx_word' id='word_1_270' title='bbox 213 2813 302 2844; x_wconf 89' lang='lat' dir='ltr'>enim</span> <span class='ocrx_word' id='word_1_271' title='bbox 327 2814 458 2854; x_wconf 88' lang='lat' dir='ltr'>legend.</span> <span class='ocrx_word' id='word_1_272' title='bbox 481 2819 534 2845; x_wconf 89' lang='lat' dir='ltr'>est</span> <span class='ocrx_word' id='word_1_273' title='bbox 556 2814 613 2845; x_wconf 90' lang='lat' dir='ltr'>ille</span> <span class='ocrx_word' id='word_1_274' title='bbox 638 2815 660 2846; x_wconf 93' lang='lat'>1.</span> <span class='ocrx_word' id='word_1_275' title='bbox 704 2813 773 2845; x_wconf 87' lang='lat' dir='ltr'>Alii</span> <span class='ocrx_word' id='word_1_276' title='bbox 790 2818 905 2845; x_wconf 86' lang='lat' dir='ltr'>tamen</span> 
     </span>
     <span class='ocr_line' id='line_1_49' title="bbox 211 2862 904 2905; baseline 0.004 -12"><span class='ocrx_word' id='word_1_277' title='bbox 211 2862 388 2895; x_wconf 81' lang='lat' dir='ltr'>Arsaciam</span> <span class='ocrx_word' id='word_1_278' title='bbox 424 2869 546 2896; x_wconf 86' lang='lat' dir='ltr'>vocant</span> <span class='ocrx_word' id='word_1_279' title='bbox 579 2863 695 2895; x_wconf 88' lang='lat' dir='ltr'>urbem</span> <span class='ocrx_word' id='word_1_280' title='bbox 729 2864 830 2905; x_wconf 85' lang='lat' dir='ltr'>illam,</span> <span class='ocrx_word' id='word_1_281' title='bbox 868 2869 904 2896; x_wconf 91' lang='lat' dir='ltr'>et</span> 
     </span>
    </p>
   </div>
   <div class='ocr_carea' id='block_1_5' title="bbox 960 350 1670 393">
    <p class='ocr_par' dir='ltr' id='par_1_10' title="bbox 960 350 1670 393">
     <span class='ocr_line' id='line_1_50' title="bbox 960 350 1670 393; baseline -0.001 0"><span class='ocrx_word' id='word_1_282' title='bbox 960 362 1064 393; x_wconf 78' lang='lat' dir='ltr'>xm.</span> <span class='ocrx_word' id='word_1_283' title='bbox 1095 362 1202 392; x_wconf 75' lang='lat' dir='ltr'>cAP.</span> <span class='ocrx_word' id='word_1_284' title='bbox 1232 352 1272 393; x_wconf 84' lang='lat'>5.</span> <span class='ocrx_word' id='word_1_285' title='bbox 1556 350 1670 392; x_wconf 87' lang='grc'><strong>1017</strong></span> 
     </span>
    </p>
   </div>
   <div class='ocr_carea' id='block_1_6' title="bbox 953 455 1672 2898">
    <p class='ocr_par' dir='ltr' id='par_1_11' title="bbox 964 455 1672 736">
     <span class='ocr_line' id='line_1_51' title="bbox 967 455 1670 496; baseline 0.001 -10"><span class='ocrx_word' id='word_1_286' title='bbox 967 455 1069 486; x_wconf 85' lang='lat' dir='ltr'>eand.</span> <span class='ocrx_word' id='word_1_287' title='bbox 1098 465 1138 486; x_wconf 95' lang='lat' dir='ltr'>ac</span> <span class='ocrx_word' id='word_1_288' title='bbox 1170 456 1294 496; x_wconf 84' lang='lat' dir='ltr'>Ragas,</span> <span class='ocrx_word' id='word_1_289' title='bbox 1323 455 1507 495; x_wconf 90' lang='lat' dir='ltr'>Europum,</span> <span class='ocrx_word' id='word_1_290' title='bbox 1536 456 1670 487; x_wconf 87' lang='lat' dir='ltr'>Duram</span> 
     </span>
     <span class='ocr_line' id='line_1_52' title="bbox 965 504 1671 545; baseline 0 -10"><span class='ocrx_word' id='word_1_291' title='bbox 965 504 1108 536; x_wconf 86' lang='lat' dir='ltr'>faciunt.</span> <span class='ocrx_word' id='word_1_292' title='bbox 1153 505 1220 536; x_wconf 88' lang='lat' dir='ltr'>Sed</span> <span class='ocrx_word' id='word_1_293' title='bbox 1244 505 1357 545; x_wconf 89' lang='lat' dir='ltr'>plures</span> <span class='ocrx_word' id='word_1_294' title='bbox 1380 515 1440 536; x_wconf 91' lang='lat' dir='ltr'>suo</span> <span class='ocrx_word' id='word_1_295' title='bbox 1461 505 1597 536; x_wconf 90' lang='lat' dir='ltr'>nomine</span> <span class='ocrx_word' id='word_1_296' title='bbox 1619 505 1671 535; x_wconf 92' lang='lat' dir='ltr'>in-</span> 
     </span>
     <span class='ocr_line' id='line_1_53' title="bbox 964 554 1672 595; baseline 0.001 -10"><span class='ocrx_word' id='word_1_297' title='bbox 964 555 1104 595; x_wconf 85' lang='lat' dir='ltr'>signitas</span> <span class='ocrx_word' id='word_1_298' title='bbox 1121 555 1221 585; x_wconf 90' lang='lat' dir='ltr'>urbes</span> <span class='ocrx_word' id='word_1_299' title='bbox 1245 559 1379 586; x_wconf 84' lang='lat' dir='ltr'>constat</span> <span class='ocrx_word' id='word_1_300' title='bbox 1400 554 1565 587; x_wconf 86' lang='lat' dir='ltr'>Arsacem</span> <span class='ocrx_word' id='word_1_301' title='bbox 1592 565 1672 586; x_wconf 92' lang='lat' dir='ltr'>con-</span> 
     </span>
     <span class='ocr_line' id='line_1_54' title="bbox 964 604 1670 636; baseline 0.003 -2"><span class='ocrx_word' id='word_1_302' title='bbox 964 604 1103 636; x_wconf 89' lang='lat' dir='ltr'>didisse.</span> <span class='ocrx_word' id='word_1_303' title='bbox 1147 605 1271 635; x_wconf 86' lang='lat' dir='ltr'>Verum</span> <span class='ocrx_word' id='word_1_304' title='bbox 1308 604 1381 636; x_wconf 84' lang='lat' dir='ltr'>haec</span> <span class='ocrx_word' id='word_1_305' title='bbox 1423 604 1670 636; x_wconf 83' lang='lat' dir='ltr'>confusissima.</span> 
     </span>
     <span class='ocr_line' id='line_1_55' title="bbox 964 653 1668 688; baseline 0.003 -4"><span class='ocrx_word' id='word_1_306' title='bbox 964 653 1057 685; x_wconf 84' lang='lat' dir='ltr'>Alibi</span> <span class='ocrx_word' id='word_1_307' title='bbox 1073 654 1115 685; x_wconf 90' lang='lat' dir='ltr'>de</span> <span class='ocrx_word' id='word_1_308' title='bbox 1131 654 1171 685; x_wconf 88' lang='lat' dir='ltr'>iis</span> <span class='ocrx_word' id='word_1_309' title='bbox 1195 655 1261 685; x_wconf 89' lang='lat' dir='ltr'>erit</span> <span class='ocrx_word' id='word_1_310' title='bbox 1284 653 1390 685; x_wconf 81' lang='lat' dir='ltr'>fusior</span> <span class='ocrx_word' id='word_1_311' title='bbox 1407 654 1545 686; x_wconf 87' lang='lat' dir='ltr'>dicendi</span> <span class='ocrx_word' id='word_1_312' title='bbox 1560 656 1668 688; x_wconf 88' lang='lat' dir='ltr'>loeus.</span> 
     </span>
     <span class='ocr_line' id='line_1_56' title="bbox 969 704 1055 736; baseline -0.012 -2"><span class='ocrx_word' id='word_1_313' title='bbox 969 704 1055 736; x_wconf 87' lang='lat' dir='ltr'>Voss.</span> 
     </span>
    </p>

    <p class='ocr_par' dir='ltr' id='par_1_12' title="bbox 960 754 1669 1234">
     <span class='ocr_line' id='line_1_57' title="bbox 1006 754 1669 796; baseline 0.003 -12"><span class='ocrx_word' id='word_1_314' title='bbox 1006 754 1045 785; x_wconf 86' lang='lat' dir='ltr'>In</span> <span class='ocrx_word' id='word_1_315' title='bbox 1068 757 1171 785; x_wconf 83' lang='lat' dir='ltr'>monte</span> <span class='ocrx_word' id='word_1_316' title='bbox 1185 755 1416 796; x_wconf 80' lang='lat' dir='ltr'>Zapaortenon]</span> <span class='ocrx_word' id='word_1_317' title='bbox 1447 756 1597 796; x_wconf 78' lang='lat' dir='ltr'>Legend.</span> <span class='ocrx_word' id='word_1_318' title='bbox 1622 756 1669 787; x_wconf 89' lang='lat' dir='ltr'>vi-</span> 
     </span>
     <span class='ocr_line' id='line_1_58' title="bbox 963 803 1666 845; baseline 0.003 -11"><span class='ocrx_word' id='word_1_319' title='bbox 963 803 1064 835; x_wconf 88' lang='lat' dir='ltr'>detur</span> <span class='ocrx_word' id='word_1_320' title='bbox 1079 805 1283 845; x_wconf 76' lang='lat' dir='ltr'>Zapaorteno.</span> <span class='ocrx_word' id='word_1_321' title='bbox 1323 805 1429 844; x_wconf 85' lang='lat' dir='ltr'>Regio</span> <span class='ocrx_word' id='word_1_322' title='bbox 1445 806 1666 845; x_wconf 85' lang='lat' dir='ltr'>Zapaortena</span> 
     </span>
     <span class='ocr_line' id='line_1_59' title="bbox 963 854 1666 887; baseline 0.004 -3"><span class='ocrx_word' id='word_1_323' title='bbox 963 858 1105 884; x_wconf 87' lang='lat' dir='ltr'>vocatur</span> <span class='ocrx_word' id='word_1_324' title='bbox 1121 864 1139 884; x_wconf 91' lang='lat' dir='ltr'>a</span> <span class='ocrx_word' id='word_1_325' title='bbox 1155 854 1245 885; x_wconf 90' lang='lat' dir='ltr'>Plin.</span> <span class='ocrx_word' id='word_1_326' title='bbox 1260 863 1311 884; x_wconf 83' lang='grc' dir='ltr'>νῐ.</span> <span class='ocrx_word' id='word_1_327' title='bbox 1329 855 1374 885; x_wconf 90' lang='lat' dir='ltr'>N.</span> <span class='ocrx_word' id='word_1_328' title='bbox 1391 854 1436 886; x_wconf 92' lang='lat' dir='ltr'>H.</span> <span class='ocrx_word' id='word_1_329' title='bbox 1452 857 1503 885; x_wconf 85' lang='lat'>16.</span> <span class='ocrx_word' id='word_1_330' title='bbox 1528 856 1666 887; x_wconf 79' lang='lat' dir='ltr'>Gronov.</span> 
     </span>
     <span class='ocr_line' id='line_1_60' title="bbox 961 903 1668 944; baseline 0.004 -11"><span class='ocrx_word' id='word_1_331' title='bbox 961 904 1070 934; x_wconf 87' lang='lat' dir='ltr'>Lucas</span> <span class='ocrx_word' id='word_1_332' title='bbox 1096 903 1307 934; x_wconf 88' lang='lat' dir='ltr'>Holsteiuius</span> <span class='ocrx_word' id='word_1_333' title='bbox 1330 904 1465 944; x_wconf 85' lang='lat' dir='ltr'>legend.</span> <span class='ocrx_word' id='word_1_334' title='bbox 1491 905 1668 936; x_wconf 82' lang='lat' dir='ltr'>existimat</span> 
     </span>
     <span class='ocr_line' id='line_1_61' title="bbox 960 952 1666 993; baseline 0.003 -10"><span class='ocrx_word' id='word_1_335' title='bbox 960 953 1191 993; x_wconf 75' lang='lat' dir='ltr'>Apovartenon.</span> <span class='ocrx_word' id='word_1_336' title='bbox 1212 952 1417 993; x_wconf 80' lang='grc' dir='ltr'>Ἀπουαρτικὴ</span> <span class='ocrx_word' id='word_1_337' title='bbox 1433 953 1499 984; x_wconf 90' lang='lat' dir='ltr'>fuit</span> <span class='ocrx_word' id='word_1_338' title='bbox 1516 954 1666 986; x_wconf 86' lang='lat' dir='ltr'>Parthiae</span> 
     </span>
     <span class='ocr_line' id='line_1_62' title="bbox 962 1003 1666 1043; baseline 0.003 -10"><span class='ocrx_word' id='word_1_339' title='bbox 962 1003 1069 1043; x_wconf 86' lang='lat' dir='ltr'>regio,</span> <span class='ocrx_word' id='word_1_340' title='bbox 1086 1008 1122 1034; x_wconf 92' lang='lat' dir='ltr'>ut</span> <span class='ocrx_word' id='word_1_341' title='bbox 1145 1009 1266 1034; x_wconf 86' lang='lat' dir='ltr'>auctor</span> <span class='ocrx_word' id='word_1_342' title='bbox 1292 1008 1345 1034; x_wconf 92' lang='lat' dir='ltr'>est</span> <span class='ocrx_word' id='word_1_343' title='bbox 1369 1004 1519 1035; x_wconf 88' lang='lat' dir='ltr'>Isidorus</span> <span class='ocrx_word' id='word_1_344' title='bbox 1543 1004 1666 1035; x_wconf 87' lang='lat' dir='ltr'>Chara-</span> 
     </span>
     <span class='ocr_line' id='line_1_63' title="bbox 961 1053 1667 1094; baseline 0.001 -11"><span class='ocrx_word' id='word_1_345' title='bbox 961 1062 1075 1084; x_wconf 87' lang='lat' dir='ltr'>cenus.</span> <span class='ocrx_word' id='word_1_346' title='bbox 1108 1053 1280 1093; x_wconf 89' lang='lat' dir='ltr'>Corrupte</span> <span class='ocrx_word' id='word_1_347' title='bbox 1304 1063 1360 1094; x_wconf 87' lang='lat' dir='ltr'>ap.</span> <span class='ocrx_word' id='word_1_348' title='bbox 1386 1053 1478 1084; x_wconf 88' lang='lat' dir='ltr'>Plin.</span> <span class='ocrx_word' id='word_1_349' title='bbox 1503 1054 1667 1085; x_wconf 86' lang='lat' dir='ltr'>scribitur</span> 
     </span>
     <span class='ocr_line' id='line_1_64' title="bbox 960 1102 1666 1144; baseline 0.003 -11"><span class='ocrx_word' id='word_1_350' title='bbox 960 1104 1173 1142; x_wconf 79' lang='lat' dir='ltr'>Zupavartene</span> <span class='ocrx_word' id='word_1_351' title='bbox 1197 1113 1259 1144; x_wconf 89' lang='lat' dir='ltr'>pro</span> <span class='ocrx_word' id='word_1_352' title='bbox 1283 1102 1479 1143; x_wconf 63' lang='lat' dir='ltr'>Apovnrtene</span> <span class='ocrx_word' id='word_1_353' title='bbox 1495 1114 1505 1134; x_wconf 86' lang='lat'>.·</span> <span class='ocrx_word' id='word_1_354' title='bbox 1539 1103 1573 1133; x_wconf 90' lang='lat' dir='ltr'>in</span> <span class='ocrx_word' id='word_1_355' title='bbox 1602 1103 1666 1135; x_wconf 87' lang='lat' dir='ltr'>hac</span> 
     </span>
     <span class='ocr_line' id='line_1_65' title="bbox 961 1153 1663 1194; baseline 0.003 -10"><span class='ocrx_word' id='word_1_356' title='bbox 961 1154 1044 1184; x_wconf 86' lang='lat' dir='ltr'>situs</span> <span class='ocrx_word' id='word_1_357' title='bbox 1070 1157 1124 1184; x_wconf 87' lang='lat' dir='ltr'>est</span> <span class='ocrx_word' id='word_1_358' title='bbox 1151 1163 1246 1185; x_wconf 90' lang='lat' dir='ltr'>mons</span> <span class='ocrx_word' id='word_1_359' title='bbox 1273 1153 1513 1194; x_wconf 86' lang='lat' dir='ltr'>Apavartenon</span> <span class='ocrx_word' id='word_1_360' title='bbox 1535 1154 1663 1186; x_wconf 86' lang='lat' dir='ltr'>dictus.</span> 
     </span>
     <span class='ocr_line' id='line_1_66' title="bbox 963 1203 1071 1234; baseline 0.009 -1"><span class='ocrx_word' id='word_1_361' title='bbox 963 1203 1071 1234; x_wconf 82' lang='lat' dir='ltr'>Groev.</span> 
     </span>
    </p>

    <p class='ocr_par' dir='ltr' id='par_1_13' title="bbox 956 1252 1664 2096">
     <span class='ocr_line' id='line_1_67' title="bbox 1003 1252 1664 1292; baseline 0.002 -8"><span class='ocrx_word' id='word_1_362' title='bbox 1003 1253 1018 1292; x_wconf 83' lang='lat'>§</span> <span class='ocrx_word' id='word_1_363' title='bbox 1041 1256 1059 1284; x_wconf 87' lang='lat'><strong>3</strong></span> <span class='ocrx_word' id='word_1_364' title='bbox 1087 1253 1131 1284; x_wconf 81' lang='lat' dir='ltr'>Ut</span> <span class='ocrx_word' id='word_1_365' title='bbox 1153 1254 1252 1284; x_wconf 76' lang='lat' dir='ltr'>tutela</span> <span class='ocrx_word' id='word_1_366' title='bbox 1268 1252 1327 1284; x_wconf 80' lang='lat' dir='ltr'>loci</span> <span class='ocrx_word' id='word_1_367' title='bbox 1342 1252 1436 1284; x_wconf 78' lang='lat' dir='ltr'>nullis</span> <span class='ocrx_word' id='word_1_368' title='bbox 1450 1253 1664 1292; x_wconf 72' lang='lat' dir='ltr'>defensoribus</span> 
     </span>
     <span class='ocr_line' id='line_1_68' title="bbox 960 1302 1664 1343; baseline 0.003 -10"><span class='ocrx_word' id='word_1_369' title='bbox 960 1302 1064 1342; x_wconf 76' lang='lat' dir='ltr'>egeat]</span> <span class='ocrx_word' id='word_1_370' title='bbox 1101 1303 1169 1333; x_wconf 83' lang='lat' dir='ltr'>Vix</span> <span class='ocrx_word' id='word_1_371' title='bbox 1191 1304 1241 1334; x_wconf 88' lang='lat' dir='ltr'>ita</span> <span class='ocrx_word' id='word_1_372' title='bbox 1263 1303 1401 1343; x_wconf 76' lang='lat' dir='ltr'>scripsit</span> <span class='ocrx_word' id='word_1_373' title='bbox 1427 1304 1519 1335; x_wconf 88' lang='lat' dir='ltr'>Just.</span> <span class='ocrx_word' id='word_1_374' title='bbox 1554 1304 1664 1336; x_wconf 86' lang='lat' dir='ltr'>Quam</span> 
     </span>
     <span class='ocr_line' id='line_1_69' title="bbox 961 1353 1663 1392; baseline 0.003 -9"><span class='ocrx_word' id='word_1_375' title='bbox 961 1353 1049 1383; x_wconf 89' lang='lat' dir='ltr'>enim</span> <span class='ocrx_word' id='word_1_376' title='bbox 1066 1353 1200 1383; x_wconf 84' lang='lat' dir='ltr'>horrida</span> <span class='ocrx_word' id='word_1_377' title='bbox 1215 1353 1291 1392; x_wconf 86' lang='lat' dir='ltr'>ista,</span> <span class='ocrx_word' id='word_1_378' title='bbox 1312 1358 1349 1383; x_wconf 88' lang='lat' dir='ltr'>et</span> <span class='ocrx_word' id='word_1_379' title='bbox 1365 1353 1639 1384; x_wconf 88' lang='lat' dir='ltr'>inconvenientia</span> <span class='ocrx_word' id='word_1_380' title='bbox 1654 1364 1663 1385; x_wconf 72' lang='grc' dir='ltr'>ι</span> 
     </span>
     <span class='ocr_line' id='line_1_70' title="bbox 960 1402 1663 1443; baseline 0.003 -11"><span class='ocrx_word' id='word_1_381' title='bbox 960 1402 1071 1433; x_wconf 91' lang='lat' dir='ltr'>Locus</span> <span class='ocrx_word' id='word_1_382' title='bbox 1087 1402 1235 1443; x_wconf 84' lang='lat' dir='ltr'>cingitur</span> <span class='ocrx_word' id='word_1_383' title='bbox 1251 1402 1401 1442; x_wconf 85' lang='lat' dir='ltr'>rupibus,</span> <span class='ocrx_word' id='word_1_384' title='bbox 1417 1407 1455 1433; x_wconf 91' lang='lat' dir='ltr'>ut</span> <span class='ocrx_word' id='word_1_385' title='bbox 1472 1403 1580 1433; x_wconf 90' lang='lat' dir='ltr'>tutela</span> <span class='ocrx_word' id='word_1_386' title='bbox 1597 1403 1663 1434; x_wconf 86' lang='lat' dir='ltr'>loci</span> 
     </span>
     <span class='ocr_line' id='line_1_71' title="bbox 960 1451 1663 1493; baseline 0.004 -12"><span class='ocrx_word' id='word_1_387' title='bbox 960 1461 1026 1482; x_wconf 89' lang='lat' dir='ltr'>non</span> <span class='ocrx_word' id='word_1_388' title='bbox 1047 1457 1148 1492; x_wconf 86' lang='lat' dir='ltr'>egeat</span> <span class='ocrx_word' id='word_1_389' title='bbox 1162 1451 1421 1483; x_wconf 88' lang='lat' dir='ltr'>defensoribus?</span> <span class='ocrx_word' id='word_1_390' title='bbox 1450 1453 1494 1483; x_wconf 92' lang='lat' dir='ltr'>Et</span> <span class='ocrx_word' id='word_1_391' title='bbox 1512 1452 1593 1493; x_wconf 87' lang='lat' dir='ltr'>quid</span> <span class='ocrx_word' id='word_1_392' title='bbox 1609 1456 1663 1484; x_wconf 87' lang='lat' dir='ltr'>est</span> 
     </span>
     <span class='ocr_line' id='line_1_72' title="bbox 961 1502 1660 1545; baseline 0.003 -12"><span class='ocrx_word' id='word_1_393' title='bbox 961 1503 1071 1534; x_wconf 86' lang='lat' dir='ltr'>tutela</span> <span class='ocrx_word' id='word_1_394' title='bbox 1109 1507 1189 1542; x_wconf 87' lang='lat' dir='ltr'>eget</span> <span class='ocrx_word' id='word_1_395' title='bbox 1231 1502 1496 1534; x_wconf 87' lang='lat' dir='ltr'>defensoribus?</span> <span class='ocrx_word' id='word_1_396' title='bbox 1535 1503 1660 1545; x_wconf 90' lang='lat' dir='ltr'>Itaque</span> 
     </span>
     <span class='ocr_line' id='line_1_73' title="bbox 961 1553 1662 1594; baseline 0.001 -11"><span class='ocrx_word' id='word_1_397' title='bbox 961 1563 1155 1594; x_wconf 89' lang='lat' dir='ltr'>persuasum</span> <span class='ocrx_word' id='word_1_398' title='bbox 1168 1553 1275 1584; x_wconf 88' lang='lat' dir='ltr'>habeo</span> <span class='ocrx_word' id='word_1_399' title='bbox 1287 1553 1504 1593; x_wconf 86' lang='lat' dir='ltr'>adscripsisse</span> <span class='ocrx_word' id='word_1_400' title='bbox 1514 1553 1662 1594; x_wconf 90' lang='lat' dir='ltr'>aliquem</span> 
     </span>
     <span class='ocr_line' id='line_1_74' title="bbox 959 1604 1662 1644; baseline 0.001 -10"><span class='ocrx_word' id='word_1_401' title='bbox 959 1605 992 1635; x_wconf 92' lang='lat' dir='ltr'>in</span> <span class='ocrx_word' id='word_1_402' title='bbox 1020 1604 1186 1644; x_wconf 87' lang='lat' dir='ltr'>margine,</span> <span class='ocrx_word' id='word_1_403' title='bbox 1215 1604 1307 1634; x_wconf 92' lang='lat' dir='ltr'>velut</span> <span class='ocrx_word' id='word_1_404' title='bbox 1336 1609 1572 1644; x_wconf 84' lang='lat' dir='ltr'>argumentum</span> <span class='ocrx_word' id='word_1_405' title='bbox 1605 1613 1662 1635; x_wconf 80' lang='lat' dir='ltr'>eo·</span> 
     </span>
     <span class='ocr_line' id='line_1_75' title="bbox 960 1654 1661 1695; baseline -0.001 -9"><span class='ocrx_word' id='word_1_406' title='bbox 960 1665 1046 1694; x_wconf 85' lang='lat' dir='ltr'>rum,</span> <span class='ocrx_word' id='word_1_407' title='bbox 1069 1664 1144 1695; x_wconf 84' lang='lat' dir='ltr'>quae</span> <span class='ocrx_word' id='word_1_408' title='bbox 1169 1654 1281 1685; x_wconf 87' lang='lat' dir='ltr'>verbis</span> <span class='ocrx_word' id='word_1_409' title='bbox 1303 1654 1394 1685; x_wconf 89' lang='lat' dir='ltr'>hisce</span> <span class='ocrx_word' id='word_1_410' title='bbox 1415 1660 1661 1695; x_wconf 85' lang='lat' dir='ltr'>proponuntur,</span> 
     </span>
     <span class='ocr_line' id='line_1_76' title="bbox 959 1704 1661 1745; baseline 0.001 -10"><span class='ocrx_word' id='word_1_411' title='bbox 959 1706 969 1721; x_wconf 85' lang='lat'>‘</span> <span class='ocrx_word' id='word_1_412' title='bbox 988 1705 1096 1735; x_wconf 88' lang='lat' dir='ltr'>tutela</span> <span class='ocrx_word' id='word_1_413' title='bbox 1121 1704 1211 1745; x_wconf 90' lang='lat' dir='ltr'>loci‚&#39;</span> <span class='ocrx_word' id='word_1_414' title='bbox 1239 1704 1332 1745; x_wconf 88' lang='lat' dir='ltr'>quasi</span> <span class='ocrx_word' id='word_1_415' title='bbox 1355 1704 1509 1735; x_wconf 90' lang='lat' dir='ltr'>diceret:</span> <span class='ocrx_word' id='word_1_416' title='bbox 1534 1705 1661 1745; x_wconf 84' lang='lat' dir='ltr'>Agitur</span> 
     </span>
     <span class='ocr_line' id='line_1_77' title="bbox 958 1754 1659 1795; baseline 0.004 -11"><span class='ocrx_word' id='word_1_417' title='bbox 958 1754 1014 1786; x_wconf 89' lang='lat' dir='ltr'>hic</span> <span class='ocrx_word' id='word_1_418' title='bbox 1030 1755 1073 1785; x_wconf 91' lang='lat' dir='ltr'>de</span> <span class='ocrx_word' id='word_1_419' title='bbox 1087 1756 1197 1786; x_wconf 87' lang='lat' dir='ltr'>tutela</span> <span class='ocrx_word' id='word_1_420' title='bbox 1209 1755 1287 1794; x_wconf 89' lang='lat' dir='ltr'>loci,</span> <span class='ocrx_word' id='word_1_421' title='bbox 1300 1765 1327 1786; x_wconf 91' lang='lat' dir='ltr'>s.</span> <span class='ocrx_word' id='word_1_422' title='bbox 1343 1755 1510 1795; x_wconf 89' lang='lat' dir='ltr'>quomodo</span> <span class='ocrx_word' id='word_1_423' title='bbox 1526 1756 1554 1786; x_wconf 84' lang='lat' dir='ltr'>is</span> <span class='ocrx_word' id='word_1_424' title='bbox 1565 1757 1659 1787; x_wconf 82' lang='lat' dir='ltr'>locus</span> 
     </span>
     <span class='ocr_line' id='line_1_78' title="bbox 958 1804 1660 1845; baseline 0 -10"><span class='ocrx_word' id='word_1_425' title='bbox 958 1805 1111 1836; x_wconf 86' lang='lat' dir='ltr'>redditus</span> <span class='ocrx_word' id='word_1_426' title='bbox 1135 1805 1180 1836; x_wconf 89' lang='lat' dir='ltr'>sit</span> <span class='ocrx_word' id='word_1_427' title='bbox 1204 1809 1310 1836; x_wconf 88' lang='lat' dir='ltr'>tutus.</span> <span class='ocrx_word' id='word_1_428' title='bbox 1354 1805 1482 1836; x_wconf 89' lang='lat' dir='ltr'>Postea</span> <span class='ocrx_word' id='word_1_429' title='bbox 1503 1804 1538 1835; x_wconf 92' lang='lat' dir='ltr'>id</span> <span class='ocrx_word' id='word_1_430' title='bbox 1561 1815 1660 1845; x_wconf 89' lang='lat' dir='ltr'>argu-</span> 
     </span>
     <span class='ocr_line' id='line_1_79' title="bbox 957 1855 1659 1895; baseline 0 -9"><span class='ocrx_word' id='word_1_431' title='bbox 957 1861 1106 1886; x_wconf 85' lang='lat' dir='ltr'>mentum</span> <span class='ocrx_word' id='word_1_432' title='bbox 1131 1859 1381 1895; x_wconf 88' lang='lat' dir='ltr'>transumptum</span> <span class='ocrx_word' id='word_1_433' title='bbox 1403 1863 1478 1885; x_wconf 87' lang='lat' dir='ltr'>esse</span> <span class='ocrx_word' id='word_1_434' title='bbox 1501 1855 1534 1885; x_wconf 89' lang='lat' dir='ltr'>in</span> <span class='ocrx_word' id='word_1_435' title='bbox 1550 1855 1659 1895; x_wconf 89' lang='lat' dir='ltr'>ipsum</span> 
     </span>
     <span class='ocr_line' id='line_1_80' title="bbox 958 1905 1658 1943; baseline -0.001 -6"><span class='ocrx_word' id='word_1_436' title='bbox 958 1910 1102 1938; x_wconf 87' lang='lat' dir='ltr'>textum.</span> <span class='ocrx_word' id='word_1_437' title='bbox 1126 1905 1230 1943; x_wconf 76' lang='lat' dir='ltr'>Schef.</span> <span class='ocrx_word' id='word_1_438' title='bbox 1273 1906 1346 1936; x_wconf 83' lang='lat' dir='ltr'>Tut.</span> <span class='ocrx_word' id='word_1_439' title='bbox 1361 1905 1394 1935; x_wconf 93' lang='lat' dir='ltr'>h.</span> <span class='ocrx_word' id='word_1_440' title='bbox 1411 1905 1434 1936; x_wconf 93' lang='lat' dir='ltr'>l.</span> <span class='ocrx_word' id='word_1_441' title='bbox 1456 1905 1545 1936; x_wconf 82' lang='lat' dir='ltr'>sexti</span> <span class='ocrx_word' id='word_1_442' title='bbox 1562 1915 1658 1936; x_wconf 89' lang='lat' dir='ltr'>casus</span> 
     </span>
     <span class='ocr_line' id='line_1_81' title="bbox 958 1954 1659 1995; baseline -0.001 -8"><span class='ocrx_word' id='word_1_443' title='bbox 958 1965 1030 1987; x_wconf 89' lang='lat' dir='ltr'>esse</span> <span class='ocrx_word' id='word_1_444' title='bbox 1045 1956 1263 1987; x_wconf 83' lang='lat' dir='ltr'>existimabat</span> <span class='ocrx_word' id='word_1_445' title='bbox 1276 1954 1427 1995; x_wconf 78' lang='lat' dir='ltr'>Jensius,</span> <span class='ocrx_word' id='word_1_446' title='bbox 1449 1965 1497 1986; x_wconf 93' lang='lat' dir='ltr'>sc.</span> <span class='ocrx_word' id='word_1_447' title='bbox 1521 1960 1572 1994; x_wconf 90' lang='lat' dir='ltr'>ut,</span> <span class='ocrx_word' id='word_1_448' title='bbox 1595 1964 1659 1995; x_wconf 82' lang='lat' dir='ltr'>per</span> 
     </span>
     <span class='ocr_line' id='line_1_82' title="bbox 956 2004 1657 2047; baseline -0.001 -10"><span class='ocrx_word' id='word_1_449' title='bbox 956 2007 1098 2037; x_wconf 82' lang='lat' dir='ltr'>tutelam</span> <span class='ocrx_word' id='word_1_450' title='bbox 1115 2006 1190 2046; x_wconf 89' lang='lat' dir='ltr'>loci,</span> <span class='ocrx_word' id='word_1_451' title='bbox 1213 2015 1287 2047; x_wconf 85' lang='lat' dir='ltr'>quae</span> <span class='ocrx_word' id='word_1_452' title='bbox 1312 2009 1390 2035; x_wconf 88' lang='lat' dir='ltr'>sunt</span> <span class='ocrx_word' id='word_1_453' title='bbox 1416 2014 1531 2046; x_wconf 89' lang='lat' dir='ltr'>rupes,</span> <span class='ocrx_word' id='word_1_454' title='bbox 1555 2004 1657 2036; x_wconf 79' lang='lat' dir='ltr'>nullis</span> 
     </span>
     <span class='ocr_line' id='line_1_83' title="bbox 957 2056 1317 2096; baseline -0.003 -9"><span class='ocrx_word' id='word_1_455' title='bbox 957 2056 1190 2087; x_wconf 86' lang='lat' dir='ltr'>defensoribus</span> <span class='ocrx_word' id='word_1_456' title='bbox 1208 2059 1317 2096; x_wconf 87' lang='lat' dir='ltr'>egeat.</span> 
     </span>
    </p>

    <p class='ocr_par' dir='ltr' id='par_1_14' title="bbox 953 2105 1657 2898">
     <span class='ocr_line' id='line_1_84' title="bbox 998 2105 1657 2147; baseline -0.003 -10"><span class='ocrx_word' id='word_1_457' title='bbox 998 2108 1014 2147; x_wconf 54' lang='grc' dir='ltr'><strong><em>ᾗ</em></strong></span> <span class='ocrx_word' id='word_1_458' title='bbox 1035 2109 1054 2137; x_wconf 89' lang='grc'>4</span> <span class='ocrx_word' id='word_1_459' title='bbox 1076 2108 1151 2137; x_wconf 86' lang='lat' dir='ltr'>Jam</span> <span class='ocrx_word' id='word_1_460' title='bbox 1165 2107 1305 2144; x_wconf 80' lang='lat' dir='ltr'>fontium</span> <span class='ocrx_word' id='word_1_461' title='bbox 1318 2115 1354 2136; x_wconf 79' lang='lat' dir='ltr'>ac</span> <span class='ocrx_word' id='word_1_462' title='bbox 1368 2105 1530 2146; x_wconf 73' lang='lat' dir='ltr'>silvarum]</span> <span class='ocrx_word' id='word_1_463' title='bbox 1559 2105 1657 2137; x_wconf 85' lang='lat' dir='ltr'>Junt.</span> 
     </span>
     <span class='ocr_line' id='line_1_85' title="bbox 956 2156 1657 2194; baseline -0.003 -6"><span class='ocrx_word' id='word_1_464' title='bbox 956 2156 1090 2194; x_wconf 83' lang='lat' dir='ltr'>Namf.</span> <span class='ocrx_word' id='word_1_465' title='bbox 1115 2161 1144 2188; x_wconf 82' lang='lat' dir='ltr'>et</span> <span class='ocrx_word' id='word_1_466' title='bbox 1168 2167 1194 2187; x_wconf 89' lang='lat' dir='ltr'>s.</span> <span class='ocrx_word' id='word_1_467' title='bbox 1229 2156 1296 2187; x_wconf 91' lang='lat' dir='ltr'>Sed</span> <span class='ocrx_word' id='word_1_468' title='bbox 1324 2156 1404 2186; x_wconf 86' lang='lat' dir='ltr'>nihil</span> <span class='ocrx_word' id='word_1_469' title='bbox 1431 2159 1536 2186; x_wconf 85' lang='lat' dir='ltr'>muta.</span> <span class='ocrx_word' id='word_1_470' title='bbox 1580 2156 1657 2186; x_wconf 79' lang='lat' dir='ltr'>Jum</span> 
     </span>
     <span class='ocr_line' id='line_1_86' title="bbox 956 2206 1656 2247; baseline -0.003 -9"><span class='ocrx_word' id='word_1_471' title='bbox 956 2217 1047 2247; x_wconf 89' lang='lat' dir='ltr'>saepe</span> <span class='ocrx_word' id='word_1_472' title='bbox 1074 2211 1217 2238; x_wconf 90' lang='lat' dir='ltr'>venuste</span> <span class='ocrx_word' id='word_1_473' title='bbox 1241 2210 1424 2246; x_wconf 86' lang='lat' dir='ltr'>usurpatur</span> <span class='ocrx_word' id='word_1_474' title='bbox 1450 2206 1483 2236; x_wconf 91' lang='lat' dir='ltr'>in</span> <span class='ocrx_word' id='word_1_475' title='bbox 1509 2215 1656 2237; x_wconf 86' lang='lat' dir='ltr'>connex-</span> 
     </span>
     <span class='ocr_line' id='line_1_87' title="bbox 954 2256 1654 2289; baseline -0.003 -1"><span class='ocrx_word' id='word_1_476' title='bbox 954 2257 1098 2289; x_wconf 87' lang='lat' dir='ltr'>ionibus.</span> <span class='ocrx_word' id='word_1_477' title='bbox 1136 2257 1209 2289; x_wconf 89' lang='lat' dir='ltr'>Cic.</span> <span class='ocrx_word' id='word_1_478' title='bbox 1226 2266 1250 2287; x_wconf 92' lang='lat'>1.</span> <span class='ocrx_word' id='word_1_479' title='bbox 1267 2257 1310 2287; x_wconf 91' lang='lat' dir='ltr'>de</span> <span class='ocrx_word' id='word_1_480' title='bbox 1327 2256 1426 2287; x_wconf 91' lang='lat' dir='ltr'>Orat.</span> <span class='ocrx_word' id='word_1_481' title='bbox 1452 2257 1461 2272; x_wconf 92' lang='lat'>‘</span> <span class='ocrx_word' id='word_1_482' title='bbox 1478 2256 1557 2288; x_wconf 86' lang='lat' dir='ltr'>Jam</span> <span class='ocrx_word' id='word_1_483' title='bbox 1573 2265 1654 2287; x_wconf 83' lang='lat' dir='ltr'>vero</span> 
     </span>
     <span class='ocr_line' id='line_1_88' title="bbox 955 2306 1656 2348; baseline -0.001 -10"><span class='ocrx_word' id='word_1_484' title='bbox 955 2307 1183 2338; x_wconf 87' lang='lat' dir='ltr'>narrationem</span> <span class='ocrx_word' id='word_1_485' title='bbox 1212 2306 1300 2348; x_wconf 89' lang='lat' dir='ltr'>quod</span> <span class='ocrx_word' id='word_1_486' title='bbox 1326 2306 1453 2346; x_wconf 88' lang='lat' dir='ltr'>jubent</span> <span class='ocrx_word' id='word_1_487' title='bbox 1482 2306 1656 2337; x_wconf 87' lang='lat' dir='ltr'>verosimi-</span> 
     </span>
     <span class='ocr_line' id='line_1_89' title="bbox 954 2356 1654 2397; baseline -0.003 -9"><span class='ocrx_word' id='word_1_488' title='bbox 954 2357 1043 2397; x_wconf 88' lang='lat' dir='ltr'>lem‚&#39;</span> <span class='ocrx_word' id='word_1_489' title='bbox 1066 2360 1129 2388; x_wconf 67' lang='grc' dir='ltr'>διε.</span> <span class='ocrx_word' id='word_1_490' title='bbox 1168 2357 1222 2388; x_wconf 92' lang='lat' dir='ltr'>Id.</span> <span class='ocrx_word' id='word_1_491' title='bbox 1244 2366 1300 2387; x_wconf 86' lang='lat'>111.</span> <span class='ocrx_word' id='word_1_492' title='bbox 1319 2356 1394 2387; x_wconf 85' lang='lat' dir='ltr'>Fin.</span> <span class='ocrx_word' id='word_1_493' title='bbox 1431 2357 1440 2373; x_wconf 91' lang='lat'>‘</span> <span class='ocrx_word' id='word_1_494' title='bbox 1456 2357 1535 2389; x_wconf 81' lang='lat' dir='ltr'>Jam</span> <span class='ocrx_word' id='word_1_495' title='bbox 1551 2366 1654 2387; x_wconf 89' lang='lat' dir='ltr'>mem-</span> 
     </span>
     <span class='ocr_line' id='line_1_90' title="bbox 955 2406 1654 2446; baseline -0.001 -8"><span class='ocrx_word' id='word_1_496' title='bbox 955 2407 1104 2445; x_wconf 90' lang='lat' dir='ltr'>brorum,</span> <span class='ocrx_word' id='word_1_497' title='bbox 1126 2406 1160 2437; x_wconf 91' lang='lat' dir='ltr'>id</span> <span class='ocrx_word' id='word_1_498' title='bbox 1177 2410 1239 2445; x_wconf 92' lang='lat' dir='ltr'>est,</span> <span class='ocrx_word' id='word_1_499' title='bbox 1255 2407 1402 2446; x_wconf 84' lang='lat' dir='ltr'>partium</span> <span class='ocrx_word' id='word_1_500' title='bbox 1419 2407 1571 2446; x_wconf 88' lang='lat' dir='ltr'>corporis</span> <span class='ocrx_word' id='word_1_501' title='bbox 1587 2407 1654 2437; x_wconf 87' lang='lat' dir='ltr'>alia</span> 
     </span>
     <span class='ocr_line' id='line_1_91' title="bbox 955 2457 1654 2497; baseline 0 -10"><span class='ocrx_word' id='word_1_502' title='bbox 955 2457 1112 2488; x_wconf 82' lang='lat' dir='ltr'>videntur</span> <span class='ocrx_word' id='word_1_503' title='bbox 1129 2461 1270 2497; x_wconf 87' lang='lat' dir='ltr'>propter</span> <span class='ocrx_word' id='word_1_504' title='bbox 1290 2466 1406 2487; x_wconf 89' lang='lat' dir='ltr'>eorum</span> <span class='ocrx_word' id='word_1_505' title='bbox 1422 2467 1517 2487; x_wconf 92' lang='lat' dir='ltr'>usum</span> <span class='ocrx_word' id='word_1_506' title='bbox 1533 2462 1654 2488; x_wconf 84' lang='lat' dir='ltr'>natura</span> 
     </span>
     <span class='ocr_line' id='line_1_92' title="bbox 955 2506 1653 2544; baseline 0 -6"><span class='ocrx_word' id='word_1_507' title='bbox 955 2517 1030 2538; x_wconf 89' lang='lat' dir='ltr'>esse</span> <span class='ocrx_word' id='word_1_508' title='bbox 1045 2506 1194 2538; x_wconf 90' lang='lat' dir='ltr'>donata.’</span> <span class='ocrx_word' id='word_1_509' title='bbox 1222 2507 1330 2537; x_wconf 87' lang='lat' dir='ltr'>Graev.</span> <span class='ocrx_word' id='word_1_510' title='bbox 1363 2506 1464 2544; x_wconf 82' lang='lat' dir='ltr'>Angl.</span> <span class='ocrx_word' id='word_1_511' title='bbox 1482 2507 1564 2536; x_wconf 90' lang='lat' dir='ltr'>illud</span> <span class='ocrx_word' id='word_1_512' title='bbox 1576 2508 1653 2538; x_wconf 85' lang='lat' dir='ltr'>Jam</span> 
     </span>
     <span class='ocr_line' id='line_1_93' title="bbox 954 2557 1653 2598; baseline 0.001 -10"><span class='ocrx_word' id='word_1_513' title='bbox 954 2568 1021 2589; x_wconf 91' lang='lat' dir='ltr'>non</span> <span class='ocrx_word' id='word_1_514' title='bbox 1037 2558 1201 2598; x_wconf 87' lang='lat' dir='ltr'>agnoscit.</span> <span class='ocrx_word' id='word_1_515' title='bbox 1242 2558 1313 2594; x_wconf 76' lang='lat' dir='ltr'>Ego</span> <span class='ocrx_word' id='word_1_516' title='bbox 1326 2561 1439 2587; x_wconf 91' lang='lat' dir='ltr'>tamen</span> <span class='ocrx_word' id='word_1_517' title='bbox 1456 2557 1489 2586; x_wconf 86' lang='lat' dir='ltr'>in</span> <span class='ocrx_word' id='word_1_518' title='bbox 1506 2558 1653 2597; x_wconf 88' lang='lat' dir='ltr'>vulgatis</span> 
     </span>
     <span class='ocr_line' id='line_1_94' title="bbox 954 2607 1652 2647; baseline 0.001 -9"><span class='ocrx_word' id='word_1_519' title='bbox 954 2608 1036 2638; x_wconf 91' lang='lat' dir='ltr'>nihil</span> <span class='ocrx_word' id='word_1_520' title='bbox 1072 2613 1209 2638; x_wconf 88' lang='lat' dir='ltr'>mutem.</span> <span class='ocrx_word' id='word_1_521' title='bbox 1254 2607 1373 2637; x_wconf 86' lang='lat' dir='ltr'>Solent</span> <span class='ocrx_word' id='word_1_522' title='bbox 1407 2607 1495 2637; x_wconf 90' lang='lat' dir='ltr'>enim</span> <span class='ocrx_word' id='word_1_523' title='bbox 1531 2608 1652 2647; x_wconf 87' lang='lat' dir='ltr'>optimi</span> 
     </span>
     <span class='ocr_line' id='line_1_95' title="bbox 957 2656 1654 2697; baseline 0.003 -10"><span class='ocrx_word' id='word_1_524' title='bbox 957 2658 1140 2697; x_wconf 85' lang='lat' dir='ltr'>scriptores</span> <span class='ocrx_word' id='word_1_525' title='bbox 1156 2657 1217 2687; x_wconf 88' lang='lat' dir='ltr'>hac</span> <span class='ocrx_word' id='word_1_526' title='bbox 1234 2656 1403 2696; x_wconf 82' lang='lat' dir='ltr'>particula</span> <span class='ocrx_word' id='word_1_527' title='bbox 1419 2656 1467 2686; x_wconf 87' lang='lat' dir='ltr'>sic</span> <span class='ocrx_word' id='word_1_528' title='bbox 1490 2656 1553 2695; x_wconf 87' lang='lat' dir='ltr'>uti,</span> <span class='ocrx_word' id='word_1_529' title='bbox 1575 2662 1613 2688; x_wconf 92' lang='lat' dir='ltr'>ut</span> <span class='ocrx_word' id='word_1_530' title='bbox 1632 2667 1654 2689; x_wconf 85' lang='lat' dir='ltr'>a</span> 
     </span>
     <span class='ocr_line' id='line_1_96' title="bbox 956 2706 1651 2748; baseline 0.001 -10"><span class='ocrx_word' id='word_1_531' title='bbox 956 2709 1143 2748; x_wconf 81' lang='lat' dir='ltr'>glossatore</span> <span class='ocrx_word' id='word_1_532' title='bbox 1160 2707 1215 2737; x_wconf 81' lang='lat' dir='ltr'>vix</span> <span class='ocrx_word' id='word_1_533' title='bbox 1233 2706 1386 2736; x_wconf 88' lang='lat' dir='ltr'>videatur</span> <span class='ocrx_word' id='word_1_534' title='bbox 1402 2706 1542 2738; x_wconf 86' lang='lat' dir='ltr'>intrusa.</span> <span class='ocrx_word' id='word_1_535' title='bbox 1570 2707 1651 2747; x_wconf 85' lang='lat' dir='ltr'>Ipse</span> 
     </span>
     <span class='ocr_line' id='line_1_97' title="bbox 958 2754 1653 2795; baseline -0.007 -6"><span class='ocrx_word' id='word_1_536' title='bbox 958 2759 1086 2789; x_wconf 83' lang='lat' dir='ltr'>Noster</span> <span class='ocrx_word' id='word_1_537' title='bbox 1107 2766 1156 2787; x_wconf 81' lang='grc' dir='ltr'>ιν.</span> <span class='ocrx_word' id='word_1_538' title='bbox 1173 2759 1203 2787; x_wconf 92' lang='grc'><strong>1.</strong></span> <span class='ocrx_word' id='word_1_539' title='bbox 1221 2758 1271 2786; x_wconf 91' lang='grc'>16.</span> <span class='ocrx_word' id='word_1_540' title='bbox 1293 2755 1328 2786; x_wconf 88' lang='lat' dir='ltr'>in</span> <span class='ocrx_word' id='word_1_541' title='bbox 1351 2754 1580 2795; x_wconf 80' lang='lat' dir='ltr'>descriptione</span> <span class='ocrx_word' id='word_1_542' title='bbox 1604 2757 1653 2788; x_wconf 86' lang='lat' dir='ltr'>Si-</span> 
     </span>
     <span class='ocr_line' id='line_1_98' title="bbox 955 2804 1649 2846; baseline -0.001 -7"><span class='ocrx_word' id='word_1_543' title='bbox 955 2808 1062 2839; x_wconf 85' lang='lat' dir='ltr'>ciliae:</span> <span class='ocrx_word' id='word_1_544' title='bbox 1087 2807 1188 2838; x_wconf 90' lang='lat' dir='ltr'>‘Jam</span> <span class='ocrx_word' id='word_1_545' title='bbox 1214 2806 1287 2846; x_wconf 87' lang='lat' dir='ltr'>ipsa</span> <span class='ocrx_word' id='word_1_546' title='bbox 1314 2804 1426 2835; x_wconf 84' lang='lat' dir='ltr'>Italiae</span> <span class='ocrx_word' id='word_1_547' title='bbox 1455 2805 1649 2846; x_wconf 67' lang='lat' dir='ltr'>Siciliaeque</span> 
     </span>
     <span class='ocr_line' id='line_1_99' title="bbox 953 2855 1651 2898; baseline -0.001 -9"><span class='ocrx_word' id='word_1_548' title='bbox 953 2857 1122 2898; x_wconf 85' lang='lat' dir='ltr'>vicinitas,</span> <span class='ocrx_word' id='word_1_549' title='bbox 1142 2856 1216 2897; x_wconf 86' lang='lat' dir='ltr'>jam</span> <span class='ocrx_word' id='word_1_550' title='bbox 1244 2855 1550 2896; x_wconf 87' lang='lat' dir='ltr'>promontoriorum</span> <span class='ocrx_word' id='word_1_551' title='bbox 1575 2857 1651 2889; x_wconf 91' lang='lat' dir='ltr'>alti-</span> 
     </span>
    </p>
   </div>
  </div>
 </body>
</html>
