2174 3424
614 323 811 354 JUST1N1
845 323 926 353 mu
959 324 1003 353 v.
1035 325 1140 354 CAP.
1170 314 1210 354 2.

188 421 381 459 opponatur
397 417 591 458 imperator)
627 422 706 449 ante
743 427 797 448 me
832 417 888 448 alii

187 468 367 506 viderunt;
396 472 432 498 at
453 468 515 498 hoc
531 477 597 498 non
614 467 783 508 viderunt,
797 468 887 509 qnod

191 517 312 549 addam
330 527 406 557 cap.
422 520 454 548 3.
486 518 562 548 Fab.

231 569 248 608 ᾧ
272 570 290 598 3
315 568 472 607 Partaque
488 578 556 598 cam
570 567 693 598 amissis
706 566 887 608 pensabant]

187 618 235 649 H.
252 628 281 649 e.
299 619 450 659 quamvis
467 627 521 658 ap.
539 617 766 649 Athenienses
781 618 888 658 impe-

186 668 236 699 rio
252 668 439 699 excidisset
456 669 659 709 Alcibiades,
675 679 730 709 ap.
750 669 888 708 Sparta-

186 727 248 748 nos
282 722 395 748 tamen
432 728 529 759 aeque
563 728 721 758 magnum
759 717 887 748 factum

186 769 399 810 cogitabant.
443 770 603 800 Pertinet
628 770 692 801 hoc
714 769 755 800 ad
781 769 887 809 expli-

188 819 332 851 candum
358 820 392 850 id
410 819 499 860 quod
520 819 618 850 modo
632 819 780 850 dictum:
799 819 808 835 ‘
824 828 888 849 nec

187 870 306 900 exsilio
341 870 504 900 videbant
533 869 662 901 factum
699 869 887 901 minorem!

186 920 358 960 Hispanus
375 919 499 960 interp.
522 920 632 960 aliter,
648 925 683 951 et
698 921 761 950 nisi
776 919 888 958 fallor,

185 969 343 1001 absurde.
384 971 569 1002 Berneccer.
629 971 738 1010 Bong.
776 969 887 1000 edidit

181 1029 327 1059 pensare:
362 1020 495 1050 omnino
523 1024 630 1059 recte,
656 1025 694 1050 ut
718 1019 887 1050 referatur

187 1069 230 1100 ad
245 1069 282 1100 τὸ
298 1070 500 1110 ‘Sciebant‚'
521 1080 644 1110 nempe
660 1070 887 1101 Alcibiadem.

185 1118 254 1159 Ap.
268 1120 364 1150 Vett.
374 1129 505 1159 pensare
520 1129 732 1161 nequaquam
747 1129 887 1160 usurpa·

186 1173 259 1200 tum
282 1168 349 1200 fuit
373 1180 446 1210 pro,
467 1170 636 1209 cogitare:
668 1170 727 1200 sed
746 1180 820 1210 pro,
843 1180 887 1201 ae-

186 1229 304 1260 quare,
334 1224 368 1251 et
402 1230 614 1260 comparare.
665 1220 721 1251 Sic
759 1221 886 1252 Noster

186 1278 274 1301 xxv.
293 1273 324 1302 3.
348 1274 383 1301 et
409 1271 487 1301 Sen.
514 1270 593 1302 OEd.
623 1273 697 1302 490.
719 1270 886 1302 ‘Meliore

187 1330 332 1361 pensans
346 1321 468 1352 damna
478 1321 622 1352 marito.'
647 1322 718 1352 Liv.
734 1330 885 1353 xxxvn.

187 1373 217 1401 1.
250 1371 450 1402 ‘Veteribus
479 1370 667 1401 benefactis
691 1381 778 1401 nova
807 1381 888 1411 pen·

186 1424 298 1451 santes
325 1420 512 1452 maleficia!
556 1421 604 1452 At
634 1423 791 1461 pensitare
814 1432 887 1462 pro,

189 1471 360 1502 aestimare
376 1472 463 1502 dixit
475 1472 570 1502 Suet.
588 1471 712 1503 Octav.
729 1475 782 1502 66.
815 1474 825 1490 ⁶
840 1472 886 1503 A·

186 1520 349 1551 micorum
374 1530 531 1560 suprema
551 1520 681 1561 judicia
702 1521 887 1552 morosissi-

186 1579 240 1601 me
273 1569 479 1611 pensitavit!
520 1571 657 1602 Gronov.
703 1572 788 1603 Mss.
812 1582 886 1612 pen-

185 1629 263 1651 sare.
298 1621 413 1652 Juntae
438 1629 513 1651 cum
540 1621 705 1651 nonnullis
728 1621 800 1652 aliis
811 1631 886 1661 pen-

184 1673 314 1700 sautem.
360 1671 454 1702 Quos
470 1680 601 1711 sequor.
638 1671 706 1701 Hic
735 1676 786 1702 est
812 1681 886 1702 sen·

185 1729 259 1751 sus:
287 1720 455 1751 Viderunt
472 1726 602 1751 tantum
616 1722 791 1761 imperium
809 1732 885 1753 eum

184 1771 371 1811 recepisse,
404 1777 567 1813 quantum
603 1773 775 1804 amiserat.
819 1773 886 1804 Im-

184 1822 391 1861 peratoriam
403 1822 491 1852 enim
500 1821 715 1862 dignitatem,
725 1833 823 1863 quam
832 1833 886 1863 ap.

184 1871 410 1903 Athenienses
453 1873 624 1911 amiserat,
660 1882 885 1914 recuperave-

183 1925 238 1951 rat
261 1930 314 1961 ap.
334 1921 624 1954 Lacedaemonios.
667 1923 726 1954 Sic
742 1924 751 1940 ‘
766 1923 886 1954 adver-

183 1980 221 2001 sa
250 1971 405 2002 secundis
436 1971 594 2012 pensare’
622 1982 675 2012 ap.
699 1973 772 2005 Liv.
794 1974 884 2005 Flor.

184 2023 220 2050 et
241 2021 345 2051 alios:
370 2020 438 2052 vid.
461 2020 614 2053 Gronov.
643 2022 728 2054 Obs.
755 2032 804 2054 1v.
831 2027 884 2056 13.

186 2070 292 2101 (ἕπευ.
339 2071 467 2110 Georg.
492 2072 603 2112 Major
624 2081 685 2112 pro
706 2077 885 2113 pensantem

185 2120 292 2151 edidit
305 2121 472 2161 pensabant
482 2132 492 2152 .·
522 2131 665 2163 eumque
682 2127 817 2154 secutus
831 2128 886 2155 est

183 2171 350 2203 Bernecc.
367 2177 401 2203 et
419 2171 559 2202 verbum
584 2172 674 2203 istud
698 2173 740 2203 de
757 2174 885 2214 cogita-

181 2221 273 2251 tione
304 2221 500 2261 explicavit.
545 2222 612 2253 Sed
644 2223 781 2262 legend.
811 2224 883 2255 sine

183 2271 286 2302 dnbio
303 2272 354 2302 vel
366 2276 557 2312 pensantem,
571 2273 624 2303 vel
637 2283 778 2313 pensare.
799 2274 884 2306 Jun-

184 2325 230 2352 tae
266 2321 402 2352 edidere
436 2326 626 2362 pensantem.
673 2323 748 2354 Nec
785 2323 885 2354 aliter

183 2370 272 2402 Sich.
315 2370 365 2402 At
377 2371 483 2402 Bech.
496 2375 681 2411 pensarent:
705 2373 794 2413 quod
811 2373 884 2404 sine

184 2420 286 2451 dubio
302 2426 355 2452 est
376 2431 418 2451 ex
432 2431 572 2461 pensare.
618 2423 659 2452 In
676 2423 784 2453 codd.
800 2424 882 2455 Mss.

182 2471 292 2512 Bong.
320 2472 448 2512 reperit
479 2477 513 2503 et
541 2476 706 2512 pensaret;
735 2473 811 2504 itid.
840 2483 883 2504 ex

179 2531 318 2562 pensare.
364 2523 433 2554 Sed
451 2523 530 2564 quid
548 2523 631 2554 illud
645 2530 697 2554 est
711 2528 803 2564 parta
817 2535 884 2555 cnm

183 2572 303 2603 amissis
326 2573 456 2613 imperia
487 2573 639 2613 pensare?
672 2575 764 2606 Nihil
792 2575 881 2606 aliud

184 2631 284 2662 quam
319 2623 521 2654 tantundem
565 2624 698 2663 imperii
743 2631 881 2656 nactum

182 2680 256 2702 esse
280 2678 442 2713 quantum
481 2673 644 2704 amiseris.
688 2674 756 2704 Sed
786 2675 882 2706 verbi

183 2721 242 2752 illa
271 2722 479 2753 constructio
513 2728 566 2754 est
604 2723 735 2762 rarior3
773 2725 881 2765 primo

184 2770 272 2811 quod
285 2771 410 2803 dicitur
423 2775 516 2812 parta
529 2782 676 2812 pensare5
689 2783 762 2804 curu
781 2775 881 2814 vulgo

184 2819 319 2851 dicatur
333 2822 443 2852 damna
456 2832 488 2862 p.
513 2821 635 2853 deinde
652 2823 739 2863 quod
757 2823 881 2855 dicitur

180 2873 273 2909 parta
287 2881 319 2911 p.
342 2881 409 2903 cum
427 2872 560 2911 amissis,
583 2881 659 2903 cum
676 2873 773 2914 vulgo
789 2873 879 2905 dica-

1551 314 1638 354 715

941 422 996 449 tur
1010 418 1121 449 damna
1144 428 1175 458 p.
1200 418 1371 459 acquisitis.
1415 417 1479 450 Inf.
1503 427 1589 449 xxv.
1607 421 1638 449 3.

939 467 948 484 ‘
970 468 1103 498 Damna
1139 468 1270 499 amissae
1307 468 1432 499 Siciliae
1472 468 1639 509 acquisito

939 517 1151 548 Macedoniae
1187 527 1290 558 regno
1328 521 1527 558 pensasset:
1571 517 1639 548 Sed

938 568 1047 599 altera
1072 572 1185 599 tamen
1211 568 1419 599 constructio
1445 573 1479 599 et
1501 569 1574 608 ipsa
1590 579 1641 599 re-

940 618 1084 658 peritur.
1128 619 1181 648 Ex
1217 618 1283 648 Ov.
1325 626 1410 648 xul.
1440 619 1490 648 Μ.
1523 617 1640 648 laudat

940 668 1090 699 Gronov.
1116 668 1125 685 ‘
1144 668 1291 698 Laudem
1318 674 1355 698 ut
1377 678 1452 698 cum
1475 668 1639 708 sauguine

939 717 1105 758 pensent?
1150 719 1196 749 Et
1226 728 1268 749 ex
1297 719 1416 749 Claud.
1434 728 1482 750 ιν.
1508 718 1637 757 Paneg.

938 768 947 783 ‘
966 767 1114 798 Laudem
1132 772 1255 808 pensat
1271 778 1346 798 cum
1364 767 1527 798 crimine.'
1571 768 1639 798 De-

938 816 1016 848 inde
1053 818 1277 858 compositum
1328 827 1520 858 compensare
1562 817 1639 848 eod.

938 866 1037 898 modo
1054 872 1287 899 constructum
1302 868 1482 908 reperitur.
1517 867 1589 898 Cic.
1604 877 1638 898 v.

938 917 1014 947 Fin.
1038 918 1047 934 ⁴
1063 917 1147 948 Cum
1170 918 1322 949 maximis
1348 919 1436 949 curis
1460 923 1495 949 et
1518 918 1640 949 labori-

938 966 999 997 bus
1016 977 1236 1007 compensare
1254 978 1327 998 eam
1343 978 1440 1009 quam
1453 978 1495 999 ex
1513 968 1642 999 discen-

937 1016 980 1047 do
997 1017 1134 1057 capiant
1163 1018 1397 1058 voluptatem)
1441 1020 1492 1049 Ex
1518 1019 1638 1059 quibus

938 1072 1083 1107 apparet
1099 1077 1165 1098 non
1180 1072 1310 1098 tantum
1325 1068 1333 1084 ‘
1348 1069 1432 1099 mala
1446 1068 1564 1107 bonis,’
1579 1070 1639 1100 sed

938 1120 973 1147 et
1009 1117 1018 1133 ‘
1033 1116 1120 1147 bona
1157 1127 1231 1148 cum
1267 1118 1374 1157 malis,
1411 1119 1563 1159 pensari'
1602 1124 1639 1151 et

935 1165 1190 1206 ‘compensari’
1214 1167 1293 1198 dici.
1339 1169 1400 1199 Vir
1423 1169 1465 1200 cl.
1492 1169 1526 1199 in
1549 1170 1639 1200 Vell.

937 1225 978 1248 11.
993 1219 1043 1248 l2.
1061 1220 1092 1247 5.
1109 1217 1165 1247 ubi
1185 1217 1321 1258 legitur,
1339 1218 1415 1249 bona
1432 1219 1520 1249 malis
1533 1229 1639 1259 repen-

936 1276 1028 1307 sasse,
1041 1266 1172 1298 facilius
1193 1268 1259 1308 legi
1277 1273 1377 1308 putat
1397 1270 1477 1300 mala
1492 1270 1578 1300 bonis
1591 1279 1640 1300 re-

933 1327 1087 1357 pensasse.
1111 1319 1178 1349 Sed
1204 1318 1420 1350 manifestum
1445 1325 1499 1351 est
1518 1320 1586 1351 dici
1603 1331 1638 1350 u-

937 1372 1105 1408 trumque.
1123 1369 1185 1399 Est
1198 1374 1311 1400 autem
1323 1370 1332 1387 ‘
1350 1371 1515 1410 peusare,'
1528 1371 1536 1387 ‘
1550 1381 1639 1402 com-

937 1418 1107 1457 pensare‚’
1121 1420 1130 1435 ⁴
1142 1428 1323 1458 repensare
1346 1420 1434 1451 bona
1450 1421 1567 1459 malis,’
1585 1423 1638 1452 vel

936 1472 1032 1499 ‘cum
1049 1468 1170 1508 malis,’
1195 1470 1285 1500 idem
1311 1471 1412 1510 quod,
1438 1471 1526 1502 bona
1542 1472 1638 1502 malis

937 1519 1082 1559 aequalia
1098 1518 1226 1558 facere,
1243 1520 1296 1550 vel
1310 1520 1514 1551 existimare.
1537 1521 1637 1554 Quod

937 1569 1040 1599 etiam
1057 1575 1200 1609 apparet
1222 1579 1263 1600 ex
1293 1570 1343 1600 his
1371 1571 1475 1602 Plinii
1502 1581 1566 1602 vu.
1583 1575 1637 1603 40.

935 1618 1055 1649 ‘Bona
1085 1620 1180 1650 malis
1208 1620 1305 1660 paria
1329 1630 1395 1650 non
1422 1625 1511 1660 sunt,
1534 1621 1636 1652 etiam

936 1669 1010 1709 pari
1026 1679 1182 1700 numero:
1200 1679 1264 1700 nec
1281 1670 1404 1701 laetitia
1419 1671 1487 1702 ullo
1502 1671 1638 1703 minimo

935 1728 1082 1749 moerore
1099 1720 1297 1759 pensanda!
1326 1721 1399 1751 Vor.

979 1769 996 1808 ς
1020 1771 1040 1799 4
1063 1767 1125 1799 Sed
1136 1769 1309 1809 ap11d‚23⁶c.]
1323 1770 1402 1801 Vid.
1415 1770 1637 1811 Stephanium

937 1818 979 1849 ad
995 1819 1164 1849 Saxonem
1175 1829 1225 1850 νι.
1239 1830 1272 1860 p.
1292 1823 1364 1851 103.
1379 1824 1434 1852 22.

986 1869 1098 1900 Virtus
1118 1869 1306 1910 Alcibiadis]
1330 1871 1409 1901 vid.
1427 1871 1469 1901 de
1493 1871 1639 1912 Xantip-

936 1918 972 1959 pi
1001 1919 1155 1959 sapiente
1192 1918 1285 1950 facto
1323 1921 1471 1960 prudens
1509 1921 1636 1954 dictum

936 1968 1074 2009 Polybii
1096 1978 1122 2000 1.
1140 1971 1193 2000 36.
1217 1970 1317 2001 Bern.

979 2020 997 2060 ξ
1021 2023 1039 2050 5
1078 2020 1215 2059 Cognita
1244 2020 1293 2060 re]
1341 2020 1499 2052 Gualter.
1537 2023 1545 2039 ‘
1560 2022 1636 2055 Quo

936 2069 1100 2110 cognito!
1123 2070 1282 2102 vincent.
1299 2080 1355 2103 111.
1372 2075 1424 2104 61.
1445 2073 1453 2088 ‘
1467 2073 1542 2105 Quo
1556 2083 1636 2114 cog-

934 2121 1006 2152 nito
1017 2120 1094 2152 Alc.
1108 2130 1169 2161 per
1181 2121 1329 2152 Timeam
1342 2131 1481 2153 uxorem
1493 2122 1637 2163 Agidis.’

977 2171 1042 2202 Per
1056 2181 1183 2201 uxorem
1197 2171 1326 2211 Agidis]
1354 2172 1528 2204 Timaeam.
1541 2173 1635 2206 Plut.

933 2221 968 2252 in
991 2221 1104 2265 Alcib.
1131 2231 1160 2253 c.
1175 2224 1228 2253 42.
1251 2226 1287 2253 et
1308 2222 1350 2253 de
1371 2223 1552 2264 Tranquill.
1567 2223 1635 2255 An.

935 2275 986 2302 10.
1011 2270 1198 2302 Athenaeus
1211 2280 1293 2303 xnl.
1306 2275 1338 2304 4.
1383 2273 1438 2305 Sic
1451 2274 1512 2305 inf.
1529 2282 1635 2305 XL111.

932 2325 964 2354 4.
983 2325 1034 2353 11.
1060 2323 1159 2354 Bern-

976 2372 1028 2403 Aa
1041 2372 1290 2413 Tissaphernem]
1311 2373 1467 2413 Tllucyd.
1484 2383 1566 2406 vul.
1580 2375 1636 2406 alii

932 2433 1022 2463 supr.
1040 2423 1162 2453 notati.
1187 2424 1293 2462 Bong.

976 2473 1182 2513 Prcefectam]
1229 2474 1338 2506 Quem
1375 2473 1517 2506 Persica
1549 2485 1633 2506 voce

932 2524 1150 2563 ‘Satrapatn’
1184 2528 1223 2554 ut
1253 2524 1433 2563 plurimum
1460 2525 1634 2564 appellant

934 2578 1105 2613 auctores,
1120 2572 1209 2603 Plin.
1224 2573 1320 2604 Curt.
1334 2573 1479 2612 Probus,
1495 2575 1633 2605 Terent.

933 2624 1000 2655 alii.
1046 2624 1142 2654 Curt.
1168 2623 1284 2661 etiam,
1307 2628 1345 2653 ut
1361 2628 1396 2653 et
1414 2624 1485 2655 Cic.
1516 2625 1632 2656 ‘Prae-

932 2673 1065 2706 torem.'
1125 2673 1233 2703 Porro
1268 2682 1407 2712 regnum
1453 2673 1631 2705 Persarum

932 2723 1100 2765 ejusmodi
1135 2722 1312 2762 SatrapiiS,
1337 2732 1362 2752 s.
1403 2722 1636 2763 Praefectnris,

933 2778 1004 2806 127.
1032 2774 1223 2805 constitisse
1250 2773 1353 2803 docet
1375 2772 1546 2814 Josephus
1563 2774 1632 2805 An-

932 2826 992 2866 tiq.
1016 2824 1096 2857 Jud.
1117 2833 1167 2855 xr.
1182 2826 1211 2855 4.
1228 2828 1264 2854 et
1279 2826 1309 2854 6.
1350 2823 1448 2856 Quod
1469 2830 1504 2856 et
1518 2825 1632 2856 Sacris

931 2874 1055 2906 Literis
1087 2873 1203 2905 Esdrae
1231 2882 1286 2905 ιιι.
1309 2876 1339 2905 3.
1366 2877 1397 2905 2.
1435 2875 1586 2907 Estheris
1605 2886 1630 2907 1.
