2101 3419
0 3270 1 3302 l

0 3304 2 3333 ἱ

606 693 1171 769 INDEX

871 847 920 878 IN

476 955 1299 1028 JUSTINUM,

783 1085 993 1117 AUCTORE

517 1181 775 1224 JOANNE
808 1182 1273 1233 FREINSHEMIO,

621 1313 738 1335 MULTO
765 1314 915 1336 PLENIOR
940 1314 1112 1336 minumus
1138 1316 1158 1334 Δ

189 1409 453 1454 JOANNE
476 1412 773 1467 VORSTIO,
820 1429 880 1458 ET
909 1416 1167 1459 JOANNE
1197 1407 1588 1461 SCHEFFERO,

803 1547 977 1570 ALusQUB.

209 1704 330 1737 Primus
344 1716 487 1739 numerus
503 1707 637 1745 Librum,
660 1710 812 1739 secundus
829 1709 934 1750 Caput
948 1708 1099 1749 cujusque
1114 1707 1195 1744 libri,
1210 1705 1316 1737 tertius
1331 1703 1358 1735 Τ
1361 1703 1500 1735 mematia
1522 1713 1575 1734 neu

644 1760 858 1792 Sectiunculas
871 1761 1007 1802 capitum
1022 1761 1160 1791 denotat.

164 1925 210 1972 A
226 1948 340 1969 unco
360 1948 475 1979 ponere
494 1943 611 1980 partem
626 1939 775 1970 exercitus
797 1939 818 1975 i,
835 1942 866 1975 6,

165 1984 208 2013 10
218 1981 290 2022 (pro
303 1991 364 2022 quo
379 1992 449 2011 mox
461 1993 467 2010 ι
480 1989 550 2022 post
562 1982 675 2022 terga).
688 1992 706 2012 a
716 1981 868 2012 frontibus

164 2024 187 2060 i,
203 2027 234 2060 6,
251 2026 290 2055 11
318 2034 336 2054 a
351 2023 502 2064 principio
517 2023 622 2055 Sicilia
636 2025 735 2065 patria
751 2024 867 2065 Cyclo-

165 2076 240 2107 pum
256 2066 315 2096 fuit
336 2065 378 2103 iv,
394 2069 427 2103 2,
444 2070 461 2097 1
495 2077 514 2096 a
528 2067 634 2107 prioris
649 2068 780 2097 fortunae
796 2077 867 2107 pro-

164 2108 244 2139 cella
258 2107 352 2139 animi
373 2110 412 2139 ad
435 2119 519 2149 spem
535 2110 708 2140 certaminis
721 2119 867 2140 revocan-

165 2155 213 2181 tur
234 2151 276 2188 iv,
292 2155 323 2187 5,
339 2154 360 2182 4
383 2162 401 2181 a
423 2151 546 2192 fastigio
562 2152 729 2193 majestatis
748 2152 781 2182 in
806 2162 867 2182 ser-

164 2194 292 2224 vitutem
309 2194 433 2224 redacta
454 2194 518 2230 xiii,
535 2198 565 2230 l,
582 2199 600 2226 5
625 2206 643 2225 a
665 2195 768 2225 castris
795 2205 867 2235 pro-

164 2236 255 2278 fugus
277 2236 349 2272 xxii,
372 2239 404 2273 8,
420 2240 440 2268 8
462 2246 481 2267 a
503 2237 607 2268 Sicilia
631 2238 714 2268 abire
736 2237 818 2273 xxiii,
835 2240 867 2274 3,

167 2281 207 2310 10
240 2278 433 2309 Demetrium
455 2289 474 2309 a
501 2280 692 2311 Macedonia
718 2290 868 2311 arcessere

166 2321 248 2358 xxvi,
260 2324 292 2357 3,
309 2324 328 2352 3

209 2363 261 2394 Ab
275 2363 414 2394 hostibus
429 2373 522 2404 quam
536 2374 555 2394 a
569 2364 631 2394 filio
646 2364 740 2394 tutior
761 2375 791 2401 x,
804 2366 835 2401 l,
847 2367 867 2396 7

166 2406 205 2437 ab
219 2406 288 2446 ipso
302 2405 408 2436 limine
422 2406 528 2446 patriae
544 2407 671 2437 abducti
693 2407 754 2442 xiV,
771 2410 802 2443 3,
814 2410 836 2438 9

208 2447 435 2479 Abdalonirnus
450 2459 488 2479 ex
498 2449 659 2479 hortulano
669 2449 805 2480 Sidouiae
816 2460 866 2480 rex

166 2489 209 2527 xi,
221 2494 274 2526 10,
286 2494 306 2522 8

209 2533 336 2564 Abditae
349 2532 458 2563 insulae
480 2532 513 2569 ii,
524 2536 576 2570 12,
593 2536 635 2566 16

209 2575 375 2607 Abducere
387 2574 519 2616 virgines
533 2581 605 2606 ante
619 2576 744 2617 nuptias
765 2574 827 2613 xxi,
836 2578 869 2612 2,

169 2621 210 2650 10
232 2618 327 2649 filiam
352 2617 483 2658 alicujus
516 2618 590 2655 xxii,
605 2621 636 2654 3,
658 2622 690 2650 1.
724 2618 786 2655 xiv,
803 2621 834 2654 3,
851 2622 872 2650 9

167 2661 320 2692 abductus
334 2661 368 2692 in
383 2665 534 2691 secretum
549 2661 633 2697 xviii,
649 2664 682 2697 7,
694 2663 715 2691 9
736 2661 871 2691 abducta

166 2704 200 2734 in
215 2704 338 2734 ltaliam
350 2702 515 2744 juventute
537 2704 609 2740 xvii,
625 2707 657 2740 2,
673 2707 713 2735 15
737 2704 872 2734 abducta

168 2746 197 2777 ei
223 2756 325 2777 sorore
356 2745 458 2783 xxxix,
472 2749 505 2784 4,
523 2750 541 2779 1
575 2746 716 2778 abductis
742 2746 871 2788 captivis

168 2789 250 2826 xxiX‚
265 2791 297 2824 4,
313 2791 335 2819 6

211 2831 358 2863 Abellani
380 2830 631 2863 Chalcidensium
646 2831 749 2863 coloni
774 2842 824 2870 xx,
841 2834 872 2869 l,

210 2915 330 2948 Abesse
345 2926 363 2947 a
376 2915 478 2949 liberis
499 2917 534 2955 ii,
548 2920 580 2956 5,
596 2919 615 2949 1
645 2916 771 2959 paulum
790 2927 809 2948 a
823 2926 875 2948 ca-

210 2970 324 3012 Delph.
339 2973 369 3002 et
389 2969 464 3004 Var.
480 2971 568 3003 Clas.

917 1939 1033 1978 pienda
1047 1939 1121 1969 urbe
1137 1938 1236 1969 abfuit
1258 1938 1290 1974 ii,
1306 1941 1337 1974 8,
1353 1940 1374 1969 4
1408 1936 1494 1968 abest
1522 1940 1621 1967 metus

917 1982 998 2023 (non
1013 1981 1118 2022 timet)
1133 1981 1166 2017 ii,
1182 1984 1236 2018 10,
1251 1983 1292 2013 23
1308 1980 1411 2011 Vorst.

959 2024 1065 2065 Abjici
1092 2034 1161 2054 ossa
1186 2023 1219 2054 in
1243 2033 1325 2053 mare
1345 2021 1440 2063 jussit
1459 2022 1504 2058 iii,
1530 2023 1563 2058 3,
1579 2023 1621 2052 12

916 2076 1027 2107 corpus
1042 2066 1232 2107 insepultum
1254 2065 1307 2102 xli,
1321 2068 1352 2102 6,
1369 2069 1387 2096 5
1412 2066 1443 2095 in
1459 2064 1622 2095 Oceanum

917 2109 989 2145 xliv,
1003 2112 1035 2146 4,
1050 2112 1070 2140 6
1093 2109 1234 2150 abjectus
1258 2113 1362 2149 partus
1387 2108 1429 2144 xi,
1447 2110 1498 2143 12,
1514 2110 1535 2138 6
1566 2107 1621 2136 ab·

913 2151 1008 2192 jectae
1023 2152 1163 2192 epistolae
1178 2151 1251 2182 totis
1266 2151 1371 2182 castris
1393 2150 1455 2188 xiv,
1471 2153 1502 2187 1,
1517 2152 1538 2181 9
1566 2150 1621 2179 ab·

912 2194 1007 2235 jectis
1019 2194 1108 2225 armis
1130 2194 1194 2230 viii,
1210 2197 1242 2230 2,
1258 2196 1278 2225 4

960 2236 1055 2267 Abire
1070 2237 1102 2267 in
1121 2247 1248 2278 regnum
1270 2235 1304 2272 ii,
1318 2238 1371 2272 13,
1386 2239 1407 2267 2
1441 2235 1473 2265 in
1496 2234 1621 2265 exilium

918 2279 960 2316 vi,
973 2283 1005 2316 4,
1018 2283 1037 2311 7
1060 2280 1092 2309 in
1105 2280 1225 2310 diversa
1246 2279 1310 2315 xlii,
1320 2281 1353 2314 4,
1369 2282 1389 2309 8
1411 2277 1516 2308 Sicilia
1531 2277 1572 2313 ἰν,
1589 2280 1622 2313 5,

918 2324 939 2353 2
963 2322 1104 2353 convivio
1136 2322 1188 2358 vii,
1205 2324 1236 2357 3,
1251 2324 1271 2352 4
1307 2331 1325 2351 a
1354 2320 1458 2351 Sicilia
1488 2318 1573 2356 xxiii,
1589 2322 1621 2355 3,

960 2405 1132 2446 Ablegatus
1145 2407 1183 2436 ab
1199 2416 1257 2436 avo
1272 2405 1305 2436 in
1320 2405 1428 2436 Persas
1452 2405 1473 2440 i,
1489 2407 1522 2440 5,
1537 2406 1557 2434 8

961 2449 1109 2479 Abnuere
1134 2447 1233 2479 totum
1255 2449 1345 2487 ix,2‚
1370 2450 1389 2478 8
1423 2446 1622 2477 collationem

919 2490 982 2527 xvi,
997 2493 1028 2527 3,
1042 2494 1063 2522 9
1085 2501 1195 2521 munus
1210 2490 1358 2520 libertatis
1379 2489 1501 2525 xxxviii,
1518 2491 1550 2525 2,
1566 2491 1587 2519 8

962 2532 1097 2564 Abolere
1111 2533 1234 2563 invidiae
1248 2533 1362 2562 sarnam
1382 2531 1447 2569 viii,
1463 2534 1495 2568 3,
1510 2534 1530 2562 7
1559 2531 1624 2562 cla-

919 2576 991 2606 dem
1015 2580 1175 2617 acceptam
1200 2585 1282 2606 nova
1305 2573 1435 2605 victoria
1456 2573 1538 2609 xxxi,
1554 2576 1587 2610 6,
1601 2576 1622 2605 8

919 2617 1071 2648 maculam
1092 2618 1231 2660 segnitiae
1262 2617 1364 2655 xxxvi,
1380 2620 1411 2654 1,
1426 2620 1447 2648 2
1480 2615 1623 2657 injuriam

919 2660 984 2696 xlii,
1001 2663 1033 2697 3,
1050 2663 1066 2691 1

963 2702 1146 2743 Aborigines
1168 2702 1258 2743 primi
1278 2701 1377 2733 Italiae
1392 2701 1525 2733 cultores
1547 2698 1623 2737 xliii,

922 2748 953 2782 1,
970 2749 989 2777 3
1020 2744 1223 2786 Aboriginum
1245 2750 1382 2786 pastores
1410 2743 1564 2775 Romulus
1591 2747 1624 2773 et

921 2788 1039 2820 Remus
1060 2787 1184 2825 xxxviii,
1199 2791 1231 2824 6,
1246 2791 1265 2820 7

965 2830 1122 2861 Abraham
1137 2841 1189 2861 rex
1204 2829 1350 2862 Damasci
1371 2829 1473 2867 xxxvi,
1488 2832 1521 2866 2,
1531 2830 1551 2860 3

966 2873 1109 2914 Abrupta
1131 2884 1193 2915 quo
1212 2873 1338 2904 nomine
1364 2872 1474 2904 Graece
1485 2880 1622 2913 pronun-

924 2916 1040 2947 tiantur
1054 2916 1095 2954 iv,
1112 2919 1143 2954 1,
1158 2919 1178 2948 7
1195 2921 1280 2948 terrae
1296 2920 1380 2948 motu
1398 2915 1497 2958 portio
1510 2912 1623 2946 monti·

817 2972 887 3004 lna.
909 2972 996 3003 Just.
1561 2978 1581 2998 a
