2101 3419
385 356 470 397 912

387 460 442 491 Cf.
470 459 543 490 haec
567 468 642 490 cum
663 458 767 491 Diod.
792 468 856 492 xx,
877 462 908 490 3.
930 463 966 491 et
990 469 1086 502 seqq.

386 511 544 550 Bongars.
576 510 652 542 Val.
676 510 728 542 M.
751 519 814 544 vn.
828 513 859 542 4.
896 510 993 541 Idem
1007 520 1086 541 con·

386 560 453 592 silii
473 559 644 591 Antiocho
668 560 758 601 Regi
784 560 827 592 ab
843 559 1011 592 Annibale
1028 560 1086 591 da-

387 616 458 643 tum
475 615 539 647 est,
552 616 589 642 ut
605 611 731 642 bellum
746 611 780 642 in
796 610 933 642 Italiam
949 610 1084 651 trajice-

387 666 452 694 ret.
474 662 548 692 Liv.
566 670 698 693 xxxlv.
715 664 768 692 59.
801 661 858 692 Ita
882 660 1036 692 Frontin.
1059 669 1085 691 1.

387 714 419 742 3.
437 714 467 743 8.
485 713 493 728 ‘
512 711 638 752 Scipio,
653 714 811 742 manente
826 710 859 741 in
874 710 976 741 Italia
992 710 1087 741 Han-

388 761 514 800 nibale,
536 761 730 792 transmisso
756 761 790 791 in
816 760 966 792 Africam
991 770 1087 791 exer·

388 811 471 852 citu,
489 811 730 842 necessitatem
751 811 1087 850 Carthaginiensibus

387 862 549 902 imposuit
561 861 744 893 revocandi
759 861 1005 892 Hannibalem:
1023 861 1088 891 sic-

389 921 455 953 que
479 922 498 942 a
524 911 716 943 domesticis
740 911 860 942 finibus
887 912 921 942 in
948 911 1087 942 hostiles

389 963 454 1003 [sic
469 962 627 993 emendat
643 962 809 1004 Freinsh.]
827 962 1001 993 transtulit
1018 961 1089 993 bel-

389 1012 482 1043 lum.’
508 1013 609 1043 Bern.

433 1064 485 1103 §2
511 1063 573 1098 Qui
595 1073 652 1094 sua
678 1063 759 1094 tueri
783 1072 842 1093 non
866 1061 1003 1102 poterat]
1027 1062 1089 1093 Co-

392 1112 458 1143 dex
475 1113 542 1143 Ms.
559 1117 646 1143 teste
663 1113 772 1153 Bong.
796 1122 858 1153 pro
887 1112 967 1142 tueri
987 1111 1089 1142 habet

390 1166 544 1194 etatuere:
561 1163 651 1204 quod
666 1173 733 1193 non
746 1162 927 1203 spernend.
941 1162 1089 1193 videtur.

392 1214 523 1244 Notum
552 1212 746 1243 ‘statuere'
778 1221 911 1253 qnoque
942 1211 986 1242 id.
1015 1221 1089 1242 esse

392 1262 493 1303 quod,
516 1263 655 1301 sistere3
679 1261 812 1302 dicique
832 1262 1006 1292 ‘statuere
1032 1270 1090 1291 na-

392 1313 491 1351 vem‚'
514 1312 680 1353 ‘eqnum,²
700 1313 709 1330 ‘
723 1310 848 1352 aquaS.’
890 1311 1027 1343 Deinde
1045 1311 1091 1350 ip-

392 1372 463 1393 sum
480 1364 488 1379 ‘
505 1361 598 1393 sisti'
618 1362 664 1392 id.
682 1371 814 1402 qnoque
836 1365 889 1392 est
911 1361 1014 1402 quod,
1031 1360 1092 1391 sal-

393 1422 471 1443 vum
502 1422 596 1442 esse:
627 1416 664 1442 nt
686 1421 759 1451 sup.
786 1411 827 1442 ad
855 1420 905 1442 XI.
934 1415 963 1442 1.
989 1414 1020 1442 6.
1049 1421 1091 1441 ex

393 1462 495 1492 Obss.
526 1461 689 1493 Gronovii
719 1461 904 1492 docuimus,
951 1461 1042 1493 Quid
1065 1461 1093 1492 si

393 1512 885 1550 igiturstatuamus‚Justinum
896 1515 1094 1543 suastatuere

393 1562 519 1592 dixisse
547 1572 620 1602 pro,
641 1572 700 1592 sua
723 1571 872 1600 servare,
893 1572 935 1593 ne
959 1572 1006 1594 sc.
1029 1561 1093 1592 dif-

393 1611 500 1643 fluant
516 1619 574 1643 aut
591 1611 804 1651 dilabantur3
822 1612 979 1653 quodque
993 1612 1093 1652 vulgo

392 1662 520 1702 legitur
535 1671 589 1692 sua
604 1662 697 1700 tueri,
719 1661 752 1692 id
772 1661 910 1692 alterins
927 1662 1094 1702 interpre-

395 1716 583 1742 tamentum
613 1721 701 1750 esse,
739 1711 828 1752 quod
858 1721 901 1742 ex
929 1721 1034 1752 marg.
1059 1712 1092 1742 in

394 1766 527 1792 textum
543 1761 742 1801 irrepserit?
771 1762 869 1793 Vorst.
913 1762 999 1793 Sunt
1023 1762 1094 1803 qui-

394 1811 457 1842 bus
475 1812 588 1851 placet
601 1815 736 1843 statuere
756 1821 817 1852 pro
831 1812 931 1843 tueri:
955 1812 1044 1853 quod
1061 1813 1093 1843 in

396 1861 465 1891 Ms.
496 1871 562 1891 uno
586 1861 770 1900 reperitur.
827 1862 899 1902 Ego
931 1867 1047 1902 putem
1076 1872 1095 1892 a

397 1911 536 1951 vulgata
560 1911 648 1941 hand
672 1911 913 1950 recedendum,
929 1912 1006 1952 quia
1029 1921 1096 1942 me-

396 1961 459 1991 lior
471 1961 641 2001 oppositio
658 1960 745 1991 inter
759 1961 942 2001 impugnare
957 1967 990 1991 et
1004 1962 1098 2000 tueri,

398 2020 497 2050 quam
535 2011 625 2041 inter
660 2009 844 2050 impugnare
880 2016 916 2041 et
951 2014 1097 2041 statuere.

398 2059 513 2090 Schef.
547 2059 636 2091 Add.
651 2063 785 2091 statuere
799 2070 855 2091 sua
869 2070 944 2092 esse
961 2062 1097 2101 loquen-

399 2111 433 2141 di
450 2121 554 2152 genus
567 2112 729 2151 insolens,
747 2116 783 2142 et
804 2121 823 2142 a
845 2112 935 2142 nullo
959 2122 1097 2153 usurpa-

400 2166 482 2192 tum.
507 2161 615 2192 Groev.

444 2213 460 2252 ξ
478 2214 496 2242 3
520 2211 628 2242 Status
640 2210 960 2252 praesentissortunae]
984 2211 1098 2249 F.for-

399 2264 485 2291 tuna.
513 2261 616 2292 Gron.

444 2312 462 2352 ς
478 2314 497 2341 4
516 2310 568 2341 Aa
585 2310 751 2341 obsidionis
765 2311 990 2351 necessitatem]
1006 2311 1099 2341 Prte-

401 2360 530 2392 ferend.
548 2360 724 2392 videbatur
741 2361 829 2402 quod
852 2362 977 2392 habent
1002 2361 1099 2401 impr.

401 2416 537 2441 veteres
566 2416 600 2441 et
623 2411 689 2441 Ms.
714 2420 811 2441 unus.
855 2411 965 2451 Bong.
993 2411 1099 2441 edidit

401 2461 569 2492 obsidionis
584 2462 773 2492 necessitate.
798 2463 902 2492 Bern.

445 2512 461 2551 ξ
479 2515 496 2541 5
521 2511 630 2541 Seri-os
655 2511 800 2542 militaris
820 2511 940 2552 oetatis]
973 2511 1028 2542 Ita
1043 2520 1100 2543 ιιι.

403 2566 433 2593 5.
451 2565 481 2594 6.
505 2563 578 2593 Liv.
607 2571 699 2593 xxii.
725 2566 777 2594 57.
804 2566 853 2594 ll.
889 2563 978 2594 Flor.
1004 2572 1043 2594 ιι.
1067 2566 1098 2594 (i.

403 2616 455 2644 50.
490 2613 588 2644 Idem.

448 2663 568 2702 Easque
579 2667 608 2694 et
621 2664 765 2702 mqjorem
778 2664 914 2704 partem]
932 2665 1016 2695 Mss.
1029 2664 1099 2704 plu-

403 2721 457 2742 res
480 2713 604 2743 habent
621 2723 669 2743 cos
690 2723 729 2744 ex
754 2713 867 2751 mqjore
885 2717 985 2753 parte,
1001 2723 1100 2754 quam

403 2762 482 2793 lect.
505 2768 588 2802 puto
607 2773 682 2794 esse
700 2773 820 2795 veram.
865 2765 967 2794 Certe
984 2774 1102 2794 secuu-

404 2811 483 2842 dum
500 2812 577 2843 lect.
594 2819 766 2853 receptam
782 2823 897 2844 servos
918 2824 1031 2845 omnes
1053 2824 1102 2843 se-

405 2872 480 2892 cum
511 2864 679 2902 sumserit,
704 2873 842 2894 necesse
868 2869 931 2894 est.
975 2863 1023 2895 At
1039 2864 1102 2894 hoc

405 2913 461 2943 vix
484 2923 564 2944 vero
587 2917 864 2946 cousentaneum.
910 2916 994 2947 Quae
1013 2915 1101 2946 enim

852 366 994 397 NOTAE
1027 365 1291 398 VARIORUM
1326 368 1377 398 IN

1135 460 1244 500 possit
1257 460 1329 491 dari
1343 460 1441 500 ratio,
1457 469 1531 502 quae
1547 460 1613 491 huc
1633 468 1709 491 eum
1729 458 1835 501 impu-

1135 510 1238 541 lerit?
1276 511 1354 542 Non
1383 520 1465 551 ergo
1495 511 1560 541 hoc
1591 509 1688 549 fecit,
1718 519 1834 541 verum

1135 560 1229 592 dedit
1245 570 1394 601 operam,
1409 565 1445 591 ut
1461 565 1495 591 et
1513 560 1602 590 domi
1625 564 1661 591 et
1679 558 1762 591 foris
1777 569 1835 590 ex-

1135 611 1262 642 ercitus
1290 615 1462 641 constaret
1486 610 1610 650 partim
1637 619 1680 640 ex
1706 609 1836 648 liberis,

1137 661 1262 701 partim
1293 670 1335 691 ex
1361 661 1469 692 servis
1502 660 1659 691 libertate
1690 659 1837 700 donatis,

1135 716 1174 743 nt
1202 712 1379 752 utrobique
1410 711 1624 742 aemulatione
1655 709 1698 741 ad
1729 709 1835 740 virtu·

1136 766 1206 792 tem
1227 761 1486 794 accenderetur.
1529 761 1698 802 Majorem
1723 765 1838 791 tamen

1137 816 1268 852 partem
1307 821 1480 843 servorum
1522 821 1637 842 secum
1679 810 1835 842 abduxit.

1135 861 1240 899 Schef.

1182 913 1308 943 Ceteros
1319 921 1421 943 omnes
1436 912 1475 942 ad
1490 909 1634 950 tutelam]
1659 910 1744 942 Cum
1769 908 1837 941 fra-

1137 964 1191 992 tre
1220 960 1408 992 Antandro.
1465 962 1520 992 Ne
1550 961 1629 1002 quid
1659 964 1771 992 autem
1801 970 1837 992 se.

1137 1010 1276 1042 absente
1291 1011 1493 1051 Syracusani
1517 1014 1705 1049 moverent,
1725 1008 1839 1049 διεζεύ-

1136 1072 1211 1099 γνυε
1235 1061 1291 1092 τὰς
1315 1061 1497 1100 συγγενείας
1523 1060 1575 1091 ἀπ’
1604 1059 1763 1100 ἀλλήλων,
1787 1059 1839 1091 καὶ

1136 1109 1273 1149 μάλιστα
1285 1110 1434 1150 ἀδελφοὺς
1450 1111 1501 1141 ἀπ’
1518 1111 1670 1151 ἀδελφῶν,
1682 1110 1733 1142 καὶ
1745 1109 1839 1142 ‘trare'-

1138 1173 1191 1202 ρας
1212 1161 1271 1192 ἀπὸ
1296 1161 1421 1199 παίδων,
1448 1167 1499 1201 nt,
1525 1162 1580 1202 qui
1609 1161 1699 1192 domi
1726 1170 1840 1192 mane-

1139 1212 1233 1249 bant,
1263 1211 1306 1242 de
1335 1212 1449 1243 amicis
1480 1217 1516 1243 et
1545 1211 1758 1252 propinquis,
1783 1210 1841 1252 qui

1140 1271 1216 1292 cum
1234 1261 1422 1302 Agathocle
1446 1266 1555 1301 erant,
1571 1261 1709 1302 soliciti,
1732 1262 1842 1303 quies-

1141 1316 1271 1342 cerent.
1295 1311 1395 1343 Diod.
1413 1320 1473 1342 xx.
1488 1314 1520 1342 4.
1544 1312 1650 1351 Bong.

1185 1362 1273 1394 CAP.
1289 1372 1322 1394 v.
1355 1364 1373 1403 ξ
1391 1366 1407 1393 1
1432 1363 1570 1402 Septimo
1586 1361 1701 1402 igitur]
1728 1362 1843 1393 Resti-

1141 1412 1258 1443 tuend.
1277 1416 1329 1444 est
1345 1422 1502 1443 numerus
1519 1413 1550 1442 in
1572 1412 1678 1443 Diod.
1694 1412 1767 1443 init.
1784 1411 1842 1443 lib.

1144 1472 1222 1495 xix.
1248 1464 1331 1494 Cum
1347 1464 1435 1494 enim
1452 1472 1513 1494 XX.
1526 1466 1578 1494 21.
1596 1462 1700 1502 dicat,
1712 1473 1731 1493 a
1743 1462 1844 1503 Troja

1143 1518 1245 1553 capta
1259 1513 1300 1544 ad
1316 1512 1514 1554 Agathoclis
1528 1513 1561 1543 in
1577 1511 1728 1543 Africam
1742 1521 1846 1552 expe-

1143 1563 1306 1594 ditionem
1333 1573 1405 1594 esse
1433 1573 1537 1594 annos
1563 1562 1643 1603 τρισὶ
1668 1562 1763 1593 πλείω
1785 1564 1846 1593 τῶν

1143 1612 1330 1643 ὀκτακοσίων
1350 1611 1550 1651 ὀγδοήκοντα,
1568 1612 1589 1643 ἰ.
1606 1622 1635 1643 e.
1655 1615 1730 1643 883.
1755 1616 1791 1643 et
1811 1612 1846 1643 in

1144 1662 1295 1694 Africam
1311 1662 1485 1704 profectus
1500 1663 1544 1693 sit
1567 1666 1585 1693 7
1608 1672 1694 1694 anno
1710 1662 1846 1703 imperii

1145 1716 1214 1747 sui:
1241 1721 1277 1746 nt
1303 1720 1339 1746 et
1364 1725 1406 1746 ex
1430 1715 1505 1755 ipso
1529 1715 1632 1746 Diod.
1649 1719 1801 1746 constat:
1827 1724 1847 1745 a

1145 1770 1247 1805 capta
1261 1765 1362 1805 Troja
1378 1764 1418 1795 ad
1431 1765 1501 1805 ejus
1518 1764 1732 1804 tyrannidem
1746 1768 1847 1795 erunt

1145 1814 1222 1845 anni
1239 1817 1313 1845 376.
1353 1815 1444 1845 Male
1460 1814 1564 1854 igitur
1588 1814 1622 1845 in
1647 1814 1748 1845 Diod.
1762 1813 1848 1854 legi·

1146 1869 1201 1895 tur
1225 1863 1392 1895 ὀκτακόσια
1422 1863 1568 1903 ἑξήκοντα
1594 1863 1636 1903 ἓξ,
1665 1863 1686 1895 i.
1712 1873 1742 1895 e.
1772 1866 1847 1895 866.

1146 1925 1221 1945 cum
1248 1915 1292 1945 sit
1318 1914 1452 1953 legend.
1482 1913 1657 1944 ἑπτάκοντα
1682 1911 1724 1952 ἕξ.
1772 1913 1850 1944 Nisi

1145 1964 1298 2003 superior
1313 1973 1472 1994 numerus
1489 1963 1718 1994 emendandus
1734 1963 1849 1994 videa-

1147 2018 1211 2052 tur,
1230 2018 1267 2044 ut
1291 2015 1440 2053 legamus
1466 2014 1654 2044 ἑπτακοσίων
1677 2023 1737 2053 pro
1758 2012 1849 2044 ὀκτα-

1145 2063 1264 2094 κοσίων.
1289 2064 1333 2094 Et
1351 2064 1413 2094 hoe
1431 2064 1552 2094 verius.
1580 2064 1686 2103 Bong.

1189 2114 1342 2154 Archag]
1364 2114 1557 2155 Ἀρχάγαθος
1579 2115 1626 2145 fil.
1648 2114 1848 2155 Agathoclis

1148 2171 1290 2196 vocatur
1316 2176 1335 2196 a
1364 2167 1465 2197 Diod.
1486 2175 1548 2198 xx.
1578 2170 1628 2197 10.
1652 2169 1705 2197 33.
1730 2169 1782 2198 57.
1814 2172 1850 2198 et

1146 2226 1238 2257 seqq.
1257 2226 1372 2247 verum
1400 2217 1433 2247 in
1454 2218 1617 2257 Excerpt.
1636 2216 1849 2256 Porphyrog.

1149 2275 1181 2306 p.
1198 2268 1274 2297 258.
1289 2273 1324 2297 et
1341 2277 1359 2297 a
1375 2266 1499 2307 Polyb.
1517 2267 1636 2306 Legat.
1652 2275 1677 2296 1.
1701 2263 1851 2306 Ἀγάθαρ-

1149 2327 1217 2354 χος.
1255 2316 1353 2348 Quod
1372 2326 1489 2347 nomen
1507 2317 1604 2347 alteri
1622 2314 1765 2355 praefert
1781 2316 1850 2346 Va-

1151 2366 1260 2405 tesius,
1273 2367 1350 2407 qnia
1374 2367 1514 2408 propius
1538 2367 1669 2398 accedit
1685 2365 1727 2397 ad
1745 2366 1851 2407 patris

1151 2425 1283 2446 nomen.

1194 2466 1262 2499 Quo
1278 2464 1474 2504 veherentur]
1497 2458 1552 2496 Ita
1567 2465 1664 2497 Junt.
1682 2470 1717 2497 et
1732 2468 1853 2504 postea

1150 2514 1282 2554 rictique
1296 2515 1426 2545 victores
1441 2514 1570 2545 insecuti
1585 2515 1646 2544 sint
1659 2525 1669 2545 .·
1685 2515 1751 2545 Ms.
1768 2517 1852 2545 utro-

1151 2573 1224 2603 que.-
1249 2564 1323 2594 hinc
1341 2564 1426 2595 bene
1447 2564 1542 2596 Junt.
1562 2565 1702 2604 ultroque
1721 2565 1854 2595 victores

1151 2615 1209 2644 ins.
1225 2614 1300 2644 sint.
1327 2614 1443 2645 Gracv.

1194 2663 1247 2702 §3
1271 2662 1465 2702 Superesset]
1491 2663 1527 2694 F.
1544 2672 1707 2703 superesse.
1731 2662 1837 2694 Gron.

1196 2714 1213 2753 ξ
1231 2717 1249 2743 4
1275 2712 1498 2753 Deficientibus
1513 2713 1618 2752 sociis]
1641 2714 1723 2744 Tac.
1742 2712 1788 2744 H.
1811 2722 1852 2745 11.

1153 2767 1205 2794 97.
1236 2763 1436 2803 ‘l’rosperis
1465 2763 1531 2794 tuis
1562 2764 1661 2793 rebus
1687 2763 1854 2794 certaturi

1152 2813 1192 2844 ad
1212 2813 1419 2854 obsequium,
1434 2813 1606 2843 adversam
1622 2812 1792 2843 fortunam
1810 2823 1853 2843 ex

1153 2873 1249 2905 aequo
1264 2863 1483 2894 detrectant.’
1516 2863 1669 2903 Thucyd.
1685 2863 1726 2894 de
1748 2862 1854 2894 Athe·

1154 2914 1317 2946 niensium
1330 2914 1428 2946 sociis
1445 2924 1469 2946 1.
1487 2917 1538 2946 20.
1556 2918 1609 2946 20.
1627 2919 1661 2946 et
1683 2923 1708 2946 1.
1725 2917 1778 2946 24.
1800 2917 1852 2946 35.
