2101 3419
419 344 507 386 854

422 455 487 482 est.
532 450 613 490 Leg.
645 451 861 493 confirmarem
886 453 1053 485 Eumenes
1070 464 1118 485 sc.

422 501 479 532 Ita
507 505 543 532 et
570 501 604 532 in
629 502 697 532 Ms.
726 502 828 543 legaS.
875 503 976 536 Quod
1000 514 1061 535 cur
1077 504 1120 535 ab

421 552 494 582 aliis
524 553 739 593 praeteritum
770 552 886 591 fuerit,
915 564 980 585 non
1010 554 1121 594 video,

422 603 487 633 nisi
503 603 530 633 si
545 612 613 633 non
637 603 806 635 viderunt.
830 604 941 636 faber.
986 605 1120 645 Depre-

420 652 541 684 hendit
556 653 610 684 hic
633 658 767 694 turpem
782 654 935 685 mendam
952 654 994 686 ab
1011 655 1120 686 edito-

422 703 515 734 ribus
533 704 795 744 praetermissam
810 705 847 735 T.
864 705 986 745 Faber,
1008 710 1043 736 et
1066 715 1120 736 ve-

423 754 553 785 rissime
567 753 650 784 vidit
665 754 801 794 legend.
818 764 892 785 esse
913 754 1120 796 confirmaret,

422 809 457 835 et
473 804 521 835 sic
538 804 637 845 plane
653 805 730 835 olim
747 805 842 837 Junt.
871 805 978 836 Groev.

470 855 558 885 Unde
573 864 658 884 soror
671 855 848 885 Alexandri
865 854 979 894 staret]
1025 855 1071 885 H.
1089 864 1121 885 e.

423 905 623 945 quibuscum
643 905 813 936 sentiebat
826 905 1012 936 Alexandri
1028 915 1122 936 soror

424 957 621 997 Cleopatra.
666 958 741 988 Liv.
772 967 852 989 xxr.
877 961 929 988 10.
950 958 1122 988 ‘Eventus

422 1007 518 1047 belli,
544 1008 637 1038 velut
659 1017 774 1049 aequus
801 1008 921 1048 judex,
949 1007 1037 1038 unde
1062 1008 1122 1048 jus

423 1057 552 1097 stabat,
570 1057 602 1087 ei
617 1057 791 1087 victoriam
808 1056 923 1087 dedit!
948 1065 1053 1088 xxw.
1068 1060 1121 1087 45.

423 1108 432 1124 ‘
455 1107 522 1139 Qui
553 1107 689 1137 aliunde
719 1111 787 1138 stet
812 1117 959 1146 semper,
987 1108 1123 1138 aliunde

425 1157 562 1198 sentiat,
585 1156 708 1187 infidus
732 1157 843 1188 socius
859 1156 879 1187 ε’
902 1162 936 1188 ct
964 1166 1053 1188 xxv.
1073 1160 1121 1188 15.

424 1208 522 1239 ‘Nec
548 1208 630 1239 satis
660 1207 729 1238 fido
756 1209 866 1237 animo
890 1207 979 1237 unde
997 1217 1124 1247 pugna-

424 1257 483 1288 bat
499 1261 644 1288 stantem
661 1257 834 1296 extemplo
848 1256 880 1286 in
899 1255 1011 1295 fugam
1029 1267 1124 1287 aver—

425 1312 544 1339 terunt
559 1308 579 1338 z'
603 1312 639 1339 et
654 1307 788 1338 Auctor
804 1316 837 1337 v.
854 1310 885 1337 4.
910 1307 919 1323 ‘
935 1307 1035 1337 Unde
1057 1312 1123 1338 ste-

426 1359 525 1390 tisset
538 1357 746 1398 Alcibiades,
756 1366 794 1388 eo
810 1367 846 1388 se
863 1357 1003 1388 victoria
1015 1362 1124 1388 trans-

426 1407 580 1439 ferebat!
608 1409 706 1438 Gron.

470 1461 524 1500 §9
546 1458 600 1490 Ad
626 1458 837 1499 Antigonum]
884 1458 925 1489 In
955 1458 1040 1490 Mss.
1071 1462 1124 1489 est

425 1510 596 1549 Antigono.
641 1509 801 1549 Sequitur
816 1519 899 1549 ergo
915 1510 1057 1539 alterum
1071 1509 1124 1540 lio-

427 1569 498 1591 rum
514 1559 709 1599 glossatoris
726 1569 887 1597 esse,non
901 1559 1037 1591 Justini.
1062 1560 1127 1590 Mi-

426 1611 459 1641 hi
480 1620 559 1641 vera
575 1610 655 1640 lect.
674 1610 758 1640 Mss.
774 1609 923 1640 videtur.
941 1609 1048 1647 Sclref.

470 1661 544 1700 §10
570 1660 660 1690 Fidei
685 1659 891 1700 sacramento]
936 1660 1021 1691 Mss.
1060 1659 1125 1690 mei

416 1710 498 1751 fidei
511 1710 716 1741 sacramenti:
740 1714 842 1751 atque
871 1710 920 1740 ita
943 1710 1045 1741 etiam
1069 1711 1125 1741 ba-

429 1762 509 1792 bere
524 1771 599 1792 suos
624 1762 709 1792 Mss.
726 1761 835 1801 Bong.
852 1765 1007 1792 testatur.
1053 1761 1125 1801 Ego

427 1818 552 1852 tamen,
567 1812 631 1842 etsi
649 1811 698 1842 ita
728 1811 905 1842 commodo
933 1822 1031 1842 sensu
1059 1813 1125 1853 legi

429 1872 527 1902 posse
544 1862 749 1901 video‚nibil
765 1862 914 1894 demuto,
927 1863 1016 1893 Mod.
1041 1863 1125 1894 Mss.

427 1921 543 1943 omnes
557 1911 665 1943 Modii
682 1917 716 1942 et
733 1913 912 1952 Bongarsii
927 1913 1010 1954 fidei
1024 1922 1126 1943 sacra·

427 1966 521 1993 ment.
582 1961 682 1994 Quod
725 1962 848 1993 merito
896 1963 1046 1994 Gronov.
1075 1972 1124 1994 ιν.

429 2012 512 2042 Obs.
531 2014 580 2042 17.
605 2012 822 2051 amplectitur
837 2013 901 2043 hoc
920 2022 1019 2043 sensu
1036 2023 1043 2043 ε
1059 2013 1127 2045 Qui

429 2067 570 2103 propter
586 2072 679 2102 spem
697 2062 910 2102 praemiorum
927 2063 1127 2093 malletsan-

430 2113 530 2153 guine
547 2111 642 2143 ducis
655 2121 691 2142 se
709 2111 1125 2153 cruentare,quamf1dem

426 2162 630 2194 sacramenti
643 2171 791 2192 servare.
838 2162 932 2192 Fides
943 2164 1127 2193 sacramenti

429 2214 566 2254 dicitur,
581 2218 619 2245 ut
640 2214 649 2230 ‘
667 2214 786 2253 religio
803 2214 1029 2254 sacramenti,'
1055 2215 1063 2230 ‘
1076 2224 1127 2245 re-

430 2266 510 2305 ligio
530 2264 778 2305 jurisjurandi.’
803 2265 911 2295 Graev.
958 2263 1014 2295 Al.
1042 2263 1126 2295 edit.

419 2315 501 2355 fidei
526 2314 723 2346 sacramenti.
747 2314 869 2344 Faber.
925 2314 1000 2344 Non
1026 2323 1127 2345 sacra-

428 2368 544 2405 mento,
574 2365 631 2396 sed
661 2365 857 2402 sacramenti,
889 2365 1021 2404 legend.
1056 2374 1128 2396 esse

430 2416 596 2447 assentior
613 2415 796 2446 Gronovio.
821 2415 962 2446 Habent
977 2415 1026 2446 ita
1045 2415 1127 2447 Mss.

431 2465 594 2505 Modiaui,
608 2470 643 2497 et
660 2465 794 2506 quidam
810 2466 914 2496 etiam
938 2475 956 2496 e
981 2466 1131 2506 Bongar-

428 2516 543 2548 sianis.
582 2516 727 2557 Ipseque
744 2514 873 2556 positus
886 2515 1065 2547 verborum
1083 2516 1130 2547 ita

430 2566 564 2607 legend.
592 2566 716 2605 arguit.
761 2565 797 2596 Si
824 2565 913 2596 enim
940 2570 1130 2597 sacramento

430 2617 615 2656 legeretur,
638 2613 756 2646 ‘fidei'
791 2618 881 2645 esset
906 2614 1046 2646 secundi
1074 2625 1130 2646 ca-

432 2677 486 2697 sus
498 2678 506 2705 ;
519 2666 654 2707 duoque
670 2665 740 2706 ejus
753 2674 852 2696 casus
870 2665 1036 2696 vocabula
1052 2675 1130 2697 con-

431 2722 618 2749 currerent.
662 2715 731 2747 Sed
747 2721 782 2747 et
798 2725 859 2756 per
876 2725 912 2746 se
935 2716 1063 2747 rectius
1085 2717 1131 2747 vi-

432 2768 534 2799 detur
563 2768 572 2784 ‘
587 2765 671 2798 fides
688 2765 918 2805 sacramenti‚’
946 2766 968 2796 i.
981 2775 1011 2798 e.
1028 2766 1130 2807 juris·

427 2817 580 2858 jurandi,
607 2826 705 2857 quam
729 2817 998 2848 ‘sacramentum
1025 2817 1130 2849 fidei.'

434 2868 505 2899 Cic.
524 2877 578 2898 ιιι.
603 2866 671 2898 Off.
693 2866 702 2883 ‘
721 2868 783 2898 Est
815 2872 927 2897 autem
949 2867 1006 2907 jus
1037 2868 1130 2899 belli-

435 2928 523 2958 cmn,
538 2917 690 2959 fidesque
703 2916 925 2958 jurisjurandi
940 2927 1031 2958 saepc
1054 2928 1131 2950 cum

874 356 1016 387 NOTAE
1050 357 1316 388 VARIORUM

1349 357 1399 388 IN

1171 453 1267 484 hoste
1284 451 1474 484 servanda!
1502 450 1638 484 Dicitur
1649 460 1781 492 quoque
1795 450 1806 469 ⁴
1819 460 1870 482 re-

1170 504 1251 544 ligio
1281 503 1510 541 sacramenti,’
1550 503 1560 521 ‘
1583 502 1705 542 religio
1729 501 1872 541 jurisju-

1171 553 1292 585 randi.'
1336 553 1415 585 vid.
1445 552 1598 584 Gronov.
1628 560 1677 582 lv.
1706 554 1758 582 17.
1783 550 1870 581 Obs.
1898 559 1902 562 ’

1175 604 1249 635 Vor.

1214 654 1286 694 §11
1313 653 1449 693 callide]
1485 651 1691 693 Hujusmodi
1707 650 1871 682 callidita-

1171 703 1213 734 tis
1229 705 1387 744 exempla
1410 703 1572 734 nonnulla
1602 702 1786 734 Frontinus
1814 702 1873 732 lia·

1171 753 1229 785 bet
1242 754 1394 793 Strateg.
1410 763 1449 784 11.
1465 756 1497 784 7.
1521 753 1619 784 Rern.

1215 806 1231 845 ξ
1250 807 1289 836 12
1317 805 1502 844 Exemplum
1515 803 1695 844 pessimum]
1718 802 1798 834 Vid.
1814 811 1872 833 no-

1172 859 1239 886 tam
1257 855 1299 885 ad
1316 864 1368 886 xr.
1383 858 1433 886 15.
1451 857 1502 885 12.
1528 854 1579 884 Id.

1215 906 1289 944 §13
1316 905 1354 934 In
1380 903 1528 944 praesenti
1560 902 1731 933 labantium
1756 902 1872 933 animos

1171 954 1338 993 deterruit]
1362 954 1474 984 Nolim
1492 954 1556 984 hoc
1571 954 1603 983 in
1619 954 1765 992 prasenti
1780 953 1874 983 darn-

1172 1014 1265 1043 nare,
1282 1014 1356 1034 nam
1376 1004 1533 1034 Latinum
1561 1008 1626 1043 est,
1652 1008 1691 1034 ut
1713 1004 1768 1034 ‘in
1786 1012 1871 1043 prae-

1173 1054 1284 1084 sentia
1296 1053 1318 1091 ;'
1341 1058 1455 1084 tamen
1472 1054 1573 1084 aliter
1590 1053 1766 1093 scripsisse
1782 1053 1873 1085 Just.

1174 1104 1298 1142 cred03
1315 1104 1346 1134 in
1360 1113 1509 1143 proesens,
1537 1112 1583 1134 sc.
1599 1112 1699 1144 quum
1722 1112 1798 1132 mox
1816 1101 1874 1139 adg-

1173 1153 1232 1184 dat
1257 1154 1310 1184 ‘in
1328 1153 1506 1185 futurum.'
1532 1153 1640 1183 Faber.
1686 1153 1783 1184 Junt.
1799 1152 1874 1182 reti-

1173 1204 1251 1235 nuit.
1286 1204 1384 1236 Quod
1401 1213 1480 1234 sane
1497 1204 1635 1243 vulgato
1652 1202 1876 1243 praetulerim.

1175 1255 1268 1285 Suet.
1287 1254 1358 1286 Jul.
1374 1257 1406 1285 4.
1430 1255 1438 1269 ‘
1452 1254 1626 1285 Nutantes
1642 1259 1677 1284 et
1694 1253 1812 1283 dubias
1829 1252 1874 1283 ci-

1174 1307 1298 1336 vitates
1314 1305 1457 1337 retinuit
1483 1306 1516 1336 in
1542 1304 1642 1336 fide?
1673 1309 1707 1335 et
1731 1313 1805 1344 cap.
1821 1306 1873 1334 17.

1172 1357 1181 1372 ‘
1195 1356 1249 1386 Ad
1267 1356 1478 1386 retinendam
1509 1354 1666 1395 Pompeii
1692 1353 1876 1384 necessitu-

1174 1406 1284 1437 dinem
1302 1416 1341 1437 ac
1359 1405 1597 1437 voluntatem.'
1644 1405 1715 1436 Cic.
1732 1414 1756 1436 1.
1780 1405 1875 1435 Fam.

1173 1459 1205 1487 7.
1229 1456 1369 1487 ‘Virum
1397 1457 1635 1495 excellentem,
1661 1460 1695 1486 et
1728 1455 1790 1486 tibi
1818 1460 1876 1486 tua

1175 1506 1352 1546 praestanti
1368 1506 1400 1536 in
1418 1515 1492 1536 eum
1507 1505 1713 1536 liberalitate
1737 1504 1875 1536 devinc-

1175 1561 1259 1595 tum,
1276 1566 1341 1586 non
1370 1556 1451 1586 nihil
1475 1556 1706 1596 suspicantem
1733 1559 1877 1596 propter

1175 1607 1360 1647 aliquorum
1379 1606 1573 1647 opinionem
1589 1605 1789 1646 cupiditatis
1805 1614 1875 1636 suae

1176 1662 1209 1688 te
1227 1656 1269 1688 ab
1287 1667 1321 1688 se
1335 1657 1530 1696 alienatum,
1553 1656 1610 1687 illa
1634 1655 1778 1696 epistola
1794 1654 1876 1686 reti-

1174 1707 1299 1738 unisti?
1355 1707 1394 1738 In
1409 1707 1486 1739 ead.
1503 1708 1568 1747 Ep.
1593 1710 1603 1725 ‘
1617 1707 1712 1739 Quos
1728 1705 1876 1737 favendo

1175 1758 1208 1788 in
1227 1757 1345 1788 eadem
1374 1767 1476 1788 causa
1506 1757 1652 1788 retinere
1679 1760 1878 1797 potueruut,

1175 1807 1356 1838 invidendo
1392 1807 1694 1838 abalienavemnt.'
1735 1806 1877 1837 Terent.

1176 1857 1324 1898 Adelph.
1349 1857 1598 1888 ‘Liberalitate
1623 1857 1769 1887 retinere
1793 1855 1876 1887 libe-

1175 1908 1255 1939 ros.’
1301 1909 1424 1939 Potest
1443 1913 1553 1938 tamen
1571 1912 1605 1938 et
1615 1907 1766 1938 deterruit
1781 1906 1876 1946 ferri,

1175 1964 1211 1989 nt
1229 1958 1284 1997 sit,
1300 1958 1332 1988 in
1356 1958 1453 1988 aliam
1480 1958 1683 1988 sententiam
1702 1956 1876 1997 perduxit,

1175 2008 1261 2038 fidos
1279 2008 1342 2038 sibi
1369 2006 1533 2037 reddidit.
1590 2007 1761 2037 Deterrere
1787 2006 1875 2037 enim

1177 2069 1267 2099 saxpe
1285 2062 1348 2095 est,
1364 2058 1434 2088 sine
1451 2057 1549 2087 ullius
1567 2057 1706 2087 terroris
1722 2061 1758 2087 et
1774 2056 1880 2086 mina-

1177 2120 1248 2140 rum
1278 2112 1438 2149 respectu
1461 2106 1647 2145 dehortari,
1669 2105 1878 2145 dissuadere,

1177 2159 1368 2190 rationibus
1395 2157 1600 2197 compellere
1627 2161 1662 2187 et
1687 2155 1876 2197 perducere

1177 2219 1219 2240 ne
1247 2208 1328 2249 quid
1357 2207 1473 2239 facias.
1520 2207 1636 2237 Plant.
1666 2206 1742 2237 Mil.
1773 2215 1814 2237 ιι.
1845 2208 1876 2236 3.

1177 2264 1185 2279 ‘
1202 2262 1260 2293 Me
1275 2262 1373 2291 homo
1387 2269 1485 2291 nemo
1501 2259 1724 2299 deterruerit,
1738 2260 1818 2301 quin
1836 2269 1878 2291 ea

1179 2312 1272 2343 sitin
1298 2310 1462 2341 aedibnsz'
1487 2310 1519 2341 11.
1536 2319 1565 2341 e.
1590 2310 1670 2340 mihi
1694 2320 1793 2342 nemo
1813 2311 1877 2342 boc

1179 2363 1396 2404 persuaserit.
1442 2362 1513 2393 Cic.
1526 2371 1565 2393 ιι.
1583 2361 1625 2393 de
1642 2362 1742 2395 Orat.
1766 2364 1774 2380 ‘
1789 2363 1877 2394 Nam

1179 2424 1289 2456 neque
1305 2413 1345 2453 is,
1361 2412 1417 2453 qui
1436 2413 1563 2452 optime
1582 2417 1705 2452 potest,
1719 2413 1877 2445 deseren-

1180 2465 1241 2496 dus
1258 2468 1310 2495 est
1325 2464 1392 2494 ullo
1406 2462 1503 2493 modo
1521 2472 1539 2493 a
1554 2463 1789 2495 cohortatione
1805 2473 1877 2495 nos-

1181 2521 1245 2555 tra,
1261 2524 1382 2556 neque,
1400 2514 1456 2555 qui
1473 2514 1598 2555 aliquid
1615 2519 1745 2555 potest,
1766 2515 1878 2546 deter-

1181 2565 1328 2598 rendus.'
1396 2565 1497 2596 Plura
1534 2565 1691 2605 exempla
1733 2570 1812 2596 sunt
1845 2565 1877 2596 in

1180 2620 1353 2658 promptu,
1369 2614 1426 2646 sed
1438 2615 1509 2655 jam
1523 2615 1658 2645 modum
1672 2616 1878 2647 excessimus

1179 2668 1296 2698 barum
1323 2665 1523 2696 notularum.
1571 2665 1611 2695 Id
1640 2669 1766 2705 tamen,
1788 2666 1877 2707 quod

1180 2727 1233 2758 ap.
1248 2717 1344 2750 Junt.
1371 2720 1481 2755 extat,
1502 2714 1556 2746 hic
1580 2720 1631 2746 est
1655 2714 1827 2747 efficacius
1843 2721 1880 2747 et

1181 2768 1308 2809 aptius.
1333 2767 1439 2798 Graev.

1224 2815 1405 2855 Deterruit]
1430 2815 1470 2846 In
1487 2815 1582 2847 Junt.
1595 2815 1737 2846 retinuit.
1785 2815 1878 2846 Bene

1181 2867 1262 2899 illud
1279 2867 1426 2908 quidem,
1438 2865 1497 2896 sed
1512 2874 1575 2895 nec
1590 2865 1740 2896 deterruit
1757 2865 1878 2896 malum

1182 2924 1246 2960 est,
1268 2923 1305 2950 ut
1329 2920 1337 2936 ‘
1353 2922 1485 2950 ceteros
1516 2926 1534 2947 a
1564 2915 1742 2948 scribendo
1765 2916 1879 2948 doter-
