2101 3419
483 373 739 405 RECENSUS
780 373 1056 403 mirionum
1091 373 1303 404 JUSTlNl.
1497 361 1607 402 1045

163 481 198 512 et
221 473 306 511 libri
329 483 377 510 11.
434 476 443 491 ‘
466 472 521 508 Ex
543 469 712 507 secundo
732 468 921 506 volumine
939 469 1056 518 Trogi
1079 470 1227 520 Pomp!
1272 473 1332 510 Ad
1354 474 1501 514 calcem
1522 477 1609 516 libri

166 547 288 575 κων.
308 540 439 572 extant
458 533 543 570 haec
564 532 754 570 disticha:

324 596 473 646 Aspicis
493 596 648 633 illustris
667 595 788 632 lector
807 593 1030 644 quicunque
1051 595 1205 633 libellos

377 660 415 697 Si
435 659 545 708 cupis
564 657 755 696 artificum
777 657 931 694 nomina
949 669 1062 695 nosse
1080 670 1089 695 ε
1119 659 1217 708 lege.

324 725 471 772 Aspera
491 721 634 758 ridebis
653 720 881 771 cognomina
899 720 1075 758 Teutona
1094 734 1104 758 ε
1133 721 1259 760 forsan

376 784 532 835 Mitiget
550 796 609 821 ars
628 783 749 820 Musis
769 783 889 820 inscia
909 783 1025 821 verba
1041 784 1176 822 virum.

323 846 525 886 Conradus
544 845 796 896 Sweynheim,
819 845 1016 884 Arnoldus
1035 846 1303 897 Panuartzque
1323 849 1493 900 magistri

378 911 499 948 Rome
517 909 789 959 impresserunt
808 908 898 947 talia
918 910 1037 947 multa
1057 909 1183 947 simul.

324 974 457 1010 Petrus
478 984 566 1010 cum
586 970 699 1008 fratre
721 971 750 1008 F
753 971 927 1009 ranciseo
947 971 1142 1010 Maximus
1163 974 1279 1011 ambo

372 1036 473 1074 Huic
494 1035 601 1086 operi
615 1041 785 1084 aptatam
802 1035 1048 1073 contribuere
1069 1036 1241 1076 domum.

448 1108 499 1135 M.
520 1107 642 1135 cccc.
664 1107 811 1135 Lxxn.
832 1097 894 1135 die
916 1108 1049 1137 xxvr.
1069 1100 1323 1149 Septembris.

168 1161 339 1198 Maittar.
358 1173 444 1210 pag.
466 1166 557 1199 313.
590 1160 657 1210 qui
678 1160 834 1211 quidem
864 1161 1056 1199 Justinum
1080 1175 1154 1200 una
1173 1175 1262 1200 cum
1286 1164 1398 1202 Floro
1416 1164 1609 1216 prodiisse

165 1223 202 1260 in
225 1224 296 1261 hac
317 1224 378 1261 ed.
399 1224 475 1262 ait:
505 1224 610 1274 quod
642 1224 873 1275 persuadere
903 1225 1022 1275 possit
1047 1225 1088 1264 τὸ
1117 1226 1279 1272 libellos,
1302 1241 1389 1278 quae
1410 1241 1482 1265 vox
1505 1235 1611 1266 extat

166 1289 204 1323 in
225 1287 349 1337 primo
370 1300 494 1325 versu.
550 1288 627 1325 Sed
655 1287 692 1324 in
718 1287 871 1325 duobus
891 1287 1186 1337 exemplaribus,
1208 1302 1369 1339 quorum
1393 1303 1508 1328 unum
1530 1303 1611 1328 ma-

167 1350 279 1387 nibus
307 1350 508 1400 oculisque
540 1350 702 1388 versavit
729 1349 950 1387 Gronovius
968 1349 1006 1387 in
1029 1349 1264 1388 bibliotheca
1284 1352 1431 1399 Meadi,
1452 1352 1611 1390 alterum

167 1418 382 1450 asservatur
427 1413 465 1451 in
510 1413 743 1450 bibliotheca
781 1411 1152 1461 Lugduno-Batava,
1188 1413 1427 1451 desideratur
1464 1415 1610 1453 Florus.

167 1473 370 1524 Ejusmodi
389 1475 604 1524 exemplum
620 1475 733 1512 etiam
753 1475 911 1512 extabat
930 1475 967 1511 in
990 1474 1229 1513 bibliotheca
1248 1476 1473 1514 Smithiana.
1503 1477 1611 1514 Idem

171 1537 402 1582 Gronovius,
430 1538 608 1587 primum,
642 1538 710 1587 qui
742 1537 896 1575 Florum
927 1537 1081 1575 Justino
1113 1538 1294 1576 comitem
1327 1539 1449 1586 dedit,
1479 1539 1611 1576 addito

166 1600 258 1637 anni
276 1606 315 1638 et
333 1600 409 1638 loci
430 1600 582 1645 indicio,
602 1601 823 1650 Philippum
844 1600 1018 1638 Pincium
1049 1602 1302 1639 Mantuanum
1325 1601 1556 1651 suspicatur,
1577 1602 1613 1638 in

166 1661 280 1711 cujus
301 1662 558 1712 typographia
586 1662 760 1701 Justinus
790 1668 828 1700 et
856 1662 987 1700 Florus
1017 1675 1091 1700 una
1122 1663 1276 1702 fuerunt
1292 1664 1425 1703 excusi
1446 1664 1613 1701 Venetiis

168 1737 227 1761 an.
254 1729 368 1769 1493.
424 1725 571 1763 Panzer
588 1724 704 1764 Tom.
728 1735 778 1764 11.
798 1738 836 1775 p.
859 1731 950 1764 431.

228 1793 330 1832 1474
358 1787 656 1826 Mediolanensis
677 1799 708 1827 1.
731 1802 762 1826 s.
782 1789 982 1828 Zarotina:
1004 1788 1073 1826 fol.
1093 1802 1208 1839 quam
1227 1789 1470 1827 Jensonianae
1490 1789 1614 1826 imita-

171 1851 305 1889 tricem
325 1864 421 1898 esse,
441 1852 605 1891 imitatio
635 1865 814 1890 versuum
845 1852 897 1890 illi
929 1852 1194 1902 subjectorum
1225 1853 1314 1891 satis
1347 1852 1498 1891 videtur
1517 1852 1611 1889 indi-

170 1927 283 1953 care:

328 1976 518 2014 Historias
539 1982 684 2015 veteres
701 1976 978 2027 peregrinaque
997 1983 1108 2028 gesta
1126 1978 1282 2015 revolvo

381 2039 573 2078 Justinus.
595 2039 678 2089 lege
697 2052 771 2078 me.
791 2052 872 2077 sum
887 2041 1041 2091 Trogus
1060 2041 1141 2090 ipse
1162 2040 1300 2079 brevis.

329 2103 456 2146 Quem
475 2114 607 2140 manus
624 2102 770 2141 Antoni
788 2102 954 2141 Zarotho
971 2103 1156 2153 sanguine
1177 2102 1272 2141 creti

381 2164 582 2215 Impressit
601 2164 734 2210 solers,
754 2163 1059 2214 Insubribusque
1079 2165 1200 2203 dedit.

173 2231 185 2248 ‘
203 2228 226 2266 J
232 2226 344 2265 ustiui
364 2227 550 2265 Historici
565 2226 763 2265 clarissimi
782 2226 818 2264 in
837 2226 959 2276 Trogi
977 2227 1132 2276 Pompei
1153 2225 1345 2264 Historias
1362 2224 1476 2263 Liber
1491 2235 1613 2263 xmv.

172 2289 332 2328 feliciter
351 2289 510 2339 explicit
531 2299 790 2327 MCDLxxlv.
822 2289 954 2327 Idibus
973 2290 995 2327 J
1000 2289 1318 2328 unii.-Maittar.
1338 2301 1379 2338 p.
1400 2292 1489 2326 335.
1519 2288 1615 2325 Pan-

175 2365 236 2389 zer
253 2352 371 2389 Tom.
393 2362 443 2389 11.
464 2364 505 2401 p.
527 2350 586 2389 16.

231 2413 333 2457 1476
362 2411 658 2450 Mediolanensis
680 2422 731 2448 11.
752 2411 818 2450 fol.
834 2424 904 2461 per
922 2412 1150 2462 Christoph.
1171 2411 1386 2450 Valdarfer.
1442 2415 1454 2432 ‘
1473 2411 1615 2449 Justini

176 2475 358 2513 Historici
377 2474 571 2513 clarissimi
591 2474 629 2511 in
648 2474 768 2524 Trogi
787 2475 960 2524 Pompeii
979 2474 1194 2512 Historias!
1228 2474 1272 2510 In
1293 2473 1391 2510 fine:
1421 2477 1433 2494 ‘
1453 2474 1616 2522 Impres-

173 2551 259 2577 sum
281 2537 490 2576 Mediolani
511 2549 580 2588 per
599 2537 920 2587 Christophorum
942 2536 1141 2574 Valdarfer
1160 2536 1479 2585 Ratisponensem
1500 2537 1615 2573 Anno

176 2600 332 2639 Domini
351 2609 660 2641 Mccchxxvl.
681 2600 770 2638 Kal.
784 2598 1142 2637 Junii.'-Maittar.
1162 2611 1202 2648 p.
1222 2597 1313 2637 361.
1341 2598 1487 2634 Panzer
1500 2597 1614 2635 Tom.

177 2673 228 2701 11.
249 2677 289 2714 p.
309 2668 374 2702 24.
428 2663 519 2707 Quo
548 2668 709 2701 curante
741 2661 845 2700 facta
871 2661 921 2699 sit
941 2662 1024 2699 haec
1044 2660 1177 2706 editio,
1196 2672 1305 2710 aeque
1326 2672 1415 2697 cum
1435 2659 1517 2696 aliis
1535 2672 1616 2697 nes-

177 2727 298 2764 cimus
315 2741 326 2772 ;
357 2726 424 2764 sed
442 2739 463 2763 e
482 2724 628 2763 Codice
647 2725 837 2775 perbono,
866 2737 990 2774 eoque
1009 2737 1099 2762 cum
1118 2723 1271 2774 optimis
1293 2723 1493 2772 Bongarsii
1512 2723 1615 2761 libris

177 2788 440 2834 conveniente,
461 2787 621 2826 ductam
651 2801 734 2825 esse
765 2788 864 2825 bene
897 2787 1008 2833 vidit,
1037 2786 1103 2837 qui
1133 2799 1215 2825 eam
1243 2786 1408 2824 contulit
1426 2787 1489 2824 Jo.
1513 2786 1614 2824 Frid.

180 2851 397 2897 Fischerus,
421 2863 531 2900 quem
553 2850 635 2888 vide
656 2851 691 2887 in
712 2850 824 2888 Praef.
846 2849 984 2888 Justini
1004 2849 1061 2887 sui
1080 2861 1143 2887 an.
1170 2854 1283 2893 1757.
1305 2848 1408 2895 editi,
1428 2860 1465 2897 p.
1488 2858 1581 2886 xxv.
