2174 3424
627 365 824 397 JUS'I'INI
857 366 952 396 Lm.
985 366 1055 396 xi.
1087 368 1192 397 CAP.
1231 357 1302 398 12.

232 461 333 500 enim,
348 463 434 492 ratus
448 462 505 499 est,
518 458 578 490 sibi
598 461 724 498 gratum
747 456 834 489 esse?
858 458 925 488 Ne-

229 512 299 542 scio
313 511 426 550 igitur,
447 518 489 539 an
504 518 570 539 non
586 509 640 539 hic
657 507 833 547 scripserit
848 507 924 539 Jus-

229 561 333 599 tinus,
346 562 483 599 gratum,
505 559 618 599 inquit,
643 558 703 589 sibi
722 568 793 589 esse.
839 558 923 589 Cum

228 609 421 651 praesertim
437 608 573 639 Curtius
592 612 748 648 testetur,
760 608 792 638 in
809 608 924 648 hujus-

229 659 321 691 modi
338 668 435 690 voces
449 658 605 698 Darium,
626 658 728 689 tensis
744 657 786 688 ad
802 658 924 688 coelum

228 708 394 749 manibus,
418 708 622 748 prorupisse,
649 716 698 738 tv.
720 710 770 738 10.
814 708 860 738 Et
882 717 924 737 ex

229 769 312 790 voce
327 758 429 799 inquit
445 758 556 798 perire
574 756 649 788 duae
666 757 782 797 primae
797 757 922 787 litterae

228 812 415 850 potuerunt
430 808 531 839 facile
557 812 698 848 propter
722 806 923 846 praecedens

228 868 271 897 m,
298 857 441 888 totidem
469 856 601 888 lineolis
629 860 810 893 constans;
846 859 924 895 post

228 909 393 950 reliquum
407 909 486 948 quit,
502 908 592 949 quod
619 917 752 938 sensum
779 905 923 937 habebat

226 959 368 998 nullum,
384 959 507 989 mutari
522 959 555 988 in
571 968 637 998 que.
662 956 775 988 Sclief.

275 1009 478 1048 Grutumque,
500 1008 568 1048 ξω]
602 1007 724 1039 Accius
746 1008 779 1038 in
804 1006 923 1038 Armo-

228 1068 300 1089 rum
316 1058 469 1090 Judicio:
493 1059 502 1074 ‘
517 1059 552 1089 Si
564 1062 678 1088 autem
694 1057 818 1097 vincas,
835 1056 923 1088 vinci

228 1118 247 1139 a
259 1109 319 1139 tali
335 1109 462 1140 nullum
478 1113 531 1140 est
547 1107 731 1149 probrum-³

272 1161 289 1200 ς
327 1162 367 1190 10
407 1159 511 1199 Offert
545 1158 669 1198 deinde]
713 1158 766 1188 De
802 1157 923 1188 oblatis

225 1209 320 1240 hisce
347 1209 593 1241 conditionibus
615 1218 691 1240 cum
715 1209 923 1239 consultare-

227 1263 296 1299 tur,
318 1264 354 1290 et
379 1259 558 1290 Parmenio
585 1259 736 1290 diceret:
759 1259 768 1275 ‘
785 1259 870 1299 Ego,
895 1258 923 1289 si

227 1309 423 1340 Alexander
438 1319 554 1349 essem,
571 1309 761 1349 acciperem
778 1308 925 1347 oblata3'

229 1358 375 1399 subjecit
391 1359 606 1390 Alexander:
629 1360 638 1376 ‘
654 1360 698 1390 Et
711 1369 784 1399 ego,
798 1359 824 1389 si
840 1359 924 1389 Par-

228 1409 340 1440 menio
355 1408 489 1440 essem?
521 1408 624 1440 Diod.
641 1417 736 1439 xvtl.
752 1411 804 1439 54.
829 1409 922 1439 Plut.

227 1458 327 1491 Alex.
343 1463 396 1491 51.
414 1459 468 1490 Sc.
483 1459 583 1499 juxta
598 1459 791 1489 Pedonem:
816 1459 824 1475 ‘
844 1459 922 1490 Non

228 1509 345 1541 eadem
362 1510 547 1550 vulgusque
573 1508 710 1548 decent,
726 1512 762 1539 et
776 1508 923 1540 culmina

228 1559 362 1591 rerum.'
387 1560 486 1590 Bern.

271 1610 336 1639 Pro
356 1609 482 1648 reliquis
503 1608 634 1648 captivis
649 1616 740 1639 xxx.
762 1608 859 1638 millia
875 1611 922 1639 ta-

227 1658 393 1698 lentorum]
422 1658 461 1689 In
485 1658 609 1688 nostris
635 1658 921 1688 Annotationibus

227 1710 262 1740 in
287 1710 328 1742 Q.
345 1708 498 1740 Curtium
515 1709 556 1739 de
572 1708 636 1739 hoc
656 1717 796 1739 numero
816 1709 923 1738 multa

229 1761 434 1801 scripsimus,
448 1770 545 1801 quam
562 1760 645 1790 mire
670 1760 714 1790 sit
729 1769 783 1799 ap.
807 1765 921 1790 aucto-

229 1820 284 1841 res
300 1810 459 1841 variatus.
505 1809 673 1840 Diodorus
695 1811 727 1839 3.
750 1809 800 1839 Μ.
817 1809 921 1839 talen-

230 1865 322 1891 tum:
347 1860 442 1890 Plut.
471 1863 506 1890 et
531 1859 665 1891 Arrian.
687 1862 738 1890 10.
756 1859 804 1889 Μ.
819 1859 922 1889 talen-

226 1915 297 1942 tum
314 1909 531 1951 (quamquam
545 1919 618 1940 eam
635 1919 705 1939 rem
721 1909 761 1939 ab
778 1908 921 1939 Arriano

227 1960 391 1998 omissam,
413 1959 491 2000 quia
516 1964 594 1990 ante
617 1959 721 1990 Gazae
747 1968 920 1999 oppugna-

225 2010 352 2042 tionem
379 2009 420 2040 ab
454 2018 494 2040 eo
528 2009 702 2048 descripta
731 2007 806 2047 fuit,
834 2008 920 2039 falso

227 2060 383 2100 opinatus
399 2058 526 2100 eram):
550 2059 701 2090 Valerius
715 2068 762 2090 Vl.
774 2062 804 2090 4.
821 2060 830 2076 ‘
845 2068 921 2089 cen-

227 2114 308 2140 tena
333 2108 458 2148 millia‚'
487 2108 546 2139 sed
576 2108 684 2139 codex
711 2112 812 2139 errat.
857 2108 920 2138 Le·

226 2158 327 2200 gend.
344 2159 433 2189 enim
450 2167 483 2189 x.
499 2159 607 2190 millia.
645 2159 685 2189 In
702 2159 819 2189 Curtio
836 2168 921 2189 sum-

226 2218 289 2239 mae
306 2209 440 2239 omnino
456 2212 639 2248 corruptae,
654 2208 798 2239 maxime
815 2218 920 2248 oppo-

224 2260 345 2291 sitione
370 2259 453 2298 auri,
475 2260 608 2300 quando
635 2259 849 2299 duodecuplo
873 2259 920 2289 sic

227 2314 403 2350 augeatur.
448 2310 521 2349 Ego
548 2312 598 2340 10.
626 2309 676 2340 Μ.
693 2309 804 2340 malim
822 2319 921 2349 quam

225 2362 278 2391 30.
306 2360 356 2390 M.
381 2364 511 2390 mortua
527 2359 598 2399 jam
619 2369 736 2390 uxore.
782 2359 921 2399 Verum,

225 2413 264 2440 ut
283 2408 355 2449 jam
371 2408 528 2447 diximus,
545 2418 610 2439 non
628 2413 681 2439 est
697 2408 801 2439 nostri
820 2418 921 2448 nego·

224 2458 276 2497 tii,
293 2462 395 2489 totae
409 2462 476 2489 tam
493 2458 641 2490 diversas
657 2468 793 2490 narrare
809 2463 922 2490 aucto-

226 2518 299 2539 rum
316 2508 500 2549 opiniones.
525 2509 617 2540 Glar.

269 2561 286 2601 ᾧ
311 2563 349 2591 11
373 2561 424 2592 Ad
439 2561 504 2591 hoec
517 2561 707 2600 Alexander,
727 2561 919 2600 gratiarum,

224 2610 294 2650 εγω]
332 2610 384 2642 Id.
415 2611 509 2642 Curt.
547 2612 556 2628 ‘
590 2611 758 2642 Nuntiate
790 2610 919 2649 Dario,’

225 2658 414 2690 Alexandri
452 2660 555 2691 verba
585 2666 675 2700 sunt,
709 2661 719 2677 ‘
750 2671 815 2699 me,
844 2670 919 2701 quae

225 2707 364 2739 fecerim
387 2710 572 2740 clementer
587 2714 624 2741 et
637 2710 837 2749 liberaliter,
853 2720 919 2740 non

226 2758 382 2789 amicitiae
405 2759 477 2799 ejus
502 2760 671 2800 tribuisse,
700 2761 759 2791 sed
788 2765 918 2791 naturae

225 2816 323 2838 meae.
368 2809 499 2840 Bellum
516 2819 590 2841 cum
611 2810 754 2851 captivis
770 2815 806 2841 et
822 2809 919 2840 femi-

225 2856 277 2887 nis
303 2865 421 2897 gerere
446 2867 512 2890 non
538 2859 640 2892 soleo.
683 2859 843 2891 Armatus
873 2859 918 2891 sit

1583 357 1668 398 797

974 464 1125 499 oportet,
1155 470 1254 501 quem
1284 461 1434 493 oderim.’
1491 462 1548 493 Ita
1577 463 1668 494 enim

973 517 1048 538 eum
1064 509 1174 539 locum
1191 516 1267 540 ante
1292 512 1413 542 multos
1431 521 1534 542 annos
1558 522 1669 542 emen-

973 558 1125 590 davimus
1142 561 1288 600 turpiter
1300 571 1342 591 ex
1354 562 1489 593 Justiuo
1502 568 1537 593 et
1553 563 1668 602 inepte

972 608 1235 648 interpolatum:
1261 615 1299 640 ut
1325 615 1359 641 et
1383 611 1569 642 alia'multa
1594 622 1667 653 quae

974 668 1029 698 ap.
1057 659 1156 691 eund.
1194 660 1395 699 scriptorem
1432 661 1583 700 proxime
1621 671 1670 692 se-

973 714 1135 750 quuntur,
1152 709 1194 740 de
1208 710 1327 750 quibus
1344 715 1414 741 tum
1431 711 1513 741 dixi.
1539 712 1624 743 Mod.

1017 760 1035 800 ξ
1059 762 1099 789 12
1123 760 1192 790 Nec
1207 762 1286 800 quod
1301 760 1333 790 in
1348 760 1454 790 dubios
1468 760 1539 790 belli
1554 761 1668 799 exieus,

972 812 1027 839 aut
1043 810 1076 840 z'n
1092 810 1175 848 leges
1196 810 1281 849 pacis
1305 809 1364 840 sibi
1389 809 1538 840 lenocinia
1554 819 1669 849 quoere-

971 860 1034 899 νει]
1070 860 1247 892 Quomodo
1280 861 1289 877 ‘
1314 860 1485 899 Vitellius,
1509 865 1668 899 respectu

973 919 1108 940 suarum
1124 910 1425 948 necessitudinum,
1451 909 1532 939 nihil
1548 909 1580 939 in
1598 910 1669 940 Do-

972 959 1146 990 mitianum
1164 965 1262 990 atrox
1280 958 1441 999 parabat‚’
1454 960 1537 989 Tac.
1553 959 1597 990 H.
1612 967 1668 989 111.

972 1012 1025 1039 59.
1049 1011 1100 1040 10.
1124 1009 1213 1040 Add.
1237 1019 1313 1050 quae
1337 1009 1439 1039 habet
1464 1009 1605 1040 Gruter.
1634 1009 1668 1038 iu

972 1059 1074 1089 Notis
1102 1059 1144 1089 ad
1172 1060 1342 1100 Panegyr.
1372 1069 1403 1099 p.
1429 1062 1503 1090 601.
1532 1058 1557 1090 f.
1586 1059 1668 1089 item

972 1114 1091 1140 notata
1106 1109 1147 1140 ad
1161 1110 1241 1140 Tac.
1256 1119 1280 1141 1.
1297 1110 1342 1140 H.
1361 1113 1390 1140 7.
1409 1112 1440 1140 2.
1457 1112 1485 1139 5.
1509 1109 1610 1139 Rern.

1018 1160 1034 1199 ξ
1054 1162 1091 1190 13
1115 1160 1273 1190 Adversus
1287 1161 1368 1190 vires
1381 1159 1525 1197 hostium,
1540 1169 1599 1189 non
1613 1159 1669 1189 ad-

971 1219 1076 1240 versus
1111 1209 1324 1249 calamitates]
1370 1209 1440 1239 Pro
1477 1209 1670 1239 calamitates

972 1259 1133 1299 putabam
1164 1259 1299 1299 legend.
1329 1260 1488 1298 caritates,
1515 1268 1565 1289 sc.
1601 1269 1668 1289 nia-

974 1313 1070 1348 trem,
1086 1318 1238 1346 uxorem,
1263 1308 1417 1349 filiasque
1444 1307 1555 1339 Darii.
1579 1309 1588 1324 ‘
1606 1309 1669 1339 Ca-

972 1359 1108 1390 ritates'
1135 1369 1197 1399 pro
1224 1359 1340 1389 liberis
1356 1358 1441 1389 dixit
1458 1359 1560 1389 etiam
1576 1359 1668 1389 Mar-

973 1410 1087 1441 cellin.
1111 1418 1203 1440 xxn.
1244 1412 1294 1439 19.
1334 1418 1383 1449 pr.
1416 1409 1425 1425 ‘
1453 1408 1594 1438 Liberos
1632 1412 1668 1438 et

972 1458 1115 1490 affectus
1128 1459 1136 1473 '
1155 1460 1201 1489 ait
1218 1459 1393 1489 Vulcatius
1421 1457 1616 1488 Gallicanus
1634 1457 1668 1487 in

971 1509 1094 1540 Avidio
1120 1509 1234 1540 Cassio
1259 1518 1334 1547 cap.
1363 1510 1394 1538 7.
1418 1507 1428 1524 ‘
1448 1507 1670 1538 necessitudi-

971 1568 1030 1589 nes
1042 1558 1050 1571 '
1065 1559 1143 1590 Tac.
1160 1567 1216 1589 111.
1233 1558 1279 1588 H.
1295 1561 1348 1588 59.
1367 1560 1418 1587 10.
1436 1558 1531 1588 Curt.
1549 1566 1598 1588 ιν.
1617 1560 1668 1588 10.

971 1611 1023 1640 30.
1050 1609 1192 1649 ipseque
1210 1608 1336 1638 Noster
1353 1616 1418 1638 ΧΠ.
1445 1610 1496 1638 15.
1522 1609 1553 1637 9.
1599 1607 1666 1637 Sed

971 1659 1123 1690 Freinsh.
1139 1669 1231 1689 meus
1247 1658 1432 1698 pertendit,
1448 1662 1577 1688 rectum
1594 1667 1667 1688 esse

971 1710 1173 1748 calamitates,
1201 1715 1235 1740 et
1260 1709 1371 1739 locum
1405 1707 1573 1747 explicat:
1599 1706 1668 1737 Ad-

971 1769 1087 1789 versus
1102 1760 1233 1789 hostem
1250 1758 1396 1789 validum
1423 1762 1459 1788 et
1482 1761 1669 1796 potentem,

971 1818 1037 1839 non
1067 1809 1228 1839 adversus
1252 1807 1397 1838 fractum
1428 1811 1464 1837 et
1491 1806 1667 1836 calamito-

972 1869 1055 1889 sum.
1079 1859 1137 1897 Te,
1153 1859 1273 1897 lector,
1286 1857 1400 1887 amicae
1416 1856 1485 1886 litis
1503 1855 1667 1886 arbitrum

971 1909 1219 1940 constituimus
1278 1908 1394 1938 Meam
1432 1907 1667 1947 conjecturam

965 1959 1065 2000 juvat
1082 1969 1147 1989 non
1165 1958 1334 1988 dissimilis
1349 1958 1444 1988 locus
1462 1956 1551 1987 Livii
1568 1965 1598 1986 v.
1615 1959 1668 1987 27.

970 2012 1002 2039 8.
1037 2010 1047 2026 ‘
1075 2008 1178 2039 Arma
1203 2008 1367 2038 habemus
1396 2016 1461 2037 non
1490 2006 1668 2036 adversum

971 2069 1044 2090 eam
1061 2063 1212 2098 aetatem,
1222 2058 1276 2089 cui
1289 2058 1391 2088 etiam
1405 2057 1515 2097 captis
1529 2056 1668 2087 urbibus

971 2110 1142 2150 parcitur:
1166 2109 1224 2139 sed
1242 2108 1402 2139 adversus
1419 2107 1586 2147 armatos,'
1602 2109 1667 2138 &c.

970 2158 1000 2190 A
1020 2159 1172 2189 Freinsh.
1190 2163 1258 2189 stat
1274 2158 1320 2190 id.
1340 2158 1469 2189 Auctor
1484 2166 1574 2188 XLu.
1591 2161 1621 2189 8.
1638 2161 1668 2188 7.

970 2211 979 2226 ‘
999 2209 1131 2240 Claram
1155 2209 1333 2240 victoriam
1357 2208 1523 2239 vincendo
1539 2218 1668 2248 oppug-

971 2263 1103 2298 nantes,
1140 2268 1206 2289 non
1243 2258 1413 2289 saeviendo
1451 2258 1485 2288 in
1524 2257 1667 2288 afflictos

970 2307 1070 2339 fieri.’
1109 2309 1154 2338 Et
1170 2308 1277 2347 magis
1294 2309 1390 2339 Curt.
1408 2316 1457 2338 lv.
1473 2310 1524 2338 11.
1541 2310 1593 2338 28.
1610 2307 1668 2348 qui

971 2361 1083 2387 tamen
1113 2366 1131 2387 e
1159 2358 1297 2396 Nostro,
1327 2362 1384 2387 aut
1400 2358 1528 2388 Noster
1554 2356 1667 2387 forsan

971 2416 1013 2437 ex
1030 2406 1106 2445 Illo,
1129 2410 1165 2437 et
1189 2406 1244 2437 hle
1271 2411 1307 2437 et
1332 2406 1411 2437 alibi
1428 2416 1447 2437 a
1463 2407 1552 2437 mala
1567 2416 1668 2437 mauu

970 2455 1195 2495 interpolatus
1226 2464 1301 2486 esse
1339 2456 1487 2486 videtur.
1545 2455 1667 2496 Itaque

970 2516 1063 2537 mens
1078 2505 1265 2537 Alexandri
1285 2506 1411 2538 fuerit:
1437 2508 1514 2538 Non
1531 2516 1667 2547 aggres-

970 2565 1065 2586 surus
1102 2566 1176 2586 sum
1214 2556 1345 2587 hostem
1383 2566 1423 2587 ea
1461 2562 1571 2597 parte,
1602 2566 1667 2596 qua

968 2606 1128 2636 calamitas
1160 2610 1196 2636 et
1222 2605 1442 2636 infortunium
1482 2606 1666 2637 obnoxium

970 2665 1045 2687 eum
1067 2656 1198 2696 injuriae
1215 2655 1312 2694 fecit,
1336 2661 1374 2686 ut
1398 2655 1577 2694 saevitiam,
1593 2655 1665 2689 libj-

969 2706 1093 2746 dinem,
1109 2711 1143 2737 et
1159 2706 1281 2746 siquid
1311 2705 1400 2736 aliud
1427 2705 1549 2736 victori
1573 2705 1666 2744 licet,

969 2757 1002 2787 in
1020 2762 1136 2797 captos
1160 2765 1358 2795 exerceam3
1390 2755 1453 2785 hoc
1476 2755 1565 2785 enim
1589 2755 1664 2786 vilis

969 2812 1020 2838 est
1051 2812 1086 2838 et
1114 2806 1292 2847 degeneris
1328 2806 1452 2843 auimi;
1478 2806 1536 2836 sed
1575 2805 1663 2837 unde

968 2867 1062 2889 arma
1077 2862 1114 2889 et
1128 2857 1234 2889 aciem
1250 2861 1412 2888 ostentat.
1435 2856 1533 2887 Ber-n.
