2101 3419
396 333 510 375 1024

393 445 474 468 coro
503 446 523 467 a
544 435 706 467 Ventidio
729 445 820 467 eaeso
847 436 942 467 Plut.
971 435 1005 466 in
1029 435 1098 466 An·

392 487 484 518 tonio
499 498 506 518 :
530 486 681 527 Appian.
697 487 731 517 in
746 487 900 517 Parthie.
917 486 984 517 alii.
1010 486 1098 516 Bon-

388 547 476 576 gars.
501 537 609 567 Cassii
622 536 776 567 meminit
790 537 861 568 Cic.
874 537 964 567 Phil.
980 545 1030 567 XI.
1046 539 1098 568 14.

389 588 398 603 ‘
416 588 559 627 Magnas
584 587 640 617 ille
664 596 717 617 res
741 587 844 627 gessit
869 590 948 617 ante
968 586 1098 624 Bibuli,

391 638 513 668 summi
539 636 617 675 viri,
643 636 838 676 adventum,
867 646 942 667 cum
971 636 1097 666 Pacori

389 687 618 718 nobilissimos
646 687 749 717 duces
779 686 1012 727 maximasque
1042 695 1098 717 co·

389 737 465 777 pias
489 735 590 775 fudit,
623 737 824 777 Syriamque
847 736 985 767 immani
1013 737 1096 767 Par-

390 788 523 819 thorum
544 788 674 827 impetn
691 787 873 818 liberavit!

434 839 451 878 ξ
475 841 496 869 6
522 838 628 877 CuJ'uS,
653 836 720 878 ὅπη]
758 837 850 877 Lips.
873 836 1017 877 margini
1039 835 1095 868 ed.

389 887 500 928 Bong.
519 887 772 928 adscripserat:
797 889 806 904 ‘
824 887 932 918 Immo
948 888 975 918 is
992 887 1098 918 inter-

389 937 502 971 fectus
516 943 567 968 est
584 947 659 969 cum
677 935 741 969 eo.'

435 989 485 1028 §7
505 988 545 1018 Et
564 989 683 1026 Cassio,
694 989 764 1028 ἔξω]
780 987 930 1027 Appian.
942 996 992 1018 1v.
1005 987 1044 1017 Β.
1059 986 1098 1020 C.

389 1048 424 1079 p.
454 1041 548 1070 1001.
572 1037 631 1068 Καὶ
660 1038 741 1076 αὐτῷ
765 1037 922 1078 [Κασσίῳ]
944 1036 1024 1068 τινὲς
1046 1036 1098 1067 καὶ

388 1087 564 1128 Παρθυαίων
582 1087 777 1126 ἱπποτοξόται
792 1086 997 1126 συνεμάχουν,
1009 1085 1097 1125 δόξαν

387 1137 493 1177 ἔχοντι
505 1138 585 1178 παρὰ
595 1139 660 1168 τοῖς
670 1136 863 1177 Παρθυαίοις,
874 1137 905 1176 ἐξ
916 1135 951 1167 οὗ
963 1135 1096 1176 Κράσσῳ

386 1187 539 1227 ταμιεύων
563 1188 804 1228 ἐμφρονέστερος
821 1187 902 1226 ἔδοξε
921 1188 978 1218 τοῦ
994 1186 1095 1227 Κράσ-

387 1249 444 1268 σου
454 1237 611 1277 γενέσθαι.

431 1289 449 1328 ξ
473 1291 492 1318 8
517 1288 672 1318 Simulato
701 1287 827 1327 timore]
864 1287 994 1326 Captus
1019 1291 1092 1317 arte

386 1347 448 1369 sua
463 1338 624 1368 Parthus.
648 1338 657 1354 ‘
673 1338 761 1369 Nam
790 1347 830 1367 ea
857 1345 939 1376 gens
966 1340 1094 1376 praeter

387 1397 556 1418 armorum
595 1387 754 1418 fiduciam
793 1386 918 1417 callida
955 1387 1092 1418 simulat

385 1438 650 1479 trepidationem
666 1437 687 1468 :²
713 1438 805 1468 Flor.
821 1446 870 1468 1v.
885 1439 936 1468 10.
960 1440 992 1468 3.
1028 1437 1093 1467 Cn-

377 1488 434 1529 jns
462 1486 715 1527 strategematis
739 1487 931 1526 exemplum
959 1486 1091 1525 insigne

384 1539 453 1570 vid.
484 1550 538 1580 ap.
569 1539 656 1570 Caes.
683 1538 724 1568 Β.
748 1537 791 1569 G.
817 1546 873 1568 111.
902 1539 954 1568 18.
978 1541 1014 1567 et
1037 1539 1089 1568 19.

384 1590 485 1622 Bern.

427 1641 466 1671 In
488 1641 551 1672 div.
569 1638 686 1679 abiere]
721 1639 810 1671 Saxo
834 1648 868 1670 v,
895 1649 928 1679 p.
956 1641 1009 1670 91.
1035 1641 1088 1669 29.

384 1691 393 1708 ‘
407 1691 447 1722 In
464 1691 532 1723 div.
547 1689 690 1731 fugere!

427 1744 444 1782 ξ
472 1744 511 1772 10
554 1739 734 1779 Ventidius]
777 1740 857 1770 Tac.
896 1739 939 1769 G.
971 1741 1024 1770 37.
1055 1742 1087 1769 7.

384 1791 394 1808 ⁶
412 1789 508 1822 Infra
537 1790 734 1820 Ventidium
758 1789 912 1829 dejectus
940 1787 1087 1820 Oriens)

383 1841 459 1873 Quo
476 1841 570 1871 dicto
587 1849 652 1870 non
679 1839 825 1870 obscure
848 1838 980 1869 cladem
996 1838 1087 1868 illam

382 1890 579 1921 Parthicam
596 1893 782 1929 exaggerat
801 1898 820 1918 a
841 1888 997 1919 Ventidii
1021 1889 1088 1919 vic·

382 1940 466 1971 toris
482 1940 707 1980 ignobilitate,
732 1938 774 1969 de
796 1948 862 1979 qua
887 1938 1000 1977 Agell.
1024 1947 1087 1969 xv.

382 1993 414 2022 4.
427 1990 495 2021 vid.
511 1990 672 2021 Ceterum
690 1989 732 2019 de
748 1989 780 2020 h.
798 1989 886 2019 bello
905 1989 977 2020 Liv.
992 1989 1086 2029 Epit.

383 2048 527 2070 cxxvii.
557 2044 592 2070 et
618 2048 779 2070 cxxvul.
817 2040 951 2070 Patere.
973 2048 1013 2069 11.
1031 2042 1084 2069 78.

381 2090 470 2121 Flor.
499 2099 548 2121 ιν.
575 2093 605 2121 9.
639 2090 718 2120 Val.
742 2090 790 2120 M.
812 2098 859 2120 v1.
877 2091 906 2120 9.
924 2092 954 2119 9.
993 2090 1084 2121 Plut.

381 2139 547 2180 Antonio,
571 2139 720 2180 Appian.
754 2139 904 2170 Parthie.
941 2139 1084 2179 Eutrop.

382 2200 446 2222 vn.
464 2195 497 2222 5.
533 2191 634 2222 Oros.
648 2200 698 2221 u.
718 2193 767 2221 lS.
781 2190 851 2221 alii.
875 2190 974 2220 Bern.

425 2242 442 2281 ς
468 2244 505 2271 11
533 2241 651 2271 Orodes
673 2251 707 2281 p.
740 2240 797 2280 P.]
825 2240 970 2279 Gregor.
999 2240 1083 2280 Syn-

381 2291 460 2322 cell.
483 2291 606 2322 Chron.
631 2301 665 2331 p.
692 2293 766 2322 304.
791 2290 853 2321 “Os
881 2289 1084 2330 [Ἀντίγονος]

379 2340 514 2372 ἀκούσας
539 2339 680 2375 Λαβίϊνόν
703 2352 770 2371 τινα
790 2342 853 2370 τῶν
868 2340 899 2370 ἐν
912 2339 997 2370 τέλει
1011 2339 1082 2370 Ῥω-

378 2392 473 2430 μαίων
498 2390 551 2421 ἕνα
577 2393 638 2422 τῶν
661 2391 709 2421 ἐπὶ
733 2392 865 2431 Βροῦτον
883 2390 932 2421 καὶ
948 2389 1083 2422 Κάσσιον

377 2441 452 2482 πρὸς
473 2442 607 2481 Ἡρώδην
628 2443 754 2482 Περσῶν
776 2440 910 2477 βασιλέα
930 2440 1081 2481 φυγόντα,

377 2491 429 2523 καὶ
450 2491 604 2530 Ῥωμαίοις
628 2492 775 2529 πολεμεῖν
796 2491 968 2522 πείσαντα;
994 2495 1029 2522 et
1046 2501 1079 2531 p.

378 2544 452 2573 305.
470 2542 513 2572 de
531 2541 727 2581 Antigono:
754 2541 813 2571 Καὶ
839 2540 1007 2579 κατάγεται
1033 2540 1080 2572 διὰ

378 2592 517 2633 Πακόρου
528 2592 633 2623 παιδὸς
647 2592 779 2633 Ἡρώδου
792 2592 832 2624 εἷς
846 2592 905 2629 τὴν
918 2592 1079 2625 Ἰουδαίων.

377 2643 462 2684 Leg.
486 2643 558 2684 πρὸς
579 2642 725 2683 Ὀρώδην,
748 2649 784 2674 et
809 2643 915 2674 παιδὸς
937 2642 1079 2682 Ὀρώδου.

386 2713 391 2717 -
422 2695 438 2734 ξ
466 2697 503 2724 13
529 2695 604 2724 Post
622 2695 743 2732 multos,
761 2693 830 2733 δῖα]
870 2693 946 2724 vid.
968 2693 1078 2724 Avum

376 2752 417 2773 ιι.
435 2743 518 2774 Obs.
532 2747 584 2774 21.
603 2754 634 2783 p.
653 2746 727 2774 396.

421 2794 571 2833 Pacorus,
586 2793 656 2833 ἔγω]
679 2794 794 2825 Simile
810 2795 1001 2834 exemplum
1025 2804 1078 2825 re-

378 2840 443 2873 fert
463 2843 651 2884 Hegesipp.
680 2853 704 2875 1.
721 2847 773 2875 37.
802 2844 824 2876 f.
851 2845 893 2875 ‹lc
916 2844 1073 2876 Herode:

852 343 994 373 NOTAE
1027 342 1293 372 VARIORUM
1328 343 1380 373 IN

1145 435 1154 452 ‘
1167 436 1225 475 Et,
1242 435 1300 466 ubi
1317 436 1369 466 ira
1394 434 1534 475 cecidit,
1553 443 1646 465 amor
1661 433 1848 466 suecessit:

1147 489 1183 517 et
1200 486 1311 525 passio
1340 486 1541 516 resuscitata
1562 490 1633 515 est:
1669 489 1852 525 tantusque

1146 536 1324 567 incanduit
1350 535 1466 567 fervor
1493 534 1706 575 cupiditatis,
1731 539 1769 565 ut
1795 533 1854 564 de-

1145 585 1298 617 functam
1323 586 1570 626 [Mariamnen]
1593 594 1658 616 non
1683 584 1854 624 crederet,

1148 640 1252 677 atque
1268 637 1302 667 in
1315 646 1458 668 excessu
1472 637 1593 667 mentis
1606 635 1738 676 positus
1756 635 1854 675 quasi

1145 687 1320 718 viventem
1344 687 1590 727 alloqueretur.
1634 686 1681 716 Et
1703 685 1792 715 sicut
1807 684 1851 715 ad

1146 745 1233 775 eam,
1258 746 1332 778 quae
1357 737 1502 775 viveret,
1529 745 1652 776 pueros
1668 734 1854 775 dirigebat,

1145 796 1268 827 rogans
1299 792 1337 818 ut
1358 786 1525 827 depositis
1557 784 1785 816 simultatibus
1807 784 1852 815 ad

1144 848 1217 869 sese
1244 839 1379 870 veniret
1399 843 1435 870 et
1452 837 1614 870 redderet
1630 847 1665 868 se
1681 836 1852 877 conjugali

1146 888 1292 930 gratiae)

1192 939 1209 977 ξ
1234 940 1273 968 16
1298 936 1401 976 Fecit]
1424 935 1638 977 F.1eg.suit.
1662 935 1770 966 Gron.

1190 987 1329 1018 Solemne
1344 990 1402 1025 est,
1426 996 1516 1025 reges
1536 986 1713 1026 parricidas
1727 985 1851 1026 haberi]

1146 1037 1195 1067 Ut
1220 1036 1319 1067 hodie
1344 1037 1377 1066 in
1405 1037 1552 1067 Turcieo
1578 1036 1732 1076 imperio,
1758 1035 1850 1077 quod

1145 1086 1196 1116 illi
1209 1087 1303 1126 quasi
1314 1087 1491 1117 successit.
1507 1086 1691 1117 Berneccer.
1707 1085 1847 1126 [Quaed.

1149 1135 1226 1166 edd.
1242 1135 1380 1174 habena]

1190 1185 1382 1224 Phrahates]
1416 1185 1570 1225 Φραόρτην
1593 1190 1690 1217 vocat
1713 1186 1847 1218 Plutar.

1145 1233 1296 1266 Antonio
1313 1238 1364 1266 49.
1387 1245 1485 1277 quem
1503 1237 1568 1277 leg.
1583 1241 1618 1267 et
1640 1235 1847 1276 Appianum.

1143 1284 1247 1315 Totus
1273 1285 1325 1316 hic
1357 1286 1380 1316 l.
1416 1286 1565 1325 explicat
1598 1286 1688 1326 qnod
1722 1286 1846 1318 Horat.

1145 1334 1213 1366 Od.
1233 1345 1271 1366 11.
1288 1339 1318 1366 2.
1343 1336 1408 1366 ait:
1441 1336 1450 1353 ‘
1464 1336 1650 1367 Redditum
1668 1336 1746 1375 Cyri
1764 1336 1847 1367 solio

1143 1385 1371 1419 Ph1·ahaten:’
1387 1391 1421 1418 et
1437 1387 1525 1427 quod
1540 1386 1607 1418 od.
1621 1396 1646 1417 1.
1662 1389 1714 1417 26.
1730 1388 1739 1403 ‘
1754 1387 1847 1419 Quid

1141 1436 1326 1467 Tiridatem
1367 1441 1507 1475 terreat,
1544 1437 1641 1467 unice
1678 1436 1849 1468 Securus.’

1143 1486 1243 1518 Quod
1262 1487 1388 1527 primus
1413 1487 1544 1518 notavit
1561 1487 1763 1525 Glareanus,
1778 1497 1845 1518 non

1142 1541 1212 1567 tam
1239 1538 1387 1578 ineptus,
1413 1547 1512 1578 quam
1539 1547 1614 1568 eum
1635 1536 1772 1579 quidam
1787 1537 1845 1568 ha-

1141 1587 1212 1619 beri
1228 1589 1357 1619 volunt.
1383 1588 1487 1628 Bong.

1184 1639 1271 1670 CAP.
1290 1648 1324 1670 v.
1347 1640 1364 1679 ξ
1383 1640 1399 1668 1
1419 1639 1561 1678 Fratres,
1574 1637 1643 1678 ξω]
1667 1638 1788 1668 Zonar.
1806 1647 1843 1670 x.

1139 1692 1192 1720 26.
1207 1689 1244 1719 ‘O
1261 1688 1293 1720 δὲ
1308 1688 1476 1729 [Φραάτης]
1489 1688 1692 1719 ἀνοσιώτατος
1707 1689 1845 1727 ’γεγονὼς

1138 1738 1209 1770 τοὺς
1235 1739 1385 1779 ἀδελφοὺς
1417 1740 1512 1770 αὑτοῦ
1549 1738 1768 1778 ἐδολοφόνησε,
1792 1739 1844 1770 καὶ

1139 1790 1232 1821 αὐτὸν
1259 1791 1315 1821 τὸν
1346 1790 1463 1832 πατέρα
1491 1791 1783 1830 δυσανασχετοῦντα
1807 1790 1844 1822 δι’

1138 1842 1268 1874 ἐκείνους
1284 1842 1452 1874 ἀπέκτεινε.

1184 1893 1346 1933 Triginta]
1365 1893 1404 1924 In
1419 1894 1500 1923 Mss.
1512 1896 1562 1923 est
1573 1902 1676 1923 omnes
1691 1892 1839 1932 triginta,

1137 1943 1226 1983 quod
1240 1943 1348 1983 probo
1364 1954 1373 1981 ;
1398 1952 1461 1973 nec
1477 1943 1603 1982 obstat,
1619 1942 1709 1983 quod
1723 1943 1842 1983 objici·

1137 1998 1203 2032 tur,
1217 1993 1253 2023 τὸ
1279 1993 1414 2032 triginta
1431 2002 1505 2023 esse
1522 2002 1563 2022 ex
1583 1991 1699 2032 inepta
1715 1993 1839 2032 glossa,

1135 2053 1211 2073 cum
1239 2043 1426 2073 phrahates
1454 2043 1526 2082 ipse
1553 2041 1657 2072 fuerit
1685 2052 1769 2072 unus
1794 2042 1838 2072 de

1135 2094 1288 2134 triginta.
1334 2094 1435 2132 Nam,
1465 2099 1503 2124 ut
1531 2093 1608 2125 Jan.
1634 2093 1836 2132 Rutgersius

1134 2144 1176 2173 V.
1202 2143 1239 2174 L.
1271 2153 1295 2174 1.
1320 2146 1351 2174 8.
1379 2143 1602 2180 demonstrat,
1628 2143 1661 2172 in
1687 2143 1837 2183 antiquis

1133 2194 1358 2234 scriptoribus
1385 2203 1507 2224 novum
1521 2202 1586 2223 non
1604 2198 1671 2231 est,
1688 2198 1736 2230 ut,
1754 2202 1836 2234 quo-

1133 2243 1197 2274 ties
1216 2244 1356 2283 alicujus
1377 2242 1526 2273 sodalitii
1546 2241 1586 2273 fit
1602 2243 1742 2283 mentio,
1757 2243 1836 2283 etsi,

1133 2302 1234 2323 unum
1258 2292 1472 2332 nominando,
1493 2302 1568 2322 eum
1590 2302 1608 2322 e
1630 2301 1769 2323 numero
1786 2302 1835 2323 re-

1131 2345 1299 2386 liquorum
1316 2345 1491 2386 excepisse
1506 2345 1696 2383 videantur,
1715 2350 1834 2385 postea

1133 2400 1243 2426 tamen
1271 2395 1464 2426 universum
1489 2395 1591 2425 totius
1616 2394 1751 2435 collegii
1772 2405 1833 2425 nu-

1131 2454 1259 2475 merum
1277 2445 1323 2475 ita
1340 2450 1479 2485 ponant,
1502 2445 1595 2485 quasi
1612 2444 1651 2484 is,
1664 2454 1763 2485 quem
1776 2454 1833 2475 ex-

1131 2500 1306 2534 ceperant,
1320 2495 1564 2526 includeretur.
1589 2494 1753 2535 Exempla
1765 2495 1832 2527 vid.

1133 2553 1155 2575 ι.
1169 2545 1246 2576 Cor.
1265 2549 1317 2576 15.
1333 2549 1363 2576 5.
1407 2546 1483 2576 Val.
1500 2545 1548 2576 M.
1566 2554 1618 2576 ix.
1636 2548 1666 2576 2.
1681 2548 1712 2576 6.
1750 2546 1831 2577 Ext.

1130 2604 1172 2624 ex
1203 2595 1415 2626 correctione
1443 2595 1592 2626 indicata
1617 2605 1691 2636 sup.
1709 2605 1733 2627 1.
1750 2598 1780 2626 9.
1796 2599 1828 2627 9.

1128 2644 1209 2674 item
1227 2645 1331 2675 ltutil.
1346 2644 1542 2675 Nnmatian.
1560 2647 1635 2675 300.
1660 2645 1757 2677 Rern.

1171 2695 1187 2734 ς
1220 2697 1238 2724 3
1273 2694 1440 2732 Antonius,
1468 2693 1535 2733 Cym]
1580 2694 1715 2725 Praeter
1749 2695 1830 2726 Plu-

1127 2744 1235 2774 tarchi
1273 2743 1471 2782 Antonium,
1520 2743 1587 2774 vid.
1624 2744 1699 2774 Liv.
1735 2745 1827 2784 Epir.

1127 2803 1237 2824 cxxx.
1267 2794 1490 2824 1·‘10=·.1v.10.
1529 2793 1679 2833 Appiau.
1707 2795 1826 2827 Parth.

1128 2845 1274 2884 Eutrop.
1303 2853 1367 2874 vn.
1393 2846 1423 2874 7.
1462 2844 1560 2874 Oros.
1590 2853 1636 2874 vi.
1658 2846 1709 2874 19.
1727 2844 1823 2875 alios-
