2101 3419
398 373 511 416 1062
714 381 972 413 RECENSUS
1008 382 1288 413 nm'rioNUM
1324 383 1537 413 JusriNr.

399 484 457 522 bri
484 493 604 522 XLIV.
637 496 683 521 ex
713 482 931 521 recensione
963 482 1085 520 Isaac}
1120 482 1261 520 Vossii.
1295 482 1511 532 Rotomagi,
1542 482 1641 533 typis
1671 481 1852 520 Ricina-di

398 548 627 587 Laliemant.

452 634 503 640 --
524 610 703 650 Londini.
735 617 771 650 8.
805 612 861 649 Μ.
892 610 1045 650 Juniani
1076 611 1217 649 Justini
1250 625 1294 648 ex
1326 610 1447 660 Trogi
1480 610 1650 661 Pompeii
1685 610 1851 649 historiis

397 675 561 714 externis
580 675 684 714 Libri
702 686 827 714 XLIV.
846 675 973 713 omnia
993 688 1107 726 quam
1128 674 1417 725 diligentissime
1438 687 1483 712 ex
1506 674 1694 712 variorum
1721 671 1851 711 e'izem-

397 730 559 789 piarium
593 738 800 778 collatione
831 739 1016 777 recensita
1046 744 1084 777 et
1116 739 1317 789 castigata,
1340 738 1375 775 in
1399 751 1509 776 usum
1532 738 1772 776 scholasticae
1788 739 1852 788 ju-

398 803 567 842 ventutis
599 802 908 841 accommodata.
940 801 1115 848 Londini,
1146 816 1230 841 exc.
1254 804 1299 841 E.
1320 803 1588 841 Hortum—ln
1612 802 1684 840 hac
1705 802 1767 840 ed.
1788 815 1852 839 va-

399 868 539 906 riantes
560 867 745 906 lectiones
773 873 812 905 et
840 867 1124 917 chronologicae
1144 867 1413 918 excerptiones
1435 867 1470 903 in
1492 866 1658 916 margine
1678 872 1765 904 sunt
1786 879 1853 917 po-

400 932 498 978 sitae,
515 937 553 969 et
571 937 676 969 notae
697 929 953 969 selec-,tissimae
974 930 1111 976 vossii,
1127 931 1275 982 Thysii,
1298 931 1509 981 Bongarsii‚
1526 933 1601 968 &cu
1623 931 1852 980 cuicumque

398 996 549 1046 paginae
570 995 773 1045 subjectae.

458 1059 557 1098 1688
589 1058 842 1098 Wratislaviae
872 1058 1108 1097 Silesiorum.
1145 1065 1181 1098 S.
1203 1058 1410 1097 Graeviana
1432 1058 1554 1107 major
1575 1070 1634 1095 an.
1659 1056 1773 1098 1683.
1794 1071 1852 1096 re-

400 1135 492 1161 cusa
511 1124 615 1173 apud
636 1122 797 1160 Iesaiam
818 1121 1026 1170 Felgibeln.

452 1209 504 1214 -
525 1185 816 1224 Amsteiodami.
844 1191 902 1224 12.
925 1198 959 1222 c.
982 1197 1018 1222 n.
1041 1184 1093 1222 Is.
1117 1185 1252 1222 Vossii.

458 1249 559 1296 1690
589 1249 779 1299 Lugduni.
814 1248 875 1287 16.
906 1249 1046 1287 Justini
1069 1248 1308 1286 historiarum
1329 1261 1372 1286 ex
1394 1249 1524 1297 Trogo
1545 1247 1730 1298 Pompeio
1751 1248 1854 1285 Lihri

402 1324 527 1352 xmv.
550 1327 595 1352 cx
615 1314 837 1352 recensione
858 1313 980 1352 Isaaci
1002 1313 1138 1351 Vossii.
1195 1313 1388 1364 Lugduni,
1411 1313 1600 1350 sumtibus
1623 1312 1763 1350 Matth.
1792 1313 1853 1350 Li-

403 1378 520 1416 herai.

456 1442 554 1486 1691
587 1441 878 1481 Amstelodami.
903 1447 937 1479 8.
959 1455 1006 1481 ex
1026 1453 1102 1479 rec.
1123 1443 1185 1480 Jo.
1207 1441 1353 1491 Georg.
1376 1440 1534 1479 Graevii.

458 1506 559 1551 1694
589 1506 735 1544 Eadem
756 1518 893 1544 recusa
914 1504 1009 1543 ibid.
1035 1511 1070 1544 8.

460 1569 558 1615 1698
589 1569 889 1608 Bernecceriana
911 1579 949 1605 v.
973 1574 1008 1607 8.
1031 1567 1292 1619 Argentorati.

460 1638 553 1677 1701
588 1633 767 1671 Londini.
804 1640 839 1673 8.
873 1633 1049 1672 Justinus
1089 1633 1135 1670 de
1175 1631 1342 1670 historiis
1382 1631 1619 1682 Philippicis,
1659 1638 1698 1669 et
1737 1631 1854 1670 totius

403 1696 535 1735 mundi
555 1697 787 1748 originibus:
819 1697 1137 1747 interpretatione
1168 1703 1206 1733 et
1236 1695 1334 1733 notis
1363 1695 1565 1733 illustravit
1588 1696 1724 1733 Petrus
1745 1697 1853 1734 Jnse-

402 1763 500 1812 phus
515 1761 664 1806 Cantel,
681 1775 701 1798 e
719 1762 757 1798 S.
774 1762 810 1800 J.
843 1761 956 1798 Jussn
977 1759 1291 1798 Christianissimi
1311 1759 1446 1809 Regist
1469 1760 1504 1796 in
1528 1772 1635 1797 nsum
1657 1760 1738 1798 Ser.
1762 1760 1854 1796 Del-

401 1825 521 1876 phini.
544 1826 644 1863 Huic
663 1825 820 1863 editioni
840 1837 1037 1862 accessere
1055 1824 1141 1862 Jac.
1166 1823 1366 1874 Bongarsii
1389 1823 1664 1873 Excerptiones
1692 1822 1855 1861 chrono-

402 1890 537 1939 logieae
568 1890 617 1927 ad
650 1889 787 1928 Justini
821 1888 992 1926 historias
1023 1887 1345 1925 accommodatae.
1384 1886 1559 1932 Londini,
1593 1886 1772 1937 impensis
1807 1888 1851 1924 R.

401 1954 550 1998 Ciavei,
585 1954 637 1991 H.
668 1952 880 1999 Mortlock,
913 1954 954 1990 S.
977 1951 1118 1997 Siniti»,
1138 1958 1175 1988 et
1210 1952 1254 1988 B.
1275 1949 1461 1996 Walsord,
1483 1951 1519 1987 in
1551 1950 1770 1989 Coemiterio
1802 1951 1852 1988 D.

402 2017 527 2055 Pauli.

455 2103 507 2109 ——
528 2080 704 2130 Lugduni
736 2081 820 2118 Bat.
851 2085 887 2118 8.
915 2079 1054 2117 Justini
1086 2078 1267 2116 Historiae
1299 2077 1540 2129 Philippicae.
1599 2080 1653 2116 Ex
1676 2091 1773 2116 nova
1794 2091 1852 2116 re-

402 2144 580 2182 censione
609 2146 672 2183 J0.
695 2144 854 2194 Georgii
880 2143 1044 2189 Graevii,
1065 2155 1151 2180 cum
1178 2141 1348 2191 ejusdem
1371 2142 1704 2192 castigationibus,
1724 2148 1763 2179 et
1784 2155 1852 2179 no-

402 2208 448 2245 tis
465 2208 680 2247 variorum.
699 2208 822 2259 Lugd.
842 2209 926 2246 Bat.
944 2207 1047 2257 apud
1064 2207 1108 2245 C.
1133 2208 1380 2256 Boutcsteyn,
1402 2207 1435 2245 J.
1455 2205 1506 2243 du
1530 2205 1652 2252 Vivie,
1669 2206 1701 2243 J.
1723 2207 1850 2243 Sever.

402 2278 440 2310 et
461 2275 508 2311 A.
529 2273 577 2311 de
599 2274 735 2311 Swart.

453 2361 505 2365 —
526 2336 681 2387 Lipsiae.
707 2342 766 2375 12.
786 2349 821 2373 e.
841 2348 879 2374 n.
902 2335 996 2373 Chr.
1019 2334 1206 2374 Junckeri
1228 2334 1277 2373 ad
1300 2333 1458 2372 modum
1481 2333 1659 2372 Minellii.

460 2407 561 2444 1704
590 2399 766 2438 Londini.
802 2405 838 2438 8.
871 2400 927 2437 Μ.
947 2399 1100 2437 Juniani
1125 2398 1264 2437 Justini
1284 2412 1329 2435 ex
1349 2399 1469 2449 Trogi
1491 2398 1663 2449 Pompeii
1686 2397 1851 2437 historiis

401 2464 566 2503 externis
586 2463 690 2502 Libri
710 2473 832 2501 XLIV.

459 2535 558 2573 1705
587 2527 744 2567 Oxonii.
777 2533 813 2565 8.
841 2527 900 2565 Μ.
919 2526 1073 2565 Juniani
1101 2525 1239 2565 justini
1261 2525 1502 2564 historiarum
1523 2539 1569 2564 ex
1587 2525 1720 2576 Trogo
1740 2526 1852 2564 Pom-

402 2593 488 2643 peio
508 2594 594 2631 libri
612 2604 734 2631 XLiv.
757 2592 854 2630 Mss.
873 2590 1051 2630 codicum
1070 2590 1273 2628 collatione
1294 2590 1495 2640 recogniti,
1516 2590 1849 2628 annotationibus-

403 2672 476 2708 quc
513 2657 701 2696 illustrati.
739 2655 898 2701 Oxonii,
931 2669 951 2692 e
986 2655 1135 2693 theatro
1170 2654 1443 2692 Shcldoniano.
1478 2654 1666 2702 (Curante
1696 2654 1848 2692 Thoma

406 2721 686 2769 Hearne.)—-in
721 2721 792 2757 hac
827 2719 918 2756 edit.
950 2718 998 2756 ad
1032 2719 1129 2755 Mss.
1166 2717 1321 2755 codices
1354 2723 1520 2768 ‹piatuor
1545 2717 1745 2767 diligenter
1762 2723 1851 2768 post

403 2785 483 2821 ilias
515 2784 756 2823 Oxonienses
787 2783 914 2820 denuo
949 2781 1145 2826 recensita,
1168 2781 1203 2817 in
1237 2781 1348 2830 cnjus
1366 2793 1428 2818 ora
1448 2779 1573 2818 editor
1593 2792 1748 2826 annum,
1772 2794 1849 2831 quo

404 2862 569 2898 qumque
591 2855 692 2898 gesta
715 2853 814 2890 sunt,
837 2845 996 2885 subinde
1017 2860 1061 2883 ex
1086 2845 1252 2883 Eduardi
1275 2844 1434 2883 Simsoni
1458 2845 1618 2882 maxime
1640 2844 1848 2882 rationibus
