2101 3419
517 328 713 359 JUS'riNi
753 329 844 359 mu.
881 329 1068 359 xxviii.
1101 330 1204 359 ων.
1235 319 1275 359 3.

166 427 266 463 pacto
295 433 370 454 cum
399 423 501 454 etiam
531 422 663 461 legatur
693 422 725 451 in
754 423 863 461 Bong.

167 469 275 504 Cod'd.
303 482 365 503 non
392 472 543 503 dubitem
566 481 640 502 eain
657 471 864 511 scripturam

167 523 200 553 in
218 526 368 553 context.
386 521 547 561 recipere.
572 521 659 551 Mod.

215 571 363 611 Urbibus]
387 572 463 602 Nou
480 570 632 601 dubitavi
650 570 738 600 hanc
760 569 866 610 scrip-

168 628 292 663 turam,
316 628 349 654 et
373 622 598 653 Fuldensibus
626 627 661 652 et
688 621 867 660 Bongarsii

167 673 338 704 codicibus
365 671 576 711 affirmatam,
593 672 624 702 in
642 677 795 702 context.
814 681 867 702 re-

168 724 292 764 cipere.
337 723 512 754 Hactenus
533 723 616 753 editi
631 723 758 754 viribus.
782 723 868 753 Ber-

170 783 302 804 neccer.
325 773 567 814 Junt.quoque
579 783 654 803 cum
674 774 755 803 Mss.
772 772 868 804 Fuld.

169 826 304 857 urbibus.
350 825 417 856 Sed
435 835 494 865 pro
512 829 735 865 proposuerant
752 825 870 864 legunt

169 875 285 906 Jnntae
300 884 396 915 pra’p.
421 874 537 905 Graev.
588 874 723 905 Urbibus
737 875 769 904 in
786 875 872 907 Mss.

171 924 340 955 Modianis
378 928 414 955 et
441 924 599 965 quibusd.
623 925 731 965 Bong.
757 935 871 965 reper-

173 978 255 1005 tum.
288 974 362 1005 Vor.

213 1024 230 1063 ᾧ
254 1026 272 1053 7
299 1023 452 1064 Priasqzce
471 1034 528 1055 sua
543 1024 752 1066 defendenda]
778 1025 873 1055 Hiul-

174 1082 215 1104 ca
230 1073 337 1104 oratio
360 1079 424 1112 est,
448 1079 484 1104 et
505 1074 633 1114 aliquid
652 1074 743 1105 defit.
781 1074 871 1105 Add.

173 1132 260 1162 que-m
275 1122 376 1153 aliena
391 1124 582 1162 appetenda:
606 1133 648 1154 ex
670 1122 756 1153 libb.
774 1123 872 1163 impr.

173 1173 208 1203 in
241 1173 375 1214 quibus,
409 1173 569 1204 mendose
597 1177 720 1211 tamen,
750 1174 875 1214 legitur

173 1232 262 1262 quam
289 1223 390 1253 aliena
413 1223 579 1261 (defendi)
602 1223 784 1262 appetenda.
829 1222 876 1252 Il-

177 1272 232 1303 lud
255 1272 379 1310 defendi
400 1273 524 1303 nullum
541 1273 594 1303 hic
610 1273 633 1303 l.
650 1273 766 1302 habet.
813 1272 876 1303 Ce-

176 1327 250 1353 tera
278 1326 382 1362 recte,
406 1327 441 1354 et
464 1322 650 1361 commode,
668 1332 706 1353 ac
723 1331 877 1353 necessa-

177 1373 228 1403 rio
242 1373 305 1403 huc
322 1373 522 1404 revocanda.
552 1373 664 1403 Faber.

223 1422 375 1462 Priusqae
396 1432 451 1452 saa
477 1421 678 1461 defendenda,
700 1432 789 1462 qaam
804 1422 876 1452 alie-

179 1481 220 1502 na
248 1471 433 1511 appetenda]
458 1471 587 1502 Horum
616 1472 804 1511 posteriora
828 1481 878 1502 re-

179 1521 274 1552 stitui
290 1531 332 1550 ex
357 1522 606 1562 antiquioribus
631 1522 718 1561 typis
742 1531 878 1562 expres-

179 1572 237 1609 sis,
262 1571 318 1612 qui
346 1571 472 1601 habent
500 1580 566 1601 una
588 1581 671 1602 voce
695 1570 877 1611 superflua,

180 1631 269 1660 qaam
297 1622 338 1651 al.
365 1620 488 1658 defendi
511 1631 582 1660 app.
610 1621 715 1660 Bong.
739 1626 773 1651 et
797 1621 879 1650 Ber·

179 1678 275 1700 neec.
303 1670 415 1700 nescio
447 1680 513 1710 qua
537 1670 580 1700 de
611 1680 712 1700 causa
740 1680 877 1710 prorsus

179 1719 404 1750 eliminarunt.
426 1720 522 1751 Idem.
568 1721 715 1750 Pulchre
742 1722 828 1751 hunc
857 1721 878 1752 l.

181 1778 224 1799 ex
242 1774 323 1800 vett.
340 1769 435 1800 codd.
448 1769 633 1800 doctissimi
649 1770 707 1799 viri
724 1770 878 1800 restitne-

181 1825 272 1859 runt,
299 1819 581 1860 adstipulantibus
616 1819 746 1850 duobus
777 1819 879 1852 codd.

182 1869 400 1901 Britannicis.
435 1870 540 1900 Graev-

213 1921 230 1960 ξ
244 1922 262 1950 8
276 1920 674 1960 Pastores,quilatrocinio]
690 1919 879 1961 Hier0n2in

182 1969 358 2009 Chronico,
376 1972 385 1987 ‘
399 1976 570 2011 pastorum
584 1975 618 2000 et
631 1971 800 2000 latronum
814 1980 880 2000 ma-

182 2018 279 2049 num’
297 2019 397 2050 dicit:
416 2020 493 2050 inde
510 2018 598 2050 forte
614 2019 747 2050 Gallica
763 2019 881 2058 dictio,

177 2072 311 2108 pastres,
327 2079 388 2109 pro
406 2069 605 2100 latronibus.
629 2070 787 2108 Bongars.
826 2070 880 2100 De

184 2118 374 2158 primordiis
401 2119 516 2149 urbis:
539 2118 580 2149 de
609 2124 710 2158 raptu
740 2119 880 2149 Sabina-

185 2176 277 2198 rum:
302 2167 344 2198 de
361 2167 457 2198 Remi
474 2167 581 2208 caede,
605 2168 676 2199 Liv.
700 2176 724 2198 1.
754 2173 789 2199 et
812 2168 879 2199 alii.

186 2217 319 2249 Bernec.

229 2271 268 2299 10
292 2268 443 2299 Fraterno
457 2267 621 2307 sanguine]
646 2268 771 2298 Lucan.
788 2277 813 2298 1.
829 2271 882 2299 95.

187 2319 196 2334 ‘
209 2318 374 2348 Fraterno
390 2318 489 2358 primi
504 2318 706 2348 maduerunt
721 2318 883 2357 sanguine

188 2367 296 2398 mnri.’
319 2368 420 2398 Bern.

231 2418 248 2458 ξ
273 2420 311 2448 11
334 2418 453 2448 AEtolos
475 2420 588 2457 autem,
609 2417 679 2458 ᾅτκ]
703 2417 815 2447 Strab.
841 2427 885 2447 ex

190 2467 338 2507 Ephoro,
355 2476 389 2498 x.
407 2478 440 2507 p.
458 2470 533 2498 319.
550 2471 601 2498 14.
637 2466 712 2497 Τοὺς
734 2465 887 2497 Αἷτώλους

188 2517 270 2548 ἔθνος
292 2516 367 2548 εἶναι
389 2517 587 2556 μηδεπώποτε
607 2515 813 2555 ’γεγενημένον
835 2516 885 2555 ὑφ’

189 2566 316 2608 ἑτέροις,
331 2567 415 2598 ἀλλὰ
434 2566 537 2598 πάντα
555 2567 611 2597 τὸν
629 2565 887 2606 μνημονευόμενον

188 2617 300 2658 χρόνον
323 2618 487 2657 μεμενηκὸς
514 2617 694 2659 ἀπόρθητον,
721 2619 729 2635 ‘
747 2623 887 2658 propter

188 2668 339 2698 locorum
377 2669 610 2708 asperitatem,
644 2673 679 2699 et
716 2667 886 2698 difficilem

192 2717 331 2757 aditum,
355 2722 391 2749 et
416 2718 496 2749 belli
518 2718 648 2749 usmn:'
672 2728 692 2749 a
715 2728 795 2759 quo,
820 2717 889 2748 Ho-

191 2776 284 2798 mero
312 2768 497 2809 μενεχάρμαι
526 2770 697 2800 dicuntur.
729 2770 886 2808 Bongars.

192 2816 239 2847 H.
257 2826 286 2847 e.
303 2819 455 2857 praelium
477 2818 559 2850 forti
586 2820 697 2851 animo
721 2819 889 2851 sustinen-

195 2872 258 2898 tes.
283 2868 324 2899 Il.
342 2872 482 2902 ix.525.
506 2871 603 2904 Bern.

1523 318 1549 358 9
1558 317 1608 358 13

958 425 973 463 ξ
1000 427 1038 454 12
1065 424 1183 454 Nomen
1196 424 1260 462 ejas
1275 422 1450 462 horrerent]
1475 422 1540 453 Ov.
1558 432 1608 453 ix.

916 473 964 502 M.
981 475 1056 503 410.
1073 472 1115 502 de
1133 473 1267 503 Minoe:
1293 472 1501 503 ‘Terruerat
1518 482 1610 512 mag-

916 532 974 552 nas
991 523 1064 562 ipso
1081 532 1214 563 qnoque
1230 522 1362 553 nomine
1386 523 1528 562 gentes!
1567 524 1612 554 Et

917 580 941 601 1.
966 572 1122 603 Maccab.
1139 575 1169 602 S.
1187 576 1237 603 12.
1274 572 1345 611 Καὶ,
1364 572 1430 603 ὅσοι
1450 573 1560 609 ἤκουον
1574 573 1611 603 τὸ

917 619 1011 658 ὄνομα
1023 621 1132 659 αὐτῶν,
1144 621 1312 659 ἐφοβοῦντο
1323 621 1372 651 ἀπ’
1386 623 1493 654 αὐτῶν.
1514 623 1612 654 Gron-

962 671 977 710 ξ
1003 673 1042 701 14
1068 671 1160 710 Epiri
1177 672 1281 710 regni]
1305 672 1382 702 Del.
1402 682 1468 711 reg.
1491 673 1613 704 Faber.

962 720 1049 751 CAP.
1067 730 1123 751 111.
1169 722 1186 760 ξ
1208 725 1227 751 3
1252 722 1324 752 Non
1338 733 1449 761 magno
1461 726 1528 763 post
1541 726 1615 754 tem·

916 770 1004 810 pore]
1041 771 1150 810 Bong.
1180 775 1327 802 testatur
1361 772 1434 802 haec.
1464 773 1498 802 in
1529 773 1614 803 Mss.

919 821 1040 851 omissa
1055 830 1141 851 esse.
1187 822 1320 861 Nempe
1336 822 1487 862 sequitur
1500 822 1616 853 statim

918 870 927 885 ‘
942 879 1008 900 non
1023 869 1103 909 diu,’
1120 870 1208 911 quod
1231 871 1276 902 id.
1299 875 1362 902 est.
1409 872 1531 913 Neque
1555 883 1615 913 po-

921 923 990 950 test
1021 924 1199 960 utrumque
1237 921 1414 961 scripsisse
1447 922 1617 961 Justinus,

921 970 982 1000 sed
996 970 1194 1001 alterutrum
1207 980 1345 1003 necesse
1359 976 1410 1003 est
1422 976 1460 1003 ut
1472 972 1514 1003 sit
1530 973 1618 1013 glos-

921 1020 1054 1052 satoris.
1076 1021 1182 1059 Schef.

965 1072 983 1111 ξ
1006 1073 1025 1101 4
1050 1071 1239 1112 Laudamia]
1262 1072 1340 1104 Jan.
1357 1072 1557 1104 Parrhasius
1574 1074 1618 1104 de

923 1119 1037 1151 Rebus
1052 1130 1112 1160 per
1127 1121 1312 1161 Epistolam
1327 1122 1492 1162 quaesitis,
1511 1123 1618 1162 Epist.

923 1173 977 1201 41.
989 1180 1110 1201 nomen
1124 1171 1201 1210 hoc,
1213 1176 1250 1202 ut
1263 1171 1328 1201 alia
1340 1171 1373 1201 in
1384 1170 1536 1202 Auctore
1550 1173 1620 1212 plu-

926 1230 974 1260 ra,
1002 1221 1225 1260 depravatum
1257 1221 1441 1260 existimat,
1471 1222 1620 1252 scriben-

926 1269 1071 1311 dumque
1080 1271 1256 1302 Deidamia.
1278 1271 1356 1302 Vid.
1366 1275 1481 1301 notam
1493 1271 1535 1302 ad
1548 1281 1619 1303 xrv.

926 1323 958 1351 6.
972 1323 1003 1351 4.
1028 1321 1158 1352 Bernec.
1203 1321 1403 1351 Parrhasius
1426 1322 1490 1362 Ep.
1506 1325 1560 1353 48.
1575 1323 1622 1353 le-

927 1369 1029 1409 gend.
1048 1374 1147 1409 putat
1163 1370 1346 1400 Deidamia.-
1368 1375 1405 1401 ut
1427 1371 1469 1401 sit
1487 1371 1561 1401 ead.
1578 1371 1622 1401 de

927 1428 993 1459 qua
1009 1428 1164 1458 sup.xiv.
1180 1422 1211 1451 6.
1226 1422 1257 1450 4.
1271 1419 1370 1450 dixit.
1404 1420 1471 1450 Sed
1484 1420 1622 1452 fallitur.

930 1469 1018 1498 Nam
1044 1468 1213 1498 Deidamia
1235 1467 1302 1498 filia
1325 1467 1391 1499 fuit
1417 1469 1564 1500 AEacidae
1586 1474 1623 1500 et

929 1528 1022 1549 soror
1037 1519 1185 1559 Pyrrhi3
1210 1523 1248 1550 ut
1268 1529 1311 1549 ex
1336 1519 1410 1549 loco
1435 1519 1492 1549 illo
1515 1520 1622 1550 altero

928 1568 1149 1607 intelligitur:
1175 1573 1210 1599 at
1230 1569 1415 1607 Laudamia,
1438 1569 1514 1610 quia
1531 1579 1624 1600 soror

930 1617 1100 1657 Nereidis,
1127 1617 1197 1648 filia
1226 1618 1350 1658 Pyrrhi
1378 1617 1454 1649 fuit.
1499 1619 1625 1650 Scribit

930 1669 1017 1698 enim
1034 1669 1138 1699 Paus.
1155 1677 1204 1699 V1.
1242 1669 1365 1709 Pyrrhi
1381 1668 1482 1700 filiam
1503 1670 1625 1700 Nerei-

929 1718 1020 1757 dem,
1046 1719 1143 1759 cujus
1172 1723 1207 1750 et
1234 1720 1389 1751 Justinus
1416 1721 1516 1759 paulo
1545 1725 1625 1750 ante

929 1769 1134 1799 mentionem
1151 1769 1244 1809 fecit,
1261 1769 1419 1799 Hieronis
1444 1769 1529 1809 regis
1544 1770 1626 1800 Sici-

929 1820 982 1851 liae
999 1819 1070 1850 filio
1087 1819 1209 1850 Geloni
1226 1823 1364 1859 nuptam
1380 1818 1491 1850 fuisse.
1521 1820 1626 1850 Vorst.

982 1870 1100 1900 Sicilia>
1128 1869 1227 1909 regis]
1264 1870 1320 1900 Sc.
1350 1869 1521 1900 Hieronis.
1569 1871 1626 1901 De

929 1919 992 1950 hoc
1015 1920 1063 1950 ita
1087 1920 1187 1950 Paus.
1210 1928 1259 1950 τι.
1288 1929 1320 1959 p.
1337 1922 1410 1949 365.
1431 1922 1481 1950 19.
1525 1919 1628 1950 ‘Fuit

932 1969 1075 1999 Hieroni
1106 1978 1181 1999 cum
1212 1970 1345 2008 Pyrrho
1379 1968 1526 2000 AEacidae
1557 1968 1627 2000 filio

930 2019 1111 2059 hospitium
1125 2019 1227 2059 priuS,
1238 2019 1362 2050 deinde
1374 2018 1530 2058 affinitas,
1540 2020 1628 2060 quod

932 2068 1055 2109 Pyrrhi
1076 2068 1145 2099 filia
1174 2069 1295 2100 Nereis
1323 2069 1396 2110 ejus
1419 2068 1488 2100 filio
1505 2069 1630 2100 Geloni

932 2119 1117 2159 nupserat!
1143 2120 1238 2150 Bern.

976 2171 992 2210 ξ
1020 2172 1057 2199 11
1083 2170 1249 2208 Interjecto
1273 2169 1382 2200 deinde
1406 2173 1540 2209 tempore
1563 2179 1630 2200 cum

930 2220 1089 2260 seditione,
1115 2220 1183 2260 &eff
1222 2220 1277 2250 Sic
1306 2220 1449 2250 Avidius
1481 2220 1630 2251 Cassius.

933 2269 980 2308 Is,
994 2279 1070 2300 cum
1086 2270 1203 2310 ingens
1220 2270 1343 2301 seditio
1357 2271 1387 2300 in
1405 2270 1559 2300 exercitu
1575 2280 1632 2300 ex-

933 2324 1008 2350 orta
1021 2326 1124 2359 esset,
1136 2321 1302 2360 processit
1316 2320 1437 2355 nudus,
1448 2319 1631 2359 campestri

935 2371 1004 2401 solo
1017 2375 1142 2409 tectuS,
1154 2375 1202 2410 et,
1218 2372 1226 2387 ‘
1239 2371 1415 2401 Percutite
1428 2372 1502 2409 me‚’
1513 2370 1633 2410 inquit,

934 2420 985 2450 ‘si
1013 2420 1159 2459 audetis,
1187 2425 1222 2450 et
1248 2424 1418 2459 corruptae
1443 2419 1631 2458 disciplinae

936 2467 1069 2500 facinus
1086 2469 1225 2500 addite.’
1271 2469 1380 2507 Tunc,
1395 2468 1633 2508 conquiescen-

937 2518 1027 2549 tibus
1041 2518 1184 2553 cunctis,
1201 2519 1323 2548 meruit
1341 2517 1552 2557 timeri,quia
1567 2526 1633 2547 non

937 2568 1062 2606 timuit,
1085 2572 1122 2598 ut
1143 2567 1263 2597 scribit
1286 2567 1462 2598 Vulcatius
1486 2567 1634 2598 Gallica-

937 2628 997 2649 nus
1023 2619 1057 2649 in
1084 2618 1186 2649 Avid.
1211 2619 1306 2649 Cass.
1331 2627 1361 2648 c.
1383 2620 1416 2648 4.
1440 2617 1635 2657 respiciens,

938 2668 1068 2708 opinor,
1095 2668 1136 2698 ad
1162 2667 1264 2698 verba
1287 2667 1413 2698 Lucani
1435 2676 1469 2698 v.
1492 2670 1566 2697 316.
1591 2667 1634 2698 de

939 2718 1089 2748 Caesare:
1115 2718 1237 2748 ‘Stetit
1249 2726 1373 2758 aggere
1385 2717 1462 2748 fulti
1474 2717 1635 2757 Cespitis,

937 2767 1129 2807 intrepidus
1162 2768 1267 2806 vultu,
1299 2768 1488 2807 meruitque
1523 2766 1635 2797 timeri

939 2818 999 2848 Nil
1036 2816 1214 2848 metuens!
1283 2816 1459 2848 Quomodo
1496 2816 1633 2846 Meuius

939 2867 1040 2898 etiam
1070 2867 1249 2898 adversum
1280 2866 1456 2897 seditiosos
1494 2866 1635 2906 ‘praesi-
