2174 3424
513 334 599 376 698

514 438 622 479 Bong.
636 438 743 472 edidit
752 443 784 472 et
793 450 907 473 annuos
918 451 1108 478 successores,
1120 441 1210 482 quod

515 497 582 518 non
604 490 765 522 convenit
780 501 851 533 seq.
876 492 977 524 verbo
1000 493 1009 509 ‘
1023 492 1176 532 permisit
1188 491 1209 523 :'

514 547 588 569 cum
605 548 828 581 successores,
842 546 881 573 ut
902 541 1044 573 fraenum
1063 541 1213 572 immodi-

515 596 565 618 cae
591 589 768 630 potentiae,
795 591 927 623 soleant
950 591 1087 632 imponi.
1132 591 1211 623 Vid.

514 637 595 669 Sall.
613 639 687 671 Cat.
703 643 735 671 6.
756 643 807 672 10.
826 641 898 673 Liv.
916 651 972 673 111.
991 645 1042 673 39.
1059 645 1090 673 9.
1108 646 1144 673 et
1159 651 1208 674 lv,

514 692 546 720 5.
561 691 593 720 8.
611 694 646 720 et
663 698 796 722 xxxin.
813 694 864 723 32.
879 695 911 723 6.
937 693 1112 723 Berneccer.
1149 693 1210 723 Le-

514 739 616 778 gend.
643 750 759 772 annuos
782 751 986 773 successores:
1008 743 1094 772 male
1121 743 1210 773 enim

515 789 583 820 ista
597 791 739 822 mutavit
754 801 797 822 ex
813 790 946 823 Acidal.
970 792 1012 823 ad
1027 792 1113 823 Vell.
1125 793 1210 823 Ber-

514 847 612 872 necc.
649 840 733 873 Vult
747 840 877 873 Auctor
891 843 1109 883 magistratus
1126 844 1209 874 tales

514 887 632 929 fuisse,
667 891 788 931 quibus
834 902 960 923 annuos
996 902 1209 924 successores

515 944 692 972 crearent:
730 950 837 982 eoque
865 952 964 973 sensu
991 942 1115 973 ‘annui
1143 953 1210 974 ma-

514 990 694 1029 gistratus’
710 990 868 1023 dicuntur
884 992 954 1024 Liv.
965 1001 1018 1023 111.
1031 995 1083 1024 39.
1110 994 1210 1025 Gron.

557 1040 575 1079 ᾗ
599 1042 619 1070 4
645 1041 811 1071 Convivari
839 1052 941 1072 omnes
962 1042 1083 1082 publice
1099 1043 1212 1084 jussit]

516 1088 611 1120 Unus
636 1099 678 1121 ex
705 1091 788 1123 Mss.
810 1092 932 1122 nostris
947 1092 1117 1124 mordicus
1134 1094 1212 1124 reti-

513 1142 584 1178 net,
602 1139 807 1171 Convivarent
823 1151 850 1171 o.
869 1151 902 1181 p.
920 1141 952 1179 j.
974 1141 1062 1173 unde
1083 1142 1211 1183 fecero,

515 1187 542 1218 si
558 1188 623 1219 mei
639 1189 772 1221 arbitrii
785 1200 837 1221 res
852 1191 908 1231 sit,
924 1192 1127 1223 Conviverent
1139 1203 1166 1224 o.
1177 1204 1210 1234 p.

508 1236 538 1274 j.
554 1242 592 1268 ut
608 1238 695 1269 dixit
710 1239 825 1272 Piaut.
845 1239 968 1281 Amph.
991 1242 1000 1258 ‘
1019 1242 1144 1273 Misisti
1168 1243 1210 1274 ad

515 1295 634 1317 navem
651 1288 792 1328 Sosiam,
819 1294 856 1320 ut
874 1289 973 1321 hodie
1001 1295 1113 1322 tecum
1133 1302 1211 1323 con-

514 1336 668 1369 viveret!
702 1339 808 1370 Porro
826 1341 915 1380 quod
932 1341 1119 1382 subjungit,
1140 1343 1149 1359 ⁴
1167 1353 1209 1374 ne

516 1385 612 1424 cujus
638 1387 763 1418 divitiae
788 1390 840 1419 vel
867 1390 996 1420 luxuria
1019 1391 1052 1421 in
1076 1392 1210 1422 occulto

516 1440 627 1467 essent
640 1436 662 1467 :’
685 1438 758 1468 ead.
783 1438 825 1468 de
846 1449 946 1470 causa
964 1444 999 1471 et
1017 1446 1102 1472 vett.
1120 1450 1211 1472 seve-

514 1485 687 1527 rioresque
713 1487 760 1518 illi
784 1489 923 1520 Romani
948 1499 1014 1521 non
1030 1495 1160 1522 tantum
1178 1492 1210 1522 in

516 1535 610 1566 atriis
638 1537 815 1569 coenabant
851 1542 978 1579 apertis
1001 1541 1125 1581 januis,
1153 1543 1211 1574 sed

515 1585 617 1615 etiam
640 1587 672 1617 in
689 1587 753 1618 illis
770 1598 850 1628 opes
865 1599 979 1621 omnes
995 1601 1069 1622 suas
1085 1593 1212 1632 positas

514 1635 698 1677 habebant,
714 1643 751 1670 ut
764 1640 867 1671 tradit
883 1642 1020 1682 egregie
1034 1652 1101 1673 non
1115 1645 1212 1684 vulgo

515 1687 686 1727 vulgatus,
713 1689 771 1720 sed
801 1691 1090 1732 membranaceus,
1120 1704 1212 1726 meus

516 1735 651 1767 Servius
677 1738 718 1768 ad
743 1738 824 1770 illud
849 1741 967 1781 Virgil.
985 1743 1058 1774 AEn.
1076 1753 1100 1775 1.
1121 1745 1129 1761 ‘
1150 1745 1212 1775 Vo-

515 1794 657 1827 cemque
685 1797 747 1828 per
777 1790 888 1830 ampla
914 1792 1065 1824 volutant
1090 1793 1212 1835 Atria:

515 1836 566 1867 liis
596 1837 729 1868 verbis:
766 1839 937 1880 ‘Tangit,'
969 1842 1087 1884 inquit,
1117 1845 1211 1876 ‘mo-

516 1896 588 1917 rem
615 1889 812 1921 Romanum.
858 1893 958 1933 Nam,
982 1899 1018 1926 ut
1044 1895 1093 1926 ait
1115 1897 1211 1936 Cato,

516 1941 552 1967 et
576 1937 609 1968 in
637 1939 722 1970 atrio
738 1946 775 1972 et
796 1941 927 1973 duobus
943 1943 1079 1975 ferculis
1095 1948 1211 1986 epula·

516 1988 641 2020 bantur
663 1992 809 2032 antiqui3
833 1994 920 2025 unde
948 1995 995 2026 ait
1016 1996 1208 2029 Juverialis:

516 2037 526 2053 ‘
543 2038 625 2071 Quis
649 2038 776 2072 fercula
797 2048 928 2083 septem
944 2045 1084 2077 Secreto
1102 2057 1210 2078 coena-

516 2088 567 2119 vit
582 2098 661 2120 avus
671 2089 694 2120 ?'
718 2091 832 2132 ibique
848 2094 952 2125 etiam
970 2097 1142 2135 pecuniam
1157 2099 1212 2129 iia-

516 2137 660 2177 bebant,
675 2140 764 2171 unde
787 2142 843 2182 qui
866 2142 1095 2176 honoratiores
1114 2152 1211 2179 erant

515 2186 666 2218 liminum
699 2190 856 2222 custodes
885 2193 1143 2235 adhibebantur,
1174 2202 1212 2228 ut

514 2237 524 2253 ‘
549 2237 616 2269 Qui
653 2239 828 2271 Dardanio
865 2241 1020 2274 Anchisae
1055 2244 1213 2287 Armiger

517 2292 596 2318 ante
620 2287 697 2330 fuit,
713 2289 865 2333 fidusque
881 2293 923 2324 ad
940 2294 1055 2325 limina
1071 2302 1182 2328 custos
1194 2297 1213 2336 ;’

517 2341 553 2369 et
575 2339 686 2370 culina
709 2346 794 2373 erat.
841 2343 939 2375 Unde
956 2349 990 2375 et
1006 2346 1127 2377 atrium
1145 2348 1213 2380 dic-

516 2392 601 2428 tum,
618 2390 695 2430 qnia
711 2396 817 2423 atrum
832 2392 924 2425 fumo
946 2401 1032 2428 erat.
1075 2398 1143 2431 Alii
1166 2401 1213 2432 di-

516 2444 597 2470 cunt
613 2439 713 2472 Atria
733 2442 876 2475 Etruriae
900 2446 1073 2479 civitatem
1098 2448 1212 2491 fuisse,

517 2499 591 2530 quae
620 2490 737 2523 domos
764 2495 890 2534 amplas
914 2498 1087 2530 vestibulis
1111 2501 1212 2533 habe-

516 2539 689 2582 bat,quae‚
714 2552 789 2574 cum
818 2544 959 2577 Romani
984 2548 1212 2592 imitarentur,

517 2591 603 2621 atria
619 2594 887 2633 appellaverunt.
912 2597 980 2628 Alii
995 2600 1080 2630 atria
1091 2611 1212 2643 magna

517 2645 554 2671 et
579 2642 675 2672 sedes
703 2645 939 2684 capacissimas
957 2649 1108 2691 tradunt,
1123 2653 1211 2685 unde

517 2690 617 2722 Atria
644 2693 784 2734 Licinia,
807 2700 842 2726 et
868 2696 1000 2729 Atrium
1024 2700 1212 2735 libertatis!

516 2739 692 2772 Hactenus
705 2743 760 2784 qui
773 2753 877 2784 penes
891 2756 942 2778 me
955 2753 1008 2780 est
1024 2759 1121 2782 manu
1132 2763 1211 2784 exa-

517 2795 608 2821 ratus
624 2793 770 2832 Servius,
786 2796 843 2826 ubi
867 2797 998 2838 legend.
1016 2807 1143 2841 putem,
1159 2806 1211 2846 qui

515 2841 597 2871 servi
611 2842 820 2876 honoratiores
836 2852 935 2888 erant,
957 2850 1097 2883 liminum
1111 2859 1210 2886 custo-

517 2891 569 2922 des
582 2892 819 2928 adhibebantur.-
842 2898 930 2930 addo
946 2902 1048 2934 etiam
1064 2903 1106 2935 de
1122 2915 1209 2948 meo,

966 346 1108 377 NOTAE
1141 344 1408 375 VARlORUM
1441 345 1493 375 IN

1259 438 1318 469 hos
1341 438 1382 470 ab
1404 438 1479 471 iisd.
1494 438 1504 456 ‘
1517 437 1612 470 atriis
1624 437 1634 452 '
1656 437 1665 456 ‘
1682 437 1862 470 atrienses'
1884 438 1956 470 dic-

1260 494 1324 529 toS,
1335 493 1372 520 ut
1386 489 1438 519 vel
1451 498 1493 519 ex
1508 490 1578 519 solo
1593 488 1744 529 pluribus
1760 489 1842 520 locis
1855 489 1962 520 Plau·

1261 543 1296 570 to
1312 537 1448 578 probari
1470 543 1594 578 potest,
1616 548 1690 578 quae
1713 538 1790 568 ideo
1814 548 1881 569 non
1898 538 1954 569 ad-

1260 592 1381 630 scribo,
1411 591 1492 632 quia
1514 591 1587 631 jam
1617 600 1706 621 nunc
1733 591 1785 622 hic
1815 591 1958 622 nominis

1260 643 1324 673 mei
1339 641 1462 672 oblitus
1478 641 1586 672 videri
1600 641 1733 680 possim.
1757 641 1846 671 Mod.

1305 693 1354 722 Ne
1383 691 1469 730 cujus
1495 690 1616 720 divitiae
1646 691 1691 720 vel
1717 689 1858 729 luxuria]
1903 689 1957 722 ld.

1261 749 1458 784 spectantes
1481 742 1489 758 ‘
1505 741 1648 772 Romani
1664 745 1798 772 veteres
1815 741 1959 780 impera·

1260 798 1352 833 runt,
1369 798 1405 824 ut
1422 791 1738 833 patentibusjanuis
1756 791 1960 830 pransitare-

1261 849 1316 875 tur
1332 848 1367 875 et
1383 843 1625 874 coenitaretur:
1649 845 1687 871 ut
1711 841 1771 878 sic,
1793 841 1897 871 oculis
1913 841 1959 872 ci-

1261 896 1349 926 vium
1373 894 1516 925 testibus
1539 892 1650 930 factiS,
1672 891 1814 922 luxuriae
1839 891 1958 922 modus

1260 945 1359 977 fieret
1374 945 1395 976 ι’
1420 943 1573 975 Macrob.
1594 943 1764 973 Saturnal.
1782 951 1822 973 11.
1840 945 1890 973 13.
1908 951 1959 982 pr.

1261 997 1339 1028 vid.
1356 996 1432 1027 Val.
1444 995 1493 1025 M.
1511 1003 1549 1024 ιι.
1565 997 1596 1025 5.
1613 997 1644 1023 5.
1663 992 1780 1023 Contr.
1802 992 1879 1023 Seu.
1895 993 1961 1032 Ep.

1260 1049 1314 1077 43.
1338 1045 1362 1077 f.
1389 1047 1398 1062 ‘
1416 1045 1481 1075 Vix
1506 1052 1704 1084 quemquam
1728 1042 1888 1082 iuvenies,
1903 1042 1962 1083 qui

1261 1096 1367 1137 possit
1384 1100 1502 1135 aperto
1520 1093 1603 1124 ostio
1619 1092 1758 1123 vivere)
1783 1092 1882 1123 Bern-

1304 1148 1321 1187 ξ
1338 1151 1355 1177 5
1385 1147 1454 1177 Una
1470 1145 1564 1185 veste]
1579 1146 1586 1160 ‘
1601 1144 1710 1174 Unam
1724 1142 1868 1173 vestem’
1884 1142 1961 1173 sim-

1262 1196 1384 1236 plicem
1399 1195 1645 1234 interpretatur
1658 1190 1772 1223 Schef.
1782 1191 1824 1222 ad
1839 1191 1962 1223 AElian.

1261 1255 1328 1276 vn.
1344 1246 1385 1276 V.
1404 1245 1449 1275 H.
1468 1247 1520 1274 13.

1308 1295 1500 1334 Verterelur]
1534 1292 1699 1325 Nobiliss.
1726 1290 1859 1322 Sebisio
1885 1291 1962 1322 sub-

1260 1347 1384 1385 scribo,
1408 1344 1608 1376 rescribenti
1630 1346 1777 1381 verteret,
1793 1342 1959 1383 absolute,

1261 1401 1297 1426 ut
1313 1397 1396 1426 Tac.
1414 1400 1449 1426 et
1469 1394 1588 1434 optimi
1614 1393 1736 1433 quique
1760 1401 1862 1431 saepe.
1905 1391 1961 1422 Sic

1262 1445 1321 1476 inf.
1338 1454 1467 1475 xxxw.
1479 1448 1510 1475 2.
1524 1447 1574 1474 16.
1593 1444 1775 1473 Berneccer.
1810 1442 1961 1474 Sebisius

1262 1494 1406 1534 conjecit
1423 1494 1557 1533 legend.
1582 1503 1654 1524 esse
1678 1495 1821 1532 verteret,
1837 1497 1875 1524 ut
1898 1492 1960 1523 inf.

1263 1553 1391 1576 xxxvr.
1407 1548 1439 1575 2.
1458 1548 1507 1575 16.
1523 1545 1531 1561 ‘
1549 1543 1741 1581 convertit,’
1757 1547 1790 1574 et
1806 1543 1961 1575 similiter

1263 1594 1305 1624 ab
1323 1595 1394 1625 aliis
1419 1594 1581 1634 scriptum
1607 1592 1788 1633 reperitur.
1832 1593 1961 1624 Verum

1262 1644 1343 1675 nihil
1360 1654 1442 1685 opus
1462 1645 1528 1675 illo.
1575 1644 1664 1682 Non,
1691 1643 1765 1684 quia
1791 1643 1960 1674 interdum

1262 1695 1310 1725 sic
1328 1695 1509 1735 loquuntur
1527 1692 1708 1731 AuctoreS,
1725 1693 1814 1723 idem
1839 1702 1961 1734 perpe-

1264 1750 1356 1775 tuum
1374 1751 1426 1775 est
1445 1744 1641 1785 putandum.
1678 1743 1823 1775 Quoties
1841 1743 1960 1774 dicunt

1262 1797 1270 1813 ‘
1290 1795 1414 1834 vertit‚'
1441 1800 1496 1826 aut
1516 1796 1524 1812 ‘
1544 1793 1741 1833 convertit,'
1771 1803 1844 1833 pre,
1859 1793 1960 1824 verti·

1262 1850 1328 1882 tur,
1341 1851 1399 1877 aut
1413 1845 1638 1882 convertitur,
1652 1843 1875 1875 subaudiend.
1889 1853 1958 1875 om-

1261 1896 1350 1934 nino,
1371 1906 1416 1927 se.
1461 1896 1564 1926 Certe
1585 1895 1759 1934 Sosipater
1783 1894 1864 1924 illud
1881 1895 1958 1925 Vir-

1262 1946 1330 1986 gilii
1347 1946 1355 1961 ‘
1370 1945 1590 1985 Genibusque
1605 1945 1756 1975 volutans
1771 1944 1937 1976 Haerebat
1948 1944 1957 1957 '

1261 1995 1411 2036 explicat
1427 1996 1485 2034 sic,
1501 1996 1657 2025 volutans
1674 2004 1721 2024 sc.
1746 2003 1793 2025 se.
1831 1993 1878 2025 At
1895 2004 1958 2034 pro

1262 2045 1365 2076 verbo
1382 2045 1493 2075 activo
1516 2048 1550 2075 et
1570 2044 1766 2085 pronomine
1783 2045 1958 2085 reciproco

1262 2096 1372 2126 Latini
1390 2095 1574 2135 saepissime
1592 2094 1759 2135 passivum
1774 2098 1958 2134 usurpant:

1262 2153 1299 2178 ut
1326 2147 1471 2178 ‘lavari’
1503 2156 1576 2186 pro,
1600 2147 1712 2176 lavare
1740 2155 1800 2184 se;
1834 2147 1843 2162 ‘
1862 2155 1957 2176 exer-

1263 2197 1348 2229 ceri’
1366 2207 1439 2237 pro,
1454 2205 1614 2227 exercere
1629 2205 1683 2234 se;
1707 2196 1716 2212 ‘
1734 2195 1846 2235 parari
1858 2195 1865 2207 ¹
1884 2205 1959 2236 pro,

1262 2258 1381 2289 parare
1398 2257 1444 2278 se.
1489 2246 1615 2279 Quidni
1639 2255 1719 2286 ergo
1740 2251 1775 2276 et
1790 2246 1844 2277 hic
1859 2249 1956 2277 verte-

1260 2303 1344 2330 retur
1364 2308 1436 2339 pro,
1459 2301 1610 2328 verteret
1635 2306 1684 2336 se,
1709 2296 1872 2337 scriptum
1896 2305 1957 2336 pu·

1262 2349 1435 2380 taremus?
1466 2348 1538 2379 Vor.

1304 2401 1321 2440 ξ
1348 2403 1367 2430 6
1401 2399 1463 2430 Sed
1493 2399 1526 2429 in
1551 2406 1640 2438 opere
1667 2399 1696 2427 et
1725 2396 1758 2427 in
1787 2395 1954 2436 laboribus]

1262 2448 1364 2490 Angl.
1384 2451 1438 2480 sed
1463 2448 1578 2489 inopia,
1603 2446 1693 2489 quod
1718 2455 1784 2476 non
1807 2452 1957 2477 contem-

1261 2500 1362 2531 nend.
1406 2500 1492 2531 Nam
1509 2499 1651 2529 luxuriae
1676 2497 1801 2528 rectius
1817 2496 1957 2537 opponi-

1262 2555 1318 2582 tur
1347 2551 1472 2590 inopia,
1498 2559 1597 2590 quam
1627 2548 1734 2587 labor,
1763 2552 1798 2578 et
1828 2547 1955 2588 inopia,

1259 2600 1353 2632 socia
1382 2600 1462 2631 vitae
1493 2600 1641 2630 rusticae.
1685 2598 1816 2629 Vellem
1841 2601 1955 2629 autem

1261 2650 1362 2682 scribi
1378 2651 1429 2681 sed
1450 2649 1481 2680 in
1496 2649 1610 2689 inopia.
1633 2646 1747 2679 Schef.
1792 2647 1894 2688 Angl.
1916 2646 1955 2678 li·

1261 2700 1310 2731 bri
1327 2701 1380 2731 liic
1398 2709 1462 2731 non
1479 2705 1556 2730 sunt
1571 2697 1784 2730 anteferendi
1799 2697 1953 2738 vulgatis.

1263 2752 1348 2791 Opus
1360 2756 1412 2782 est
1423 2750 1517 2782 labor
1531 2750 1687 2787 rusticus,
1697 2753 1735 2780 ut
1748 2749 1930 2789 saepissime
1945 2759 1953 2779 :

1260 2801 1412 2842 quamvis
1427 2801 1497 2831 sine
1518 2800 1690 2840 pulmento
1706 2798 1871 2837 viverent,
1886 2807 1953 2829 non

1260 2855 1374 2882 tamen
1401 2850 1434 2880 in
1459 2850 1574 2890 inopia
1596 2848 1765 2879 vivebant.
1809 2848 1954 2888 Primos,

1260 2901 1382 2943 inquit,
1399 2910 1503 2932 annos
1528 2908 1595 2931 non
1621 2898 1653 2929 in
1667 2897 1813 2938 luxuria,
1833 2902 1869 2929 ut
1886 2898 1952 2929 Ro·
