<?xml version="1.0" encoding="UTF-8"?>
<!DOCTYPE html PUBLIC "-//W3C//DTD XHTML 1.0 Transitional//EN"
    "http://www.w3.org/TR/xhtml1/DTD/xhtml1-transitional.dtd">
<html xmlns="http://www.w3.org/1999/xhtml" xml:lang="en" lang="en">
 <head>
  <title>
</title>
<meta http-equiv="Content-Type" content="text/html;charset=utf-8" />
  <meta name='ocr-system' content='tesseract 3.04.00' />
  <meta name='ocr-capabilities' content='ocr_page ocr_carea ocr_par ocr_line ocrx_word'/>
</head>
<body>
  <div class='ocr_page' id='page_1' title='image "./historiaephilipp02just/historiaephilipp02just_0129.png"; bbox 0 0 2174 3424; ppageno 0'>
   <div class='ocr_carea' id='block_1_1' title="bbox 645 350 1277 391">
    <p class='ocr_par' dir='ltr' id='par_1_1' title="bbox 645 350 1277 391">
     <span class='ocr_line' id='line_1_1' title="bbox 645 350 1277 391; baseline -0.002 -1"><span class='ocrx_word' id='word_1_1' title='bbox 645 360 840 391; x_wconf 79' lang='lat' dir='ltr'>JUSTlNI</span> <span class='ocrx_word' id='word_1_2' title='bbox 876 360 970 389; x_wconf 67' lang='grc' dir='ltr'>[ΑΒ.</span> <span class='ocrx_word' id='word_1_3' title='bbox 1006 360 1066 389; x_wconf 78' lang='lat' dir='ltr'>vi.</span> <span class='ocrx_word' id='word_1_4' title='bbox 1101 360 1206 390; x_wconf 74' lang='lat' dir='ltr'>cAP.</span> <span class='ocrx_word' id='word_1_5' title='bbox 1238 350 1277 390; x_wconf 81' lang='lat'>3.</span> 
     </span>
    </p>
   </div>
   <div class='ocr_carea' id='block_1_2' title="bbox 187 453 934 496">
    <p class='ocr_par' dir='ltr' id='par_1_2' title="bbox 187 453 934 496">
     <span class='ocr_line' id='line_1_2' title="bbox 187 453 934 496; baseline -0.004 -9"><span class='ocrx_word' id='word_1_6' title='bbox 187 492 190 496; x_wconf 39' lang='grc' dir='ltr'>Ι</span> <span class='ocrx_word' id='word_1_7' title='bbox 242 455 317 487; x_wconf 87' lang='lat' dir='ltr'>dem</span> <span class='ocrx_word' id='word_1_8' title='bbox 349 454 432 492; x_wconf 83' lang='lat' dir='ltr'>scio,</span> <span class='ocrx_word' id='word_1_9' title='bbox 460 453 494 484; x_wconf 89' lang='lat' dir='ltr'>id</span> <span class='ocrx_word' id='word_1_10' title='bbox 525 462 587 493; x_wconf 84' lang='lat' dir='ltr'>ego</span> <span class='ocrx_word' id='word_1_11' title='bbox 620 453 668 485; x_wconf 87' lang='lat' dir='ltr'>sie</span> <span class='ocrx_word' id='word_1_12' title='bbox 705 453 934 493; x_wconf 81' lang='lat' dir='ltr'>interpretor:</span> 
     </span>
    </p>
   </div>
   <div class='ocr_carea' id='block_1_3' title="bbox 235 504 938 2952">
    <p class='ocr_par' dir='ltr' id='par_1_3' title="bbox 235 504 938 1987">
     <span class='ocr_line' id='line_1_3' title="bbox 242 504 934 544; baseline -0.006 -7"><span class='ocrx_word' id='word_1_13' title='bbox 242 504 488 537; x_wconf 71' lang='lat' dir='ltr'>Lacedaemonii</span> <span class='ocrx_word' id='word_1_14' title='bbox 499 504 582 534; x_wconf 89' lang='lat' dir='ltr'>duos</span> <span class='ocrx_word' id='word_1_15' title='bbox 597 514 693 544; x_wconf 85' lang='lat' dir='ltr'>reges</span> <span class='ocrx_word' id='word_1_16' title='bbox 707 504 876 534; x_wconf 85' lang='lat' dir='ltr'>habebant</span> <span class='ocrx_word' id='word_1_17' title='bbox 892 513 934 533; x_wconf 84' lang='lat' dir='ltr'>ex</span> 
     </span>
     <span class='ocr_line' id='line_1_4' title="bbox 240 553 935 593; baseline -0.004 -7"><span class='ocrx_word' id='word_1_18' title='bbox 240 555 370 586; x_wconf 88' lang='lat' dir='ltr'>duabus</span> <span class='ocrx_word' id='word_1_19' title='bbox 396 553 530 584; x_wconf 84' lang='lat' dir='ltr'>familiis</span> <span class='ocrx_word' id='word_1_20' title='bbox 561 553 831 592; x_wconf 76' lang='lat' dir='ltr'>Heraclidamm,</span> <span class='ocrx_word' id='word_1_21' title='bbox 862 562 935 593; x_wconf 89' lang='lat' dir='ltr'>per-</span> 
     </span>
     <span class='ocr_line' id='line_1_5' title="bbox 240 603 935 646; baseline -0.004 -11"><span class='ocrx_word' id='word_1_22' title='bbox 240 609 346 646; x_wconf 87' lang='lat' dir='ltr'>petua</span> <span class='ocrx_word' id='word_1_23' title='bbox 362 608 396 635; x_wconf 91' lang='lat' dir='ltr'>et</span> <span class='ocrx_word' id='word_1_24' title='bbox 413 613 477 634; x_wconf 90' lang='lat' dir='ltr'>non</span> <span class='ocrx_word' id='word_1_25' title='bbox 493 604 688 643; x_wconf 91' lang='lat' dir='ltr'>interrupta</span> <span class='ocrx_word' id='word_1_26' title='bbox 702 603 788 633; x_wconf 86' lang='lat' dir='ltr'>serie</span> <span class='ocrx_word' id='word_1_27' title='bbox 803 614 812 641; x_wconf 75' lang='lat'>3</span> <span class='ocrx_word' id='word_1_28' title='bbox 835 603 935 644; x_wconf 85' lang='lat' dir='ltr'>idque</span> 
     </span>
     <span class='ocr_line' id='line_1_6' title="bbox 240 652 935 694; baseline -0.003 -9"><span class='ocrx_word' id='word_1_29' title='bbox 240 664 281 686; x_wconf 85' lang='lat' dir='ltr'>eo</span> <span class='ocrx_word' id='word_1_30' title='bbox 294 653 361 684; x_wconf 87' lang='lat' dir='ltr'>fine</span> <span class='ocrx_word' id='word_1_31' title='bbox 375 653 435 694; x_wconf 86' lang='lat' dir='ltr'>(de</span> <span class='ocrx_word' id='word_1_32' title='bbox 458 653 587 684; x_wconf 89' lang='lat' dir='ltr'>duobus</span> <span class='ocrx_word' id='word_1_33' title='bbox 610 652 745 694; x_wconf 87' lang='lat' dir='ltr'>loquor)</span> <span class='ocrx_word' id='word_1_34' title='bbox 769 658 806 684; x_wconf 90' lang='lat' dir='ltr'>ut</span> <span class='ocrx_word' id='word_1_35' title='bbox 822 662 862 683; x_wconf 90' lang='lat' dir='ltr'>eo</span> <span class='ocrx_word' id='word_1_36' title='bbox 878 652 935 682; x_wconf 89' lang='lat' dir='ltr'>mi·</span> 
     </span>
     <span class='ocr_line' id='line_1_7' title="bbox 239 702 934 744; baseline -0.003 -10"><span class='ocrx_word' id='word_1_37' title='bbox 239 714 301 734; x_wconf 92' lang='lat' dir='ltr'>nus</span> <span class='ocrx_word' id='word_1_38' title='bbox 318 713 413 744; x_wconf 87' lang='lat' dir='ltr'>reges</span> <span class='ocrx_word' id='word_1_39' title='bbox 430 707 555 742; x_wconf 83' lang='lat' dir='ltr'>essent,</span> <span class='ocrx_word' id='word_1_40' title='bbox 582 711 680 743; x_wconf 85' lang='lat' dir='ltr'>quam</span> <span class='ocrx_word' id='word_1_41' title='bbox 705 703 732 732; x_wconf 88' lang='lat' dir='ltr'>si</span> <span class='ocrx_word' id='word_1_42' title='bbox 748 702 934 742; x_wconf 80' lang='lat' dir='ltr'><strong>singulares</strong></span> 
     </span>
     <span class='ocr_line' id='line_1_8' title="bbox 238 751 935 792; baseline -0.004 -7"><span class='ocrx_word' id='word_1_43' title='bbox 238 755 287 785; x_wconf 90' lang='lat' dir='ltr'>illi</span> <span class='ocrx_word' id='word_1_44' title='bbox 302 753 455 784; x_wconf 84' lang='lat' dir='ltr'>fuissent.</span> <span class='ocrx_word' id='word_1_45' title='bbox 480 754 556 786; x_wconf 84' lang='lat' dir='ltr'>Quo</span> <span class='ocrx_word' id='word_1_46' title='bbox 572 752 661 783; x_wconf 90' lang='lat' dir='ltr'>enim</span> <span class='ocrx_word' id='word_1_47' title='bbox 678 752 791 792; x_wconf 90' lang='lat' dir='ltr'>plures</span> <span class='ocrx_word' id='word_1_48' title='bbox 809 751 935 782; x_wconf 87' lang='lat' dir='ltr'>fuerint</span> 
     </span>
     <span class='ocr_line' id='line_1_9' title="bbox 239 803 935 845; baseline -0.006 -9"><span class='ocrx_word' id='word_1_49' title='bbox 239 814 336 845; x_wconf 83' lang='lat' dir='ltr'>reges</span> <span class='ocrx_word' id='word_1_50' title='bbox 361 805 396 834; x_wconf 92' lang='lat' dir='ltr'>in</span> <span class='ocrx_word' id='word_1_51' title='bbox 418 814 483 835; x_wconf 92' lang='lat' dir='ltr'>uno</span> <span class='ocrx_word' id='word_1_52' title='bbox 511 804 621 844; x_wconf 82' lang='lat' dir='ltr'>aliquo</span> <span class='ocrx_word' id='word_1_53' title='bbox 648 803 803 843; x_wconf 88' lang='lat' dir='ltr'>imperio,</span> <span class='ocrx_word' id='word_1_54' title='bbox 830 812 871 833; x_wconf 90' lang='lat' dir='ltr'>eo</span> <span class='ocrx_word' id='word_1_55' title='bbox 899 806 935 832; x_wconf 87' lang='lat' dir='ltr'>et</span> 
     </span>
     <span class='ocr_line' id='line_1_10' title="bbox 238 851 935 885; baseline -0.003 0"><span class='ocrx_word' id='word_1_56' title='bbox 238 853 437 885; x_wconf 89' lang='lat' dir='ltr'>infirmiores</span> <span class='ocrx_word' id='word_1_57' title='bbox 459 854 526 884; x_wconf 84' lang='lat' dir='ltr'>siut</span> <span class='ocrx_word' id='word_1_58' title='bbox 552 863 688 884; x_wconf 82' lang='lat' dir='ltr'>necesse</span> <span class='ocrx_word' id='word_1_59' title='bbox 719 857 783 884; x_wconf 88' lang='lat' dir='ltr'>est.</span> <span class='ocrx_word' id='word_1_60' title='bbox 827 851 876 883; x_wconf 92' lang='lat' dir='ltr'>At</span> <span class='ocrx_word' id='word_1_61' title='bbox 907 852 935 883; x_wconf 88' lang='lat' dir='ltr'>si</span> 
     </span>
     <span class='ocr_line' id='line_1_11' title="bbox 236 903 934 943; baseline -0.003 -8"><span class='ocrx_word' id='word_1_62' title='bbox 236 914 322 935; x_wconf 89' lang='lat' dir='ltr'>unus</span> <span class='ocrx_word' id='word_1_63' title='bbox 340 908 470 935; x_wconf 90' lang='lat' dir='ltr'>tantum</span> <span class='ocrx_word' id='word_1_64' title='bbox 492 903 625 943; x_wconf 85' lang='lat' dir='ltr'>fuisset,</span> <span class='ocrx_word' id='word_1_65' title='bbox 642 908 711 935; x_wconf 91' lang='lat' dir='ltr'>tum</span> <span class='ocrx_word' id='word_1_66' title='bbox 729 913 808 934; x_wconf 84' lang='lat' dir='ltr'>vero</span> <span class='ocrx_word' id='word_1_67' title='bbox 832 912 934 943; x_wconf 84' lang='lat' dir='ltr'>grave</span> 
     </span>
     <span class='ocr_line' id='line_1_12' title="bbox 237 953 936 995; baseline -0.001 -10"><span class='ocrx_word' id='word_1_68' title='bbox 237 959 272 985; x_wconf 88' lang='lat' dir='ltr'>et</span> <span class='ocrx_word' id='word_1_69' title='bbox 288 954 425 985; x_wconf 81' lang='lat' dir='ltr'>exitiale</span> <span class='ocrx_word' id='word_1_70' title='bbox 447 953 643 995; x_wconf 88' lang='lat' dir='ltr'>reipublicae</span> <span class='ocrx_word' id='word_1_71' title='bbox 671 954 859 994; x_wconf 90' lang='lat' dir='ltr'>periculum</span> <span class='ocrx_word' id='word_1_72' title='bbox 876 954 936 984; x_wconf 89' lang='lat' dir='ltr'>im-</span> 
     </span>
     <span class='ocr_line' id='line_1_13' title="bbox 235 1003 935 1044; baseline 0 -10"><span class='ocrx_word' id='word_1_73' title='bbox 235 1004 400 1042; x_wconf 88' lang='lat' dir='ltr'>minebat,</span> <span class='ocrx_word' id='word_1_74' title='bbox 417 1008 454 1034; x_wconf 92' lang='lat' dir='ltr'>ut</span> <span class='ocrx_word' id='word_1_75' title='bbox 468 1003 646 1044; x_wconf 84' lang='lat' dir='ltr'>putabant.</span> <span class='ocrx_word' id='word_1_76' title='bbox 676 1004 745 1036; x_wconf 83' lang='lat' dir='ltr'>Qui</span> <span class='ocrx_word' id='word_1_77' title='bbox 761 1004 849 1034; x_wconf 88' lang='lat' dir='ltr'>euim</span> <span class='ocrx_word' id='word_1_78' title='bbox 863 1004 935 1034; x_wconf 89' lang='lat' dir='ltr'>sine</span> 
     </span>
     <span class='ocr_line' id='line_1_14' title="bbox 237 1053 936 1094; baseline -0.003 -9"><span class='ocrx_word' id='word_1_79' title='bbox 237 1059 397 1085; x_wconf 85' lang='lat' dir='ltr'>consorte</span> <span class='ocrx_word' id='word_1_80' title='bbox 425 1064 535 1085; x_wconf 88' lang='lat' dir='ltr'>rerum</span> <span class='ocrx_word' id='word_1_81' title='bbox 562 1054 690 1094; x_wconf 85' lang='lat' dir='ltr'>potitus</span> <span class='ocrx_word' id='word_1_82' title='bbox 719 1058 820 1092; x_wconf 86' lang='lat' dir='ltr'>esset,</span> <span class='ocrx_word' id='word_1_83' title='bbox 850 1053 877 1083; x_wconf 93' lang='lat' dir='ltr'>is</span> <span class='ocrx_word' id='word_1_84' title='bbox 901 1057 936 1084; x_wconf 89' lang='lat' dir='ltr'>et</span> 
     </span>
     <span class='ocr_line' id='line_1_15' title="bbox 238 1104 936 1144; baseline 0 -8"><span class='ocrx_word' id='word_1_85' title='bbox 238 1104 340 1136; x_wconf 90' lang='lat' dir='ltr'>facile</span> <span class='ocrx_word' id='word_1_86' title='bbox 376 1109 538 1144; x_wconf 86' lang='lat' dir='ltr'>tyrannus</span> <span class='ocrx_word' id='word_1_87' title='bbox 576 1104 722 1135; x_wconf 89' lang='lat' dir='ltr'>evadere</span> <span class='ocrx_word' id='word_1_88' title='bbox 758 1104 936 1144; x_wconf 88' lang='lat' dir='ltr'>potuisset.</span> 
     </span>
     <span class='ocr_line' id='line_1_16' title="bbox 238 1154 936 1195; baseline -0.001 -10"><span class='ocrx_word' id='word_1_89' title='bbox 238 1155 348 1195; x_wconf 88' lang='lat' dir='ltr'>quue</span> <span class='ocrx_word' id='word_1_90' title='bbox 365 1154 450 1185; x_wconf 87' lang='lat' dir='ltr'>adeo</span> <span class='ocrx_word' id='word_1_91' title='bbox 461 1154 634 1185; x_wconf 90' lang='lat' dir='ltr'>oraculum</span> <span class='ocrx_word' id='word_1_92' title='bbox 647 1163 858 1194; x_wconf 85' lang='lat' dir='ltr'>praemonens</span> <span class='ocrx_word' id='word_1_93' title='bbox 873 1155 936 1184; x_wconf 89' lang='lat' dir='ltr'>La-</span> 
     </span>
     <span class='ocr_line' id='line_1_17' title="bbox 238 1203 935 1243; baseline -0.003 -8"><span class='ocrx_word' id='word_1_94' title='bbox 238 1204 454 1235; x_wconf 82' lang='lat' dir='ltr'>cedaemoniis</span> <span class='ocrx_word' id='word_1_95' title='bbox 483 1203 626 1234; x_wconf 89' lang='lat' dir='ltr'>cavend.</span> <span class='ocrx_word' id='word_1_96' title='bbox 658 1213 733 1234; x_wconf 89' lang='lat' dir='ltr'>esse</span> <span class='ocrx_word' id='word_1_97' title='bbox 764 1203 866 1243; x_wconf 83' lang='lat' dir='ltr'>dixit,</span> <span class='ocrx_word' id='word_1_98' title='bbox 894 1212 935 1233; x_wconf 89' lang='lat' dir='ltr'>ne</span> 
     </span>
     <span class='ocr_line' id='line_1_18' title="bbox 239 1253 933 1295; baseline -0.003 -10"><span class='ocrx_word' id='word_1_99' title='bbox 239 1254 374 1295; x_wconf 88' lang='lat' dir='ltr'>quando</span> <span class='ocrx_word' id='word_1_100' title='bbox 390 1254 540 1294; x_wconf 91' lang='lat' dir='ltr'>ipsorum</span> <span class='ocrx_word' id='word_1_101' title='bbox 557 1263 698 1294; x_wconf 85' lang='lat' dir='ltr'>regnum</span> <span class='ocrx_word' id='word_1_102' title='bbox 711 1253 933 1285; x_wconf 79' lang='lat' dir='ltr'>claudicaret.</span> 
     </span>
     <span class='ocr_line' id='line_1_19' title="bbox 239 1303 935 1344; baseline 0 -10"><span class='ocrx_word' id='word_1_103' title='bbox 239 1304 294 1335; x_wconf 91' lang='lat' dir='ltr'>Illi</span> <span class='ocrx_word' id='word_1_104' title='bbox 310 1308 423 1334; x_wconf 86' lang='lat' dir='ltr'>autem</span> <span class='ocrx_word' id='word_1_105' title='bbox 440 1303 530 1344; x_wconf 91' lang='lat' dir='ltr'>quod</span> <span class='ocrx_word' id='word_1_106' title='bbox 554 1303 597 1334; x_wconf 91' lang='lat' dir='ltr'>de</span> <span class='ocrx_word' id='word_1_107' title='bbox 620 1313 701 1344; x_wconf 88' lang='lat' dir='ltr'>rege</span> <span class='ocrx_word' id='word_1_108' title='bbox 721 1303 935 1334; x_wconf 83' lang='lat' dir='ltr'>claudicante</span> 
     </span>
     <span class='ocr_line' id='line_1_20' title="bbox 239 1352 934 1395; baseline -0.001 -10"><span class='ocrx_word' id='word_1_109' title='bbox 239 1353 417 1395; x_wconf 79' lang='lat' dir='ltr'>aliquando</span> <span class='ocrx_word' id='word_1_110' title='bbox 433 1353 560 1384; x_wconf 83' lang='lat' dir='ltr'>dictum</span> <span class='ocrx_word' id='word_1_111' title='bbox 582 1352 685 1384; x_wconf 87' lang='lat' dir='ltr'><strong>fnisse</strong></span> <span class='ocrx_word' id='word_1_112' title='bbox 708 1354 880 1392; x_wconf 86' lang='lat' dir='ltr'>volebant,</span> <span class='ocrx_word' id='word_1_113' title='bbox 900 1353 934 1384; x_wconf 92' lang='lat' dir='ltr'>id</span> 
     </span>
     <span class='ocr_line' id='line_1_21' title="bbox 239 1402 935 1444; baseline -0.001 -9"><span class='ocrx_word' id='word_1_114' title='bbox 239 1414 302 1444; x_wconf 80' lang='lat' dir='ltr'>ego</span> <span class='ocrx_word' id='word_1_115' title='bbox 318 1413 384 1434; x_wconf 91' lang='lat' dir='ltr'>non</span> <span class='ocrx_word' id='word_1_116' title='bbox 407 1402 450 1433; x_wconf 84' lang='lat' dir='ltr'>de</span> <span class='ocrx_word' id='word_1_117' title='bbox 471 1413 564 1443; x_wconf 85' lang='lat' dir='ltr'>rege,</span> <span class='ocrx_word' id='word_1_118' title='bbox 584 1402 642 1434; x_wconf 82' lang='lat' dir='ltr'>sed</span> <span class='ocrx_word' id='word_1_119' title='bbox 667 1403 710 1433; x_wconf 91' lang='lat' dir='ltr'>de</span> <span class='ocrx_word' id='word_1_120' title='bbox 733 1413 850 1443; x_wconf 87' lang='lat' dir='ltr'>regno,</span> <span class='ocrx_word' id='word_1_121' title='bbox 866 1404 935 1434; x_wconf 87' lang='lat' dir='ltr'>dic·</span> 
     </span>
     <span class='ocr_line' id='line_1_22' title="bbox 241 1453 936 1494; baseline -0.003 -8"><span class='ocrx_word' id='word_1_122' title='bbox 241 1460 312 1486; x_wconf 90' lang='lat' dir='ltr'>tum</span> <span class='ocrx_word' id='word_1_123' title='bbox 328 1453 429 1485; x_wconf 86' lang='lat' dir='ltr'>fuisse</span> <span class='ocrx_word' id='word_1_124' title='bbox 445 1453 603 1484; x_wconf 83' lang='lat' dir='ltr'>arbitror.</span> <span class='ocrx_word' id='word_1_125' title='bbox 621 1453 733 1485; x_wconf 84' lang='lat' dir='ltr'><strong><em>Faber.</em></strong></span> <span class='ocrx_word' id='word_1_126' title='bbox 763 1455 847 1484; x_wconf 83' lang='lat' dir='ltr'>Mss.</span> <span class='ocrx_word' id='word_1_127' title='bbox 865 1454 936 1494; x_wconf 89' lang='lat' dir='ltr'>ple-</span> 
     </span>
     <span class='ocr_line' id='line_1_23' title="bbox 240 1503 936 1545; baseline 0 -11"><span class='ocrx_word' id='word_1_128' title='bbox 240 1505 337 1545; x_wconf 83' lang='lat' dir='ltr'>rique</span> <span class='ocrx_word' id='word_1_129' title='bbox 364 1503 489 1534; x_wconf 90' lang='lat' dir='ltr'>habent</span> <span class='ocrx_word' id='word_1_130' title='bbox 513 1514 580 1534; x_wconf 83' lang='lat' dir='ltr'>cum</span> <span class='ocrx_word' id='word_1_131' title='bbox 607 1513 701 1542; x_wconf 78' lang='lat' dir='ltr'>rege.-</span> <span class='ocrx_word' id='word_1_132' title='bbox 734 1513 775 1534; x_wconf 85' lang='lat' dir='ltr'>an</span> <span class='ocrx_word' id='word_1_133' title='bbox 800 1504 936 1544; x_wconf 84' lang='lat' dir='ltr'>scripsit</span> 
     </span>
     <span class='ocr_line' id='line_1_24' title="bbox 239 1553 937 1594; baseline -0.003 -7"><span class='ocrx_word' id='word_1_134' title='bbox 239 1556 331 1588; x_wconf 84' lang='lat' dir='ltr'><strong>Just.</strong></span> <span class='ocrx_word' id='word_1_135' title='bbox 350 1565 418 1586; x_wconf 81' lang='lat' dir='ltr'>cum</span> <span class='ocrx_word' id='word_1_136' title='bbox 439 1555 472 1586; x_wconf 84' lang='lat' dir='ltr'>in</span> <span class='ocrx_word' id='word_1_137' title='bbox 493 1553 590 1594; x_wconf 82' lang='lat' dir='ltr'>rege?</span> <span class='ocrx_word' id='word_1_138' title='bbox 613 1555 681 1585; x_wconf 88' lang='lat' dir='ltr'>Sed</span> <span class='ocrx_word' id='word_1_139' title='bbox 706 1554 728 1586; x_wconf 86' lang='lat' dir='ltr'>f.</span> <span class='ocrx_word' id='word_1_140' title='bbox 757 1555 840 1585; x_wconf 90' lang='lat' dir='ltr'>nihil</span> <span class='ocrx_word' id='word_1_141' title='bbox 865 1565 937 1586; x_wconf 88' lang='lat' dir='ltr'>mu-</span> 
     </span>
     <span class='ocr_line' id='line_1_25' title="bbox 240 1606 935 1647; baseline -0.003 -10"><span class='ocrx_word' id='word_1_142' title='bbox 240 1606 333 1638; x_wconf 88' lang='lat' dir='ltr'>tand.</span> <span class='ocrx_word' id='word_1_143' title='bbox 364 1606 443 1647; x_wconf 87' lang='lat' dir='ltr'>quia</span> <span class='ocrx_word' id='word_1_144' title='bbox 471 1615 548 1636; x_wconf 87' lang='lat' dir='ltr'>mox</span> <span class='ocrx_word' id='word_1_145' title='bbox 576 1610 748 1645; x_wconf 88' lang='lat' dir='ltr'>ponuntur</span> <span class='ocrx_word' id='word_1_146' title='bbox 777 1610 935 1646; x_wconf 87' lang='lat' dir='ltr'>tanquam</span> 
     </span>
     <span class='ocr_line' id='line_1_26' title="bbox 241 1655 936 1696; baseline -0.001 -9"><span class='ocrx_word' id='word_1_147' title='bbox 241 1656 375 1688; x_wconf 83' lang='lat' dir='ltr'>diversa</span> <span class='ocrx_word' id='word_1_148' title='bbox 390 1660 425 1687; x_wconf 89' lang='lat' dir='ltr'>et</span> <span class='ocrx_word' id='word_1_149' title='bbox 441 1656 612 1687; x_wconf 88' lang='lat' dir='ltr'>contraria</span> <span class='ocrx_word' id='word_1_150' title='bbox 628 1655 830 1686; x_wconf 81' lang='lat' dir='ltr'>claudicatio</span> <span class='ocrx_word' id='word_1_151' title='bbox 846 1656 936 1696; x_wconf 84' lang='lat' dir='ltr'>regis</span> 
     </span>
     <span class='ocr_line' id='line_1_27' title="bbox 240 1705 938 1746; baseline -0.003 -9"><span class='ocrx_word' id='word_1_152' title='bbox 240 1710 276 1737; x_wconf 85' lang='lat' dir='ltr'>ct</span> <span class='ocrx_word' id='word_1_153' title='bbox 301 1706 505 1737; x_wconf 89' lang='lat' dir='ltr'>claudicatio</span> <span class='ocrx_word' id='word_1_154' title='bbox 527 1706 668 1746; x_wconf 88' lang='lat' dir='ltr'>imperii.</span> <span class='ocrx_word' id='word_1_155' title='bbox 692 1705 798 1743; x_wconf 78' lang='lat' dir='ltr'>Schef.</span> <span class='ocrx_word' id='word_1_156' title='bbox 835 1705 938 1745; x_wconf 84' lang='lat' dir='ltr'>Angl.</span> 
     </span>
     <span class='ocr_line' id='line_1_28' title="bbox 241 1756 938 1797; baseline -0.001 -10"><span class='ocrx_word' id='word_1_157' title='bbox 241 1766 332 1797; x_wconf 81' lang='lat' dir='ltr'>quam</span> <span class='ocrx_word' id='word_1_158' title='bbox 358 1756 542 1796; x_wconf 83' lang='lat' dir='ltr'>imperatore</span> <span class='ocrx_word' id='word_1_159' title='bbox 568 1765 707 1795; x_wconf 81' lang='lat' dir='ltr'>regnum.</span> <span class='ocrx_word' id='word_1_160' title='bbox 752 1756 938 1796; x_wconf 89' lang='lat' dir='ltr'>Oppositio</span> 
     </span>
     <span class='ocr_line' id='line_1_29' title="bbox 239 1805 936 1845; baseline 0.001 -10"><span class='ocrx_word' id='word_1_161' title='bbox 239 1806 323 1836; x_wconf 87' lang='lat' dir='ltr'>haut</span> <span class='ocrx_word' id='word_1_162' title='bbox 353 1810 445 1845; x_wconf 82' lang='lat' dir='ltr'>apta,</span> <span class='ocrx_word' id='word_1_163' title='bbox 476 1815 539 1835; x_wconf 90' lang='lat' dir='ltr'>nec</span> <span class='ocrx_word' id='word_1_164' title='bbox 569 1805 672 1836; x_wconf 89' lang='lat' dir='ltr'>habet</span> <span class='ocrx_word' id='word_1_165' title='bbox 703 1815 837 1836; x_wconf 89' lang='lat' dir='ltr'>sensum</span> <span class='ocrx_word' id='word_1_166' title='bbox 865 1806 936 1836; x_wconf 90' lang='lat' dir='ltr'>ido-</span> 
     </span>
     <span class='ocr_line' id='line_1_30' title="bbox 241 1855 935 1895; baseline 0.003 -10"><span class='ocrx_word' id='word_1_167' title='bbox 241 1864 352 1886; x_wconf 83' lang='lat' dir='ltr'>neum.</span> <span class='ocrx_word' id='word_1_168' title='bbox 372 1855 421 1886; x_wconf 88' lang='lat' dir='ltr'>Id.</span> <span class='ocrx_word' id='word_1_169' title='bbox 443 1855 532 1885; x_wconf 85' lang='lat' dir='ltr'>Saxo</span> <span class='ocrx_word' id='word_1_170' title='bbox 545 1864 596 1886; x_wconf 80' lang='lat' dir='ltr'>xr.</span> <span class='ocrx_word' id='word_1_171' title='bbox 614 1865 646 1895; x_wconf 92' lang='lat' dir='ltr'>p.</span> <span class='ocrx_word' id='word_1_172' title='bbox 662 1858 736 1887; x_wconf 88' lang='grc'><strong>207.</strong></span> <span class='ocrx_word' id='word_1_173' title='bbox 751 1858 805 1886; x_wconf 85' lang='grc'>47.</span> <span class='ocrx_word' id='word_1_174' title='bbox 827 1857 835 1873; x_wconf 90' lang='lat'>‘</span> <span class='ocrx_word' id='word_1_175' title='bbox 853 1856 935 1887; x_wconf 89' lang='lat' dir='ltr'>Sue-</span> 
     </span>
     <span class='ocr_line' id='line_1_31' title="bbox 240 1905 935 1945; baseline 0.001 -10"><span class='ocrx_word' id='word_1_176' title='bbox 240 1905 335 1936; x_wconf 92' lang='lat' dir='ltr'>nonis</span> <span class='ocrx_word' id='word_1_177' title='bbox 351 1915 492 1945; x_wconf 87' lang='lat' dir='ltr'>regnum</span> <span class='ocrx_word' id='word_1_178' title='bbox 515 1910 594 1936; x_wconf 89' lang='lat' dir='ltr'>ante</span> <span class='ocrx_word' id='word_1_179' title='bbox 616 1905 795 1937; x_wconf 86' lang='lat' dir='ltr'>admodum</span> <span class='ocrx_word' id='word_1_180' title='bbox 810 1905 935 1937; x_wconf 88' lang='lat' dir='ltr'>claudi·</span> 
     </span>
     <span class='ocr_line' id='line_1_32' title="bbox 240 1954 405 1987; baseline -0.012 0"><span class='ocrx_word' id='word_1_181' title='bbox 240 1954 405 1987; x_wconf 85' lang='lat' dir='ltr'>c&#39;averat.’</span> 
     </span>
    </p>

    <p class='ocr_par' dir='ltr' id='par_1_4' title="bbox 239 2004 935 2187">
     <span class='ocr_line' id='line_1_33' title="bbox 282 2004 934 2046; baseline 0 -10"><span class='ocrx_word' id='word_1_182' title='bbox 282 2007 299 2046; x_wconf 77' lang='lat'>§</span> <span class='ocrx_word' id='word_1_183' title='bbox 323 2009 342 2036; x_wconf 83' lang='lat'>7</span> <span class='ocrx_word' id='word_1_184' title='bbox 366 2004 637 2045; x_wconf 64' lang='lat' dir='ltr'>Nonfacile,&amp;c.]</span> <span class='ocrx_word' id='word_1_185' title='bbox 661 2005 857 2037; x_wconf 81' lang='lat' dir='ltr'>Saresb.V1.</span> <span class='ocrx_word' id='word_1_186' title='bbox 883 2008 934 2037; x_wconf 87' lang='lat'>1-1.</span> 
     </span>
     <span class='ocr_line' id='line_1_34' title="bbox 240 2055 935 2096; baseline 0 -10"><span class='ocrx_word' id='word_1_187' title='bbox 240 2055 315 2086; x_wconf 86' lang='lat' dir='ltr'>init.</span> <span class='ocrx_word' id='word_1_188' title='bbox 361 2056 371 2072; x_wconf 92' lang='lat'>‘</span> <span class='ocrx_word' id='word_1_189' title='bbox 395 2055 498 2096; x_wconf 88' lang='lat' dir='ltr'>Cujus</span> <span class='ocrx_word' id='word_1_190' title='bbox 534 2055 701 2096; x_wconf 84' lang='lat' dir='ltr'>[militaris</span> <span class='ocrx_word' id='word_1_191' title='bbox 734 2055 935 2096; x_wconf 65' lang='lat' dir='ltr'>disciplinae]</span> 
     </span>
     <span class='ocr_line' id='line_1_35' title="bbox 240 2105 934 2147; baseline 0.003 -11"><span class='ocrx_word' id='word_1_192' title='bbox 240 2112 367 2147; x_wconf 84' lang='lat' dir='ltr'>quanta</span> <span class='ocrx_word' id='word_1_193' title='bbox 389 2106 434 2137; x_wconf 90' lang='lat' dir='ltr'>sit</span> <span class='ocrx_word' id='word_1_194' title='bbox 457 2106 596 2147; x_wconf 82' lang='lat' dir='ltr'>utilitas,</span> <span class='ocrx_word' id='word_1_195' title='bbox 622 2116 688 2138; x_wconf 91' lang='lat' dir='ltr'>non</span> <span class='ocrx_word' id='word_1_196' title='bbox 713 2105 815 2139; x_wconf 87' lang='lat' dir='ltr'>facile</span> <span class='ocrx_word' id='word_1_197' title='bbox 840 2107 934 2138; x_wconf 83' lang='lat' dir='ltr'>dixe-</span> 
     </span>
     <span class='ocr_line' id='line_1_36' title="bbox 239 2155 327 2187; baseline 0.011 -1"><span class='ocrx_word' id='word_1_198' title='bbox 239 2155 327 2187; x_wconf 86' lang='lat' dir='ltr'>rim.’</span> 
     </span>
    </p>

    <p class='ocr_par' dir='ltr' id='par_1_5' title="bbox 239 2206 935 2388">
     <span class='ocr_line' id='line_1_37' title="bbox 283 2206 935 2247; baseline 0.003 -11"><span class='ocrx_word' id='word_1_199' title='bbox 283 2207 301 2246; x_wconf 59' lang='grc' dir='ltr'><strong><em>ξ</em></strong></span> <span class='ocrx_word' id='word_1_200' title='bbox 326 2209 365 2237; x_wconf 87' lang='grc'>11</span> <span class='ocrx_word' id='word_1_201' title='bbox 389 2206 532 2237; x_wconf 75' lang='lat' dir='ltr'>Militum</span> <span class='ocrx_word' id='word_1_202' title='bbox 548 2229 556 2238; x_wconf 89' lang='lat'><strong>.</strong></span> <span class='ocrx_word' id='word_1_203' title='bbox 571 2229 578 2237; x_wconf 91' lang='lat'><strong>.</strong></span> <span class='ocrx_word' id='word_1_204' title='bbox 592 2228 601 2237; x_wconf 87' lang='lat'><strong>.</strong></span> <span class='ocrx_word' id='word_1_205' title='bbox 616 2230 624 2238; x_wconf 88' lang='lat'><strong>.</strong></span> <span class='ocrx_word' id='word_1_206' title='bbox 636 2206 843 2247; x_wconf 74' lang='lat' dir='ltr'>poscentibus]</span> <span class='ocrx_word' id='word_1_207' title='bbox 876 2207 935 2238; x_wconf 92' lang='lat' dir='ltr'>Vi-</span> 
     </span>
     <span class='ocr_line' id='line_1_38' title="bbox 240 2256 935 2297; baseline 0.001 -10"><span class='ocrx_word' id='word_1_208' title='bbox 240 2256 315 2287; x_wconf 90' lang='lat' dir='ltr'>deri</span> <span class='ocrx_word' id='word_1_209' title='bbox 338 2257 447 2296; x_wconf 88' lang='lat' dir='ltr'>possit</span> <span class='ocrx_word' id='word_1_210' title='bbox 470 2257 605 2297; x_wconf 83' lang='lat' dir='ltr'>legend.</span> <span class='ocrx_word' id='word_1_211' title='bbox 626 2257 824 2297; x_wconf 78' lang='lat' dir='ltr'>poscentium.</span> <span class='ocrx_word' id='word_1_212' title='bbox 868 2258 935 2288; x_wconf 87' lang='lat' dir='ltr'>Sed</span> 
     </span>
     <span class='ocr_line' id='line_1_39' title="bbox 239 2305 935 2339; baseline 0.003 -2"><span class='ocrx_word' id='word_1_213' title='bbox 239 2305 282 2337; x_wconf 90' lang='lat' dir='ltr'>de</span> <span class='ocrx_word' id='word_1_214' title='bbox 298 2307 331 2337; x_wconf 85' lang='lat' dir='ltr'>h.</span> <span class='ocrx_word' id='word_1_215' title='bbox 348 2307 369 2338; x_wconf 95' lang='grc'><strong>1.</strong></span> <span class='ocrx_word' id='word_1_216' title='bbox 395 2311 430 2337; x_wconf 89' lang='lat' dir='ltr'>et</span> <span class='ocrx_word' id='word_1_217' title='bbox 456 2307 529 2338; x_wconf 88' lang='lat' dir='ltr'>aliis</span> <span class='ocrx_word' id='word_1_218' title='bbox 553 2307 714 2339; x_wconf 86' lang='lat' dir='ltr'>similibus</span> <span class='ocrx_word' id='word_1_219' title='bbox 738 2308 866 2339; x_wconf 88' lang='lat' dir='ltr'>dictum</span> <span class='ocrx_word' id='word_1_220' title='bbox 882 2312 935 2339; x_wconf 88' lang='lat' dir='ltr'>est</span> 
     </span>
     <span class='ocr_line' id='line_1_40' title="bbox 242 2355 491 2388; baseline 0.008 -2"><span class='ocrx_word' id='word_1_221' title='bbox 242 2355 284 2387; x_wconf 77' lang='lat' dir='ltr'>ad</span> <span class='ocrx_word' id='word_1_222' title='bbox 298 2366 338 2387; x_wconf 92' lang='lat'>11.</span> <span class='ocrx_word' id='word_1_223' title='bbox 356 2359 387 2387; x_wconf 82' lang='lat'>3.</span> <span class='ocrx_word' id='word_1_224' title='bbox 412 2356 491 2388; x_wconf 83' lang='lat' dir='ltr'>Fab.</span> 
     </span>
    </p>

    <p class='ocr_par' dir='ltr' id='par_1_6' title="bbox 241 2406 936 2689">
     <span class='ocr_line' id='line_1_41' title="bbox 283 2406 936 2447; baseline 0 -10"><span class='ocrx_word' id='word_1_225' title='bbox 283 2407 301 2447; x_wconf 57' lang='grc' dir='ltr'><strong>ξ</strong></span> <span class='ocrx_word' id='word_1_226' title='bbox 324 2409 363 2438; x_wconf 77' lang='lat'>13</span> <span class='ocrx_word' id='word_1_227' title='bbox 387 2406 541 2447; x_wconf 79' lang='lat' dir='ltr'>Adorare]</span> <span class='ocrx_word' id='word_1_228' title='bbox 566 2406 721 2438; x_wconf 85' lang='lat' dir='ltr'>Probus:</span> <span class='ocrx_word' id='word_1_229' title='bbox 739 2407 936 2447; x_wconf 84' lang='lat' dir='ltr'>‘Venerari,</span> 
     </span>
     <span class='ocr_line' id='line_1_42' title="bbox 242 2456 935 2498; baseline 0.003 -11"><span class='ocrx_word' id='word_1_230' title='bbox 242 2456 329 2498; x_wconf 88' lang='lat' dir='ltr'>quod</span> <span class='ocrx_word' id='word_1_231' title='bbox 353 2458 531 2497; x_wconf 82' lang='grc' dir='ltr'>προσκυνεῖν</span> <span class='ocrx_word' id='word_1_232' title='bbox 545 2457 592 2487; x_wconf 87' lang='lat' dir='ltr'>illi</span> <span class='ocrx_word' id='word_1_233' title='bbox 613 2457 757 2489; x_wconf 69' lang='lat' dir='ltr'>vocant!</span> <span class='ocrx_word' id='word_1_234' title='bbox 779 2459 935 2496; x_wconf 79' lang='lat' dir='ltr'>Bongars.</span> 
     </span>
     <span class='ocr_line' id='line_1_43' title="bbox 241 2507 936 2539; baseline 0.003 -2"><span class='ocrx_word' id='word_1_235' title='bbox 241 2507 332 2538; x_wconf 92' lang='lat' dir='ltr'>Add.</span> <span class='ocrx_word' id='word_1_236' title='bbox 349 2508 445 2538; x_wconf 88' lang='lat' dir='ltr'>Curt.</span> <span class='ocrx_word' id='word_1_237' title='bbox 462 2517 510 2538; x_wconf 80' lang='lat' dir='ltr'>vr.</span> <span class='ocrx_word' id='word_1_238' title='bbox 527 2511 557 2538; x_wconf 86' lang='lat'>6.</span> <span class='ocrx_word' id='word_1_239' title='bbox 575 2511 605 2539; x_wconf 85' lang='lat'>3.</span> <span class='ocrx_word' id='word_1_240' title='bbox 622 2513 658 2538; x_wconf 89' lang='lat' dir='ltr'>et</span> <span class='ocrx_word' id='word_1_241' title='bbox 675 2517 752 2538; x_wconf 85' lang='lat' dir='ltr'>vm.</span> <span class='ocrx_word' id='word_1_242' title='bbox 770 2512 801 2539; x_wconf 88' lang='lat'>5.</span> <span class='ocrx_word' id='word_1_243' title='bbox 823 2511 875 2538; x_wconf 88' lang='grc'>11.</span> <span class='ocrx_word' id='word_1_244' title='bbox 899 2512 936 2539; x_wconf 90' lang='lat' dir='ltr'>et</span> 
     </span>
     <span class='ocr_line' id='line_1_44' title="bbox 241 2558 935 2589; baseline 0 -1"><span class='ocrx_word' id='word_1_245' title='bbox 241 2566 322 2589; x_wconf 84' lang='lat' dir='ltr'>vm.</span> <span class='ocrx_word' id='word_1_246' title='bbox 346 2562 378 2589; x_wconf 90' lang='lat'>5.</span> <span class='ocrx_word' id='word_1_247' title='bbox 401 2560 455 2589; x_wconf 81' lang='lat'>42.</span> <span class='ocrx_word' id='word_1_248' title='bbox 491 2558 543 2588; x_wconf 92' lang='lat' dir='ltr'>De</span> <span class='ocrx_word' id='word_1_249' title='bbox 569 2558 710 2589; x_wconf 88' lang='lat' dir='ltr'>Persico</span> <span class='ocrx_word' id='word_1_250' title='bbox 733 2559 796 2589; x_wconf 87' lang='lat' dir='ltr'>hoc</span> <span class='ocrx_word' id='word_1_251' title='bbox 819 2558 935 2588; x_wconf 88' lang='lat' dir='ltr'>adora-</span> 
     </span>
     <span class='ocr_line' id='line_1_45' title="bbox 241 2609 935 2650; baseline 0.001 -11"><span class='ocrx_word' id='word_1_252' title='bbox 241 2609 340 2640; x_wconf 84' lang='lat' dir='ltr'>tionis</span> <span class='ocrx_word' id='word_1_253' title='bbox 357 2609 424 2640; x_wconf 89' lang='lat' dir='ltr'>ritu</span> <span class='ocrx_word' id='word_1_254' title='bbox 440 2609 538 2650; x_wconf 85' lang='lat' dir='ltr'>plura</span> <span class='ocrx_word' id='word_1_255' title='bbox 553 2609 705 2641; x_wconf 89' lang='lat' dir='ltr'>Brisson.</span> <span class='ocrx_word' id='word_1_256' title='bbox 721 2619 744 2641; x_wconf 94' lang='lat'>1.</span> <span class='ocrx_word' id='word_1_257' title='bbox 759 2609 800 2641; x_wconf 89' lang='lat' dir='ltr'>de</span> <span class='ocrx_word' id='word_1_258' title='bbox 817 2610 935 2648; x_wconf 76' lang='lat' dir='ltr'>Regno</span> 
     </span>
     <span class='ocr_line' id='line_1_46' title="bbox 241 2658 461 2689; baseline 0 0"><span class='ocrx_word' id='word_1_259' title='bbox 241 2658 337 2689; x_wconf 91' lang='lat' dir='ltr'>Pers.</span> <span class='ocrx_word' id='word_1_260' title='bbox 361 2659 461 2689; x_wconf 84' lang='lat' dir='ltr'>Bern.</span> 
     </span>
    </p>

    <p class='ocr_par' dir='ltr' id='par_1_7' title="bbox 244 2707 936 2952">
     <span class='ocr_line' id='line_1_47' title="bbox 283 2707 936 2749; baseline 0 -10"><span class='ocrx_word' id='word_1_261' title='bbox 283 2709 365 2749; x_wconf 69' lang='lat'>§14</span> <span class='ocrx_word' id='word_1_262' title='bbox 387 2707 511 2748; x_wconf 79' lang='lat' dir='ltr'>Dilabi]</span> <span class='ocrx_word' id='word_1_263' title='bbox 550 2708 658 2749; x_wconf 84' lang='lat' dir='ltr'>Bong.</span> <span class='ocrx_word' id='word_1_264' title='bbox 698 2709 757 2740; x_wconf 86' lang='lat' dir='ltr'>del.</span> <span class='ocrx_word' id='word_1_265' title='bbox 791 2708 936 2739; x_wconf 82' lang='lat' dir='ltr'>Praetuli</span> 
     </span>
     <span class='ocr_line' id='line_1_48' title="bbox 244 2758 934 2800; baseline 0 -10"><span class='ocrx_word' id='word_1_266' title='bbox 244 2758 332 2800; x_wconf 92' lang='lat' dir='ltr'>quod</span> <span class='ocrx_word' id='word_1_267' title='bbox 347 2759 448 2790; x_wconf 88' lang='lat' dir='ltr'>etiam</span> <span class='ocrx_word' id='word_1_268' title='bbox 471 2759 504 2789; x_wconf 89' lang='lat' dir='ltr'>in</span> <span class='ocrx_word' id='word_1_269' title='bbox 530 2759 597 2790; x_wconf 88' lang='lat' dir='ltr'>Ms.</span> <span class='ocrx_word' id='word_1_270' title='bbox 614 2763 739 2790; x_wconf 82' lang='lat' dir='ltr'>exstat.</span> <span class='ocrx_word' id='word_1_271' title='bbox 783 2760 839 2790; x_wconf 89' lang='lat' dir='ltr'>Ita</span> <span class='ocrx_word' id='word_1_272' title='bbox 855 2760 934 2791; x_wconf 89' lang='lat' dir='ltr'>Sall.</span> 
     </span>
     <span class='ocr_line' id='line_1_49' title="bbox 244 2809 934 2841; baseline 0 0"><span class='ocrx_word' id='word_1_273' title='bbox 244 2810 302 2841; x_wconf 88' lang='lat' dir='ltr'>Ju.</span> <span class='ocrx_word' id='word_1_274' title='bbox 329 2812 379 2840; x_wconf 90' lang='grc'>10.</span> <span class='ocrx_word' id='word_1_275' title='bbox 401 2813 431 2841; x_wconf 85' lang='grc'>8.</span> <span class='ocrx_word' id='word_1_276' title='bbox 468 2810 477 2827; x_wconf 91' lang='lat'>‘</span> <span class='ocrx_word' id='word_1_277' title='bbox 497 2809 677 2841; x_wconf 82' lang='lat' dir='ltr'>Discordia</span> <span class='ocrx_word' id='word_1_278' title='bbox 702 2820 753 2841; x_wconf 87' lang='lat' dir='ltr'>res</span> <span class='ocrx_word' id='word_1_279' title='bbox 780 2810 934 2841; x_wconf 82' lang='lat' dir='ltr'>maximae</span> 
     </span>
     <span class='ocr_line' id='line_1_50' title="bbox 244 2859 934 2900; baseline 0.003 -10"><span class='ocrx_word' id='word_1_280' title='bbox 244 2859 459 2898; x_wconf 88' lang='lat' dir='ltr'>dilabuntur,&#39;</span> <span class='ocrx_word' id='word_1_281' title='bbox 472 2859 502 2890; x_wconf 83' lang='lat' dir='ltr'>h.</span> <span class='ocrx_word' id='word_1_282' title='bbox 516 2869 544 2891; x_wconf 89' lang='lat' dir='ltr'>e.</span> <span class='ocrx_word' id='word_1_283' title='bbox 559 2860 682 2892; x_wconf 86' lang='lat' dir='ltr'>sensim</span> <span class='ocrx_word' id='word_1_284' title='bbox 694 2860 934 2900; x_wconf 79' lang='lat' dir='ltr'>dissolvuntur,</span> 
     </span>
     <span class='ocr_line' id='line_1_51' title="bbox 245 2913 558 2952; baseline 0.003 -9"><span class='ocrx_word' id='word_1_285' title='bbox 245 2921 378 2952; x_wconf 86' lang='lat' dir='ltr'>pessum</span> <span class='ocrx_word' id='word_1_286' title='bbox 395 2915 485 2944; x_wconf 84' lang='lat' dir='ltr'>eunt.</span> <span class='ocrx_word' id='word_1_287' title='bbox 510 2913 558 2944; x_wconf 84' lang='lat' dir='ltr'>Id.</span> 
     </span>
    </p>
   </div>
   <div class='ocr_carea' id='block_1_4' title="bbox 1596 350 1679 391">
    <p class='ocr_par' dir='ltr' id='par_1_8' title="bbox 1596 350 1679 391">
     <span class='ocr_line' id='line_1_52' title="bbox 1596 350 1679 391; baseline -0.036 0"><span class='ocrx_word' id='word_1_288' title='bbox 1596 350 1679 391; x_wconf 81' lang='lat'>731.</span> 
     </span>
    </p>
   </div>
   <div class='ocr_carea' id='block_1_5' title="bbox 983 452 1684 2958">
    <p class='ocr_par' dir='ltr' id='par_1_9' title="bbox 983 452 1681 643">
     <span class='ocr_line' id='line_1_53' title="bbox 1027 452 1681 493; baseline 0 -10"><span class='ocrx_word' id='word_1_289' title='bbox 1027 454 1043 493; x_wconf 61' lang='grc' dir='ltr'><strong>ξ</strong></span> <span class='ocrx_word' id='word_1_290' title='bbox 1079 456 1116 483; x_wconf 89' lang='grc'>15</span> <span class='ocrx_word' id='word_1_291' title='bbox 1151 453 1334 484; x_wconf 76' lang='lat' dir='ltr'>Miniscrum</span> <span class='ocrx_word' id='word_1_292' title='bbox 1362 454 1521 493; x_wconf 81' lang='lat' dir='ltr'>impensoe]</span> <span class='ocrx_word' id='word_1_293' title='bbox 1566 452 1681 492; x_wconf 85' lang='grc' dir='ltr'>Ταμίαν</span> 
     </span>
     <span class='ocr_line' id='line_1_54' title="bbox 983 503 1679 543; baseline -0.001 -8"><span class='ocrx_word' id='word_1_294' title='bbox 983 503 1090 535; x_wconf 89' lang='lat' dir='ltr'>Diod.</span> <span class='ocrx_word' id='word_1_295' title='bbox 1118 512 1184 535; x_wconf 77' lang='grc' dir='ltr'>ΧΗ.</span> <span class='ocrx_word' id='word_1_296' title='bbox 1210 507 1262 534; x_wconf 87' lang='grc'>12.</span> <span class='ocrx_word' id='word_1_297' title='bbox 1298 505 1454 543; x_wconf 83' lang='lat' dir='ltr'>Bongars.</span> <span class='ocrx_word' id='word_1_298' title='bbox 1500 505 1592 534; x_wconf 84' lang='lat' dir='ltr'>Male</span> <span class='ocrx_word' id='word_1_299' title='bbox 1622 504 1679 534; x_wconf 89' lang='lat' dir='ltr'>alii</span> 
     </span>
     <span class='ocr_line' id='line_1_55' title="bbox 983 553 1677 593; baseline 0.001 -10"><span class='ocrx_word' id='word_1_300' title='bbox 983 553 1197 593; x_wconf 81' lang='lat' dir='ltr'>ministerium,</span> <span class='ocrx_word' id='word_1_301' title='bbox 1224 558 1259 584; x_wconf 87' lang='lat' dir='ltr'>et</span> <span class='ocrx_word' id='word_1_302' title='bbox 1290 554 1330 584; x_wconf 88' lang='lat' dir='ltr'>ad</span> <span class='ocrx_word' id='word_1_303' title='bbox 1366 554 1474 593; x_wconf 91' lang='lat' dir='ltr'>ipsum</span> <span class='ocrx_word' id='word_1_304' title='bbox 1506 554 1677 584; x_wconf 84' lang='lat' dir='ltr'>Cononem</span> 
     </span>
     <span class='ocr_line' id='line_1_56' title="bbox 984 602 1593 643; baseline -0.002 -9"><span class='ocrx_word' id='word_1_305' title='bbox 984 602 1149 634; x_wconf 72' lang='lat' dir='ltr'>referunt.</span> <span class='ocrx_word' id='word_1_306' title='bbox 1186 603 1274 643; x_wconf 87' lang='lat' dir='ltr'><strong>Nep.</strong></span> <span class='ocrx_word' id='word_1_307' title='bbox 1296 604 1380 634; x_wconf 91' lang='lat' dir='ltr'>Con.</span> <span class='ocrx_word' id='word_1_308' title='bbox 1397 613 1425 634; x_wconf 87' lang='lat' dir='ltr'>c.</span> <span class='ocrx_word' id='word_1_309' title='bbox 1441 606 1472 634; x_wconf 78' lang='lat'>4.</span> <span class='ocrx_word' id='word_1_310' title='bbox 1496 604 1593 634; x_wconf 79' lang='lat' dir='ltr'>Bern.</span> 
     </span>
    </p>

    <p class='ocr_par' dir='ltr' id='par_1_10' title="bbox 983 653 1683 1295">
     <span class='ocr_line' id='line_1_57' title="bbox 1026 653 1682 694; baseline 0 -10"><span class='ocrx_word' id='word_1_311' title='bbox 1026 655 1043 694; x_wconf 54' lang='grc' dir='ltr'><strong>ξ</strong></span> <span class='ocrx_word' id='word_1_312' title='bbox 1069 656 1108 684; x_wconf 90' lang='grc'>16</span> <span class='ocrx_word' id='word_1_313' title='bbox 1133 654 1237 683; x_wconf 82' lang='lat' dir='ltr'>Multa</span> <span class='ocrx_word' id='word_1_314' title='bbox 1253 653 1396 691; x_wconf 77' lang='lat' dir='ltr'>fortiter,</span> <span class='ocrx_word' id='word_1_315' title='bbox 1418 654 1515 683; x_wconf 78' lang='lat' dir='ltr'>multa</span> <span class='ocrx_word' id='word_1_316' title='bbox 1528 654 1682 693; x_wconf 78' lang='lat' dir='ltr'>feliciter,</span> 
     </span>
     <span class='ocr_line' id='line_1_58' title="bbox 983 702 1680 743; baseline 0 -9"><span class='ocrx_word' id='word_1_317' title='bbox 983 703 1067 743; x_wconf 80' lang='lat' dir='ltr'>agit]</span> <span class='ocrx_word' id='word_1_318' title='bbox 1104 703 1169 733; x_wconf 88' lang='lat' dir='ltr'>Ubi</span> <span class='ocrx_word' id='word_1_319' title='bbox 1195 703 1270 733; x_wconf 81' lang='lat' dir='ltr'>haec</span> <span class='ocrx_word' id='word_1_320' title='bbox 1295 702 1405 743; x_wconf 85' lang='lat' dir='ltr'>egerit</span> <span class='ocrx_word' id='word_1_321' title='bbox 1433 703 1561 741; x_wconf 88' lang='lat' dir='ltr'>Conon,</span> <span class='ocrx_word' id='word_1_322' title='bbox 1590 704 1680 735; x_wconf 86' lang='lat' dir='ltr'>Just.</span> 
     </span>
     <span class='ocr_line' id='line_1_59' title="bbox 983 753 1679 792; baseline 0 -9"><span class='ocrx_word' id='word_1_323' title='bbox 983 763 1050 784; x_wconf 91' lang='lat' dir='ltr'>non</span> <span class='ocrx_word' id='word_1_324' title='bbox 1065 753 1219 784; x_wconf 88' lang='lat' dir='ltr'>indicat:</span> <span class='ocrx_word' id='word_1_325' title='bbox 1245 757 1280 784; x_wconf 89' lang='lat' dir='ltr'>at</span> <span class='ocrx_word' id='word_1_326' title='bbox 1302 753 1421 791; x_wconf 84' lang='lat' dir='ltr'>verba,</span> <span class='ocrx_word' id='word_1_327' title='bbox 1438 762 1512 792; x_wconf 77' lang='lat' dir='ltr'>qu‘ae</span> <span class='ocrx_word' id='word_1_328' title='bbox 1531 754 1584 783; x_wconf 79' lang='lat' dir='ltr'>liic</span> <span class='ocrx_word' id='word_1_329' title='bbox 1602 763 1679 784; x_wconf 88' lang='lat' dir='ltr'>mox</span> 
     </span>
     <span class='ocr_line' id='line_1_60' title="bbox 985 801 1680 843; baseline 0.001 -11"><span class='ocrx_word' id='word_1_330' title='bbox 985 803 1246 843; x_wconf 86' lang='lat' dir='ltr'>subjunguntur,</span> <span class='ocrx_word' id='word_1_331' title='bbox 1262 801 1403 842; x_wconf 87' lang='lat' dir='ltr'>perinde</span> <span class='ocrx_word' id='word_1_332' title='bbox 1420 807 1541 833; x_wconf 80' lang='lat' dir='ltr'>sonant</span> <span class='ocrx_word' id='word_1_333' title='bbox 1558 807 1658 843; x_wconf 88' lang='lat' dir='ltr'>atque</span> <span class='ocrx_word' id='word_1_334' title='bbox 1673 814 1680 833; x_wconf 75' lang='grc' dir='ltr'>ε</span> 
     </span>
     <span class='ocr_line' id='line_1_61' title="bbox 985 852 1681 892; baseline 0.001 -9"><span class='ocrx_word' id='word_1_335' title='bbox 985 854 1102 884; x_wconf 91' lang='lat' dir='ltr'>Conon</span> <span class='ocrx_word' id='word_1_336' title='bbox 1118 853 1149 883; x_wconf 87' lang='lat' dir='ltr'>in</span> <span class='ocrx_word' id='word_1_337' title='bbox 1168 854 1339 892; x_wconf 84' lang='lat' dir='ltr'>Europam</span> <span class='ocrx_word' id='word_1_338' title='bbox 1363 852 1493 883; x_wconf 90' lang='lat' dir='ltr'>venerit</span> <span class='ocrx_word' id='word_1_339' title='bbox 1517 852 1550 882; x_wconf 90' lang='lat' dir='ltr'>in</span> <span class='ocrx_word' id='word_1_340' title='bbox 1574 853 1681 884; x_wconf 81' lang='lat' dir='ltr'>Laco-</span> 
     </span>
     <span class='ocr_line' id='line_1_62' title="bbox 984 903 1680 943; baseline 0.001 -10"><span class='ocrx_word' id='word_1_341' title='bbox 984 913 1063 934; x_wconf 92' lang='lat' dir='ltr'>num</span> <span class='ocrx_word' id='word_1_342' title='bbox 1080 903 1268 943; x_wconf 77' lang='lat' dir='ltr'>imperhun,</span> <span class='ocrx_word' id='word_1_343' title='bbox 1283 903 1331 934; x_wconf 92' lang='lat' dir='ltr'>ita</span> <span class='ocrx_word' id='word_1_344' title='bbox 1352 906 1390 933; x_wconf 88' lang='lat' dir='ltr'>ut</span> <span class='ocrx_word' id='word_1_345' title='bbox 1405 903 1555 933; x_wconf 86' lang='lat' dir='ltr'>Lacones</span> <span class='ocrx_word' id='word_1_346' title='bbox 1571 904 1680 934; x_wconf 86' lang='lat' dir='ltr'>coacti</span> 
     </span>
     <span class='ocr_line' id='line_1_63' title="bbox 984 952 1680 993; baseline 0.001 -10"><span class='ocrx_word' id='word_1_347' title='bbox 984 952 1113 984; x_wconf 88' lang='lat' dir='ltr'>fuerint</span> <span class='ocrx_word' id='word_1_348' title='bbox 1130 963 1288 984; x_wconf 87' lang='lat' dir='ltr'>revocare</span> <span class='ocrx_word' id='word_1_349' title='bbox 1312 963 1355 984; x_wconf 86' lang='lat' dir='ltr'>ex</span> <span class='ocrx_word' id='word_1_350' title='bbox 1379 952 1461 984; x_wconf 86' lang='lat' dir='ltr'>Asia</span> <span class='ocrx_word' id='word_1_351' title='bbox 1478 953 1680 993; x_wconf 84' lang='lat' dir='ltr'>Agesilaum.</span> 
     </span>
     <span class='ocr_line' id='line_1_64' title="bbox 983 1003 1680 1044; baseline 0.001 -10"><span class='ocrx_word' id='word_1_352' title='bbox 983 1004 1111 1034; x_wconf 84' lang='lat' dir='ltr'>Verum</span> <span class='ocrx_word' id='word_1_353' title='bbox 1128 1013 1195 1034; x_wconf 91' lang='lat' dir='ltr'>non</span> <span class='ocrx_word' id='word_1_354' title='bbox 1211 1003 1260 1034; x_wconf 91' lang='lat' dir='ltr'>ita</span> <span class='ocrx_word' id='word_1_355' title='bbox 1279 1004 1384 1034; x_wconf 88' lang='lat' dir='ltr'>multo</span> <span class='ocrx_word' id='word_1_356' title='bbox 1405 1009 1481 1044; x_wconf 87' lang='lat' dir='ltr'>post</span> <span class='ocrx_word' id='word_1_357' title='bbox 1503 1004 1621 1035; x_wconf 91' lang='lat' dir='ltr'>Conon</span> <span class='ocrx_word' id='word_1_358' title='bbox 1638 1015 1680 1035; x_wconf 91' lang='lat' dir='ltr'>ex</span> 
     </span>
     <span class='ocr_line' id='line_1_65' title="bbox 984 1053 1682 1095; baseline 0.003 -11"><span class='ocrx_word' id='word_1_359' title='bbox 984 1053 1065 1084; x_wconf 90' lang='lat' dir='ltr'>Asia</span> <span class='ocrx_word' id='word_1_360' title='bbox 1081 1055 1264 1085; x_wconf 85' lang='lat' dir='ltr'>revertitur</span> <span class='ocrx_word' id='word_1_361' title='bbox 1285 1054 1327 1085; x_wconf 91' lang='lat' dir='ltr'>ad</span> <span class='ocrx_word' id='word_1_362' title='bbox 1343 1054 1554 1095; x_wconf 85' lang='lat' dir='ltr'>populandos</span> <span class='ocrx_word' id='word_1_363' title='bbox 1577 1056 1682 1086; x_wconf 90' lang='lat' dir='ltr'>Lace-</span> 
     </span>
     <span class='ocr_line' id='line_1_66' title="bbox 984 1103 1683 1144; baseline 0.004 -10"><span class='ocrx_word' id='word_1_364' title='bbox 984 1103 1225 1134; x_wconf 88' lang='lat' dir='ltr'>daemoniorum</span> <span class='ocrx_word' id='word_1_365' title='bbox 1253 1113 1362 1144; x_wconf 84' lang='lat' dir='ltr'>agros,</span> <span class='ocrx_word' id='word_1_366' title='bbox 1394 1108 1432 1135; x_wconf 87' lang='lat' dir='ltr'>ut</span> <span class='ocrx_word' id='word_1_367' title='bbox 1460 1104 1513 1134; x_wconf 86' lang='lat' dir='ltr'>bic</span> <span class='ocrx_word' id='word_1_368' title='bbox 1550 1104 1683 1137; x_wconf 90' lang='lat' dir='ltr'>Auctor</span> 
     </span>
     <span class='ocr_line' id='line_1_67' title="bbox 983 1153 1680 1195; baseline 0.004 -11"><span class='ocrx_word' id='word_1_369' title='bbox 983 1153 1113 1185; x_wconf 85' lang='lat' dir='ltr'>scribit.</span> <span class='ocrx_word' id='word_1_370' title='bbox 1158 1154 1266 1184; x_wconf 91' lang='lat' dir='ltr'>Locus</span> <span class='ocrx_word' id='word_1_371' title='bbox 1287 1159 1338 1185; x_wconf 89' lang='lat' dir='ltr'>est</span> <span class='ocrx_word' id='word_1_372' title='bbox 1361 1154 1445 1185; x_wconf 92' lang='lat' dir='ltr'>bene</span> <span class='ocrx_word' id='word_1_373' title='bbox 1468 1156 1680 1195; x_wconf 88' lang='lat' dir='ltr'>perpenden-</span> 
     </span>
     <span class='ocr_line' id='line_1_68' title="bbox 985 1204 1681 1245; baseline 0.004 -11"><span class='ocrx_word' id='word_1_374' title='bbox 985 1204 1067 1235; x_wconf 84' lang='lat' dir='ltr'>dus:</span> <span class='ocrx_word' id='word_1_375' title='bbox 1091 1213 1156 1235; x_wconf 90' lang='lat' dir='ltr'>non</span> <span class='ocrx_word' id='word_1_376' title='bbox 1172 1204 1260 1234; x_wconf 88' lang='lat' dir='ltr'>enim</span> <span class='ocrx_word' id='word_1_377' title='bbox 1282 1204 1324 1235; x_wconf 87' lang='lat' dir='ltr'>ab</span> <span class='ocrx_word' id='word_1_378' title='bbox 1350 1204 1504 1236; x_wconf 87' lang='lat' dir='ltr'>omnibus</span> <span class='ocrx_word' id='word_1_379' title='bbox 1520 1206 1681 1245; x_wconf 76' lang='grc' dir='ltr'>ἀντιλογία</span> 
     </span>
     <span class='ocr_line' id='line_1_69' title="bbox 983 1254 1390 1295; baseline 0 -10"><span class='ocrx_word' id='word_1_380' title='bbox 983 1255 1055 1285; x_wconf 82' lang='lat' dir='ltr'>haec</span> <span class='ocrx_word' id='word_1_381' title='bbox 1073 1254 1271 1295; x_wconf 86' lang='lat' dir='ltr'>percipitur.</span> <span class='ocrx_word' id='word_1_382' title='bbox 1298 1255 1390 1286; x_wconf 89' lang='lat' dir='ltr'>Glar.</span> 
     </span>
    </p>

    <p class='ocr_par' dir='ltr' id='par_1_11' title="bbox 983 1305 1684 1788">
     <span class='ocr_line' id='line_1_70' title="bbox 1027 1305 1681 1346; baseline 0.005 -10"><span class='ocrx_word' id='word_1_383' title='bbox 1027 1305 1114 1336; x_wconf 72' lang='lat' dir='ltr'>CAP.</span> <span class='ocrx_word' id='word_1_384' title='bbox 1139 1314 1196 1336; x_wconf 87' lang='lat'>111.</span> <span class='ocrx_word' id='word_1_385' title='bbox 1233 1308 1248 1336; x_wconf 85' lang='lat'>1</span> <span class='ocrx_word' id='word_1_386' title='bbox 1281 1306 1471 1346; x_wconf 79' lang='lat' dir='ltr'>Pisandrus]</span> <span class='ocrx_word' id='word_1_387' title='bbox 1510 1306 1564 1338; x_wconf 85' lang='lat' dir='ltr'>Ita</span> <span class='ocrx_word' id='word_1_388' title='bbox 1596 1307 1681 1340; x_wconf 84' lang='lat' dir='ltr'>Mss.</span> 
     </span>
     <span class='ocr_line' id='line_1_71' title="bbox 985 1355 1684 1396; baseline 0.003 -10"><span class='ocrx_word' id='word_1_389' title='bbox 985 1364 1123 1386; x_wconf 86' lang='lat' dir='ltr'>omnes:</span> <span class='ocrx_word' id='word_1_390' title='bbox 1149 1355 1248 1395; x_wconf 84' lang='lat' dir='ltr'>vulgo</span> <span class='ocrx_word' id='word_1_391' title='bbox 1269 1355 1443 1396; x_wconf 82' lang='lat' dir='ltr'>Lysander,</span> <span class='ocrx_word' id='word_1_392' title='bbox 1467 1361 1558 1388; x_wconf 88' lang='lat' dir='ltr'>cont.</span> <span class='ocrx_word' id='word_1_393' title='bbox 1580 1357 1684 1388; x_wconf 84' lang='lat' dir='ltr'>histo-</span> 
     </span>
     <span class='ocr_line' id='line_1_72' title="bbox 985 1405 1680 1446; baseline 0.003 -10"><span class='ocrx_word' id='word_1_394' title='bbox 985 1405 1080 1436; x_wconf 80' lang='lat' dir='ltr'>riam.</span> <span class='ocrx_word' id='word_1_395' title='bbox 1105 1405 1238 1436; x_wconf 82' lang='lat' dir='ltr'>Graecis</span> <span class='ocrx_word' id='word_1_396' title='bbox 1251 1410 1299 1436; x_wconf 84' lang='lat' dir='ltr'>est</span> <span class='ocrx_word' id='word_1_397' title='bbox 1313 1405 1505 1446; x_wconf 80' lang='grc' dir='ltr'>Πείσανδρος.</span> <span class='ocrx_word' id='word_1_398' title='bbox 1522 1407 1611 1438; x_wconf 90' lang='lat' dir='ltr'>Xen.</span> <span class='ocrx_word' id='word_1_399' title='bbox 1627 1417 1680 1438; x_wconf 86' lang='lat' dir='ltr'>lv.</span> 
     </span>
     <span class='ocr_line' id='line_1_73' title="bbox 984 1456 1680 1496; baseline 0.003 -10"><span class='ocrx_word' id='word_1_400' title='bbox 984 1457 1078 1486; x_wconf 91' lang='lat' dir='ltr'>Plut.</span> <span class='ocrx_word' id='word_1_401' title='bbox 1091 1456 1264 1496; x_wconf 86' lang='lat' dir='ltr'>Agesilao,</span> <span class='ocrx_word' id='word_1_402' title='bbox 1276 1460 1312 1486; x_wconf 90' lang='lat' dir='ltr'>et</span> <span class='ocrx_word' id='word_1_403' title='bbox 1326 1456 1469 1487; x_wconf 82' lang='lat' dir='ltr'>Probus.</span> <span class='ocrx_word' id='word_1_404' title='bbox 1493 1457 1590 1488; x_wconf 90' lang='lat' dir='ltr'>Diod.</span> <span class='ocrx_word' id='word_1_405' title='bbox 1605 1466 1680 1488; x_wconf 80' lang='lat' dir='ltr'>xlv.</span> 
     </span>
     <span class='ocr_line' id='line_1_74' title="bbox 985 1505 1681 1546; baseline 0.006 -11"><span class='ocrx_word' id='word_1_406' title='bbox 985 1508 1038 1538; x_wconf 76' lang='grc'>84.</span> <span class='ocrx_word' id='word_1_407' title='bbox 1072 1510 1124 1536; x_wconf 88' lang='lat' dir='ltr'>est</span> <span class='ocrx_word' id='word_1_408' title='bbox 1151 1505 1330 1545; x_wconf 83' lang='grc' dir='ltr'>Περίαρχος,</span> <span class='ocrx_word' id='word_1_409' title='bbox 1357 1510 1394 1537; x_wconf 91' lang='lat' dir='ltr'>ut</span> <span class='ocrx_word' id='word_1_410' title='bbox 1421 1507 1477 1536; x_wconf 85' lang='lat' dir='ltr'>alii</span> <span class='ocrx_word' id='word_1_411' title='bbox 1506 1512 1681 1546; x_wconf 89' lang='lat' dir='ltr'>notarunt,</span> 
     </span>
     <span class='ocr_line' id='line_1_75' title="bbox 984 1555 1681 1595; baseline 0.004 -10"><span class='ocrx_word' id='word_1_412' title='bbox 984 1555 1156 1586; x_wconf 89' lang='lat' dir='ltr'>mendose.</span> <span class='ocrx_word' id='word_1_413' title='bbox 1191 1556 1346 1595; x_wconf 81' lang='lat' dir='ltr'>Bongars.</span> <span class='ocrx_word' id='word_1_414' title='bbox 1391 1556 1448 1587; x_wconf 90' lang='lat' dir='ltr'>Ita</span> <span class='ocrx_word' id='word_1_415' title='bbox 1475 1556 1598 1588; x_wconf 90' lang='lat' dir='ltr'>dicitur</span> <span class='ocrx_word' id='word_1_416' title='bbox 1626 1558 1681 1588; x_wconf 75' lang='lat' dir='ltr'>Pi-</span> 
     </span>
     <span class='ocr_line' id='line_1_76' title="bbox 983 1606 1682 1646; baseline 0.003 -10"><span class='ocrx_word' id='word_1_417' title='bbox 983 1608 1113 1637; x_wconf 83' lang='lat' dir='ltr'>sandrus</span> <span class='ocrx_word' id='word_1_418' title='bbox 1139 1615 1212 1646; x_wconf 88' lang='lat' dir='ltr'>pr0‚</span> <span class='ocrx_word' id='word_1_419' title='bbox 1237 1606 1426 1646; x_wconf 80' lang='lat' dir='ltr'>Pisander3</span> <span class='ocrx_word' id='word_1_420' title='bbox 1449 1612 1488 1638; x_wconf 91' lang='lat' dir='ltr'>ut</span> <span class='ocrx_word' id='word_1_421' title='bbox 1515 1609 1524 1625; x_wconf 92' lang='lat'>‘</span> <span class='ocrx_word' id='word_1_422' title='bbox 1540 1609 1682 1639; x_wconf 86' lang='lat' dir='ltr'>Menan-</span> 
     </span>
     <span class='ocr_line' id='line_1_77' title="bbox 985 1656 1682 1696; baseline 0.004 -9"><span class='ocrx_word' id='word_1_423' title='bbox 985 1656 1082 1688; x_wconf 90' lang='lat' dir='ltr'>drus&#39;</span> <span class='ocrx_word' id='word_1_424' title='bbox 1109 1666 1184 1696; x_wconf 87' lang='lat' dir='ltr'>pro,</span> <span class='ocrx_word' id='word_1_425' title='bbox 1212 1657 1425 1695; x_wconf 80' lang='lat' dir='ltr'>Menander3</span> <span class='ocrx_word' id='word_1_426' title='bbox 1457 1659 1682 1690; x_wconf 88' lang='lat' dir='ltr'>‘Euandrus&#39;</span> 
     </span>
     <span class='ocr_line' id='line_1_78' title="bbox 984 1706 1682 1748; baseline 0.007 -12"><span class='ocrx_word' id='word_1_427' title='bbox 984 1716 1059 1747; x_wconf 92' lang='lat' dir='ltr'>pro,</span> <span class='ocrx_word' id='word_1_428' title='bbox 1074 1706 1247 1747; x_wconf 88' lang='lat' dir='ltr'>Euander,</span> <span class='ocrx_word' id='word_1_429' title='bbox 1270 1712 1306 1738; x_wconf 92' lang='lat' dir='ltr'>et</span> <span class='ocrx_word' id='word_1_430' title='bbox 1328 1708 1392 1738; x_wconf 88' lang='lat' dir='ltr'>alia</span> <span class='ocrx_word' id='word_1_431' title='bbox 1408 1708 1478 1748; x_wconf 87' lang='lat' dir='ltr'>ejus</span> <span class='ocrx_word' id='word_1_432' title='bbox 1493 1710 1682 1741; x_wconf 85' lang='lat' dir='ltr'>commatis.</span> 
     </span>
     <span class='ocr_line' id='line_1_79' title="bbox 985 1756 1064 1788; baseline -0.025 0"><span class='ocrx_word' id='word_1_433' title='bbox 985 1756 1064 1788; x_wconf 86' lang='lat' dir='ltr'>Fab.</span> 
     </span>
    </p>

    <p class='ocr_par' dir='ltr' id='par_1_12' title="bbox 983 1805 1682 2650">
     <span class='ocr_line' id='line_1_80' title="bbox 1027 1805 1681 1846; baseline 0.009 -11"><span class='ocrx_word' id='word_1_434' title='bbox 1027 1807 1044 1846; x_wconf 54' lang='grc' dir='ltr'><strong>ς</strong></span> <span class='ocrx_word' id='word_1_435' title='bbox 1068 1808 1087 1836; x_wconf 89' lang='grc'>2</span> <span class='ocrx_word' id='word_1_436' title='bbox 1111 1805 1248 1846; x_wconf 84' lang='lat' dir='ltr'>Magna]</span> <span class='ocrx_word' id='word_1_437' title='bbox 1281 1806 1358 1837; x_wconf 92' lang='lat' dir='ltr'>Non</span> <span class='ocrx_word' id='word_1_438' title='bbox 1382 1807 1469 1838; x_wconf 90' lang='lat' dir='ltr'>male</span> <span class='ocrx_word' id='word_1_439' title='bbox 1487 1808 1570 1840; x_wconf 88' lang='lat' dir='ltr'>Mss.</span> <span class='ocrx_word' id='word_1_440' title='bbox 1586 1819 1626 1840; x_wconf 77' lang='lat' dir='ltr'>ex</span> <span class='ocrx_word' id='word_1_441' title='bbox 1641 1820 1681 1842; x_wconf 87' lang='lat' dir='ltr'>m.</span> 
     </span>
     <span class='ocr_line' id='line_1_81' title="bbox 984 1856 1682 1900; baseline 0.009 -14"><span class='ocrx_word' id='word_1_442' title='bbox 984 1857 1040 1887; x_wconf 86' lang='lat' dir='ltr'>Ita</span> <span class='ocrx_word' id='word_1_443' title='bbox 1054 1856 1143 1887; x_wconf 87' lang='lat' dir='ltr'>Flor.</span> <span class='ocrx_word' id='word_1_444' title='bbox 1160 1865 1183 1886; x_wconf 87' lang='lat'>1.</span> <span class='ocrx_word' id='word_1_445' title='bbox 1199 1859 1231 1886; x_wconf 85' lang='grc'>9.</span> <span class='ocrx_word' id='word_1_446' title='bbox 1248 1860 1279 1888; x_wconf 86' lang='grc'>5.</span> <span class='ocrx_word' id='word_1_447' title='bbox 1302 1857 1486 1889; x_wconf 77' lang='lat' dir='ltr'>Berneccer.</span> <span class='ocrx_word' id='word_1_448' title='bbox 1511 1859 1593 1890; x_wconf 86' lang='lat' dir='ltr'>Mss.</span> <span class='ocrx_word' id='word_1_449' title='bbox 1612 1861 1682 1900; x_wconf 89' lang='lat' dir='ltr'>ple-</span> 
     </span>
     <span class='ocr_line' id='line_1_82' title="bbox 984 1906 1682 1947; baseline 0.007 -11"><span class='ocrx_word' id='word_1_450' title='bbox 984 1907 1079 1947; x_wconf 87' lang='lat' dir='ltr'>rique</span> <span class='ocrx_word' id='word_1_451' title='bbox 1103 1906 1227 1936; x_wconf 88' lang='lat' dir='ltr'>habent</span> <span class='ocrx_word' id='word_1_452' title='bbox 1246 1909 1276 1936; x_wconf 81' lang='lat' dir='ltr'>et</span> <span class='ocrx_word' id='word_1_453' title='bbox 1301 1916 1342 1937; x_wconf 86' lang='lat' dir='ltr'>m.</span> <span class='ocrx_word' id='word_1_454' title='bbox 1364 1907 1417 1937; x_wconf 90' lang='lat' dir='ltr'>vel</span> <span class='ocrx_word' id='word_1_455' title='bbox 1443 1918 1482 1938; x_wconf 76' lang='lat' dir='ltr'>ex</span> <span class='ocrx_word' id='word_1_456' title='bbox 1504 1918 1546 1938; x_wconf 87' lang='lat' dir='ltr'>m.</span> <span class='ocrx_word' id='word_1_457' title='bbox 1592 1911 1682 1942; x_wconf 88' lang='lat' dir='ltr'>Vera</span> 
     </span>
     <span class='ocr_line' id='line_1_83' title="bbox 985 1957 1682 1998; baseline 0.004 -9"><span class='ocrx_word' id='word_1_458' title='bbox 985 1959 1153 1998; x_wconf 87' lang='lat' dir='ltr'>scriptura</span> <span class='ocrx_word' id='word_1_459' title='bbox 1171 1968 1210 1988; x_wconf 79' lang='lat' dir='ltr'>ex</span> <span class='ocrx_word' id='word_1_460' title='bbox 1229 1968 1270 1989; x_wconf 89' lang='lat' dir='ltr'>m.</span> <span class='ocrx_word' id='word_1_461' title='bbox 1290 1957 1438 1989; x_wconf 86' lang='lat' dir='ltr'>videtur.</span> <span class='ocrx_word' id='word_1_462' title='bbox 1485 1959 1682 1993; x_wconf 84' lang='lat' dir='ltr'>Omiserunt</span> 
     </span>
     <span class='ocr_line' id='line_1_84' title="bbox 984 2007 1681 2050; baseline 0.006 -12"><span class='ocrx_word' id='word_1_463' title='bbox 984 2018 1093 2050; x_wconf 83' lang='lat' dir='ltr'>praep.</span> <span class='ocrx_word' id='word_1_464' title='bbox 1110 2008 1167 2049; x_wconf 88' lang='lat' dir='ltr'>qui</span> <span class='ocrx_word' id='word_1_465' title='bbox 1190 2007 1318 2038; x_wconf 84' lang='lat' dir='ltr'>Latinis</span> <span class='ocrx_word' id='word_1_466' title='bbox 1334 2013 1497 2048; x_wconf 83' lang='lat' dir='ltr'>putarunt</span> <span class='ocrx_word' id='word_1_467' title='bbox 1512 2009 1681 2042; x_wconf 89' lang='lat' dir='ltr'>insuetum</span> 
     </span>
     <span class='ocr_line' id='line_1_85' title="bbox 984 2057 1681 2100; baseline 0.006 -10"><span class='ocrx_word' id='word_1_468' title='bbox 984 2059 1122 2100; x_wconf 86' lang='lat' dir='ltr'>apponi.</span> <span class='ocrx_word' id='word_1_469' title='bbox 1167 2057 1283 2099; x_wconf 84' lang='lat' dir='ltr'>Atque</span> <span class='ocrx_word' id='word_1_470' title='bbox 1304 2058 1364 2089; x_wconf 89' lang='lat' dir='ltr'>tali</span> <span class='ocrx_word' id='word_1_471' title='bbox 1390 2059 1488 2090; x_wconf 86' lang='lat' dir='ltr'>modo</span> <span class='ocrx_word' id='word_1_472' title='bbox 1510 2060 1583 2100; x_wconf 88' lang='lat' dir='ltr'>ipse</span> <span class='ocrx_word' id='word_1_473' title='bbox 1609 2062 1681 2094; x_wconf 87' lang='lat' dir='ltr'>Cic.</span> 
     </span>
     <span class='ocr_line' id='line_1_86' title="bbox 983 2108 1680 2150; baseline 0.006 -10"><span class='ocrx_word' id='word_1_474' title='bbox 983 2110 1038 2140; x_wconf 81' lang='lat' dir='ltr'>vel</span> <span class='ocrx_word' id='word_1_475' title='bbox 1068 2108 1217 2150; x_wconf 89' lang='lat' dir='ltr'>quisquis</span> <span class='ocrx_word' id='word_1_476' title='bbox 1241 2109 1325 2139; x_wconf 82' lang='lat' dir='ltr'>alius</span> <span class='ocrx_word' id='word_1_477' title='bbox 1348 2113 1402 2140; x_wconf 89' lang='lat' dir='ltr'>est</span> <span class='ocrx_word' id='word_1_478' title='bbox 1426 2108 1558 2141; x_wconf 89' lang='lat' dir='ltr'>Auctor</span> <span class='ocrx_word' id='word_1_479' title='bbox 1579 2112 1680 2144; x_wconf 88' lang='lat' dir='ltr'>libro-</span> 
     </span>
     <span class='ocr_line' id='line_1_87' title="bbox 984 2159 1680 2194; baseline 0.006 -4"><span class='ocrx_word' id='word_1_480' title='bbox 984 2170 1057 2191; x_wconf 91' lang='lat' dir='ltr'>rum</span> <span class='ocrx_word' id='word_1_481' title='bbox 1079 2159 1120 2190; x_wconf 89' lang='lat' dir='ltr'>ad</span> <span class='ocrx_word' id='word_1_482' title='bbox 1144 2159 1375 2190; x_wconf 85' lang='lat' dir='ltr'>Herennium:</span> <span class='ocrx_word' id='word_1_483' title='bbox 1400 2169 1454 2190; x_wconf 86' lang='lat'>111.</span> <span class='ocrx_word' id='word_1_484' title='bbox 1489 2163 1497 2178; x_wconf 90' lang='lat'>‘</span> <span class='ocrx_word' id='word_1_485' title='bbox 1519 2162 1680 2194; x_wconf 85' lang='lat' dir='ltr'>Putamus</span> 
     </span>
     <span class='ocr_line' id='line_1_88' title="bbox 984 2209 1681 2252; baseline 0.006 -11"><span class='ocrx_word' id='word_1_486' title='bbox 984 2214 1144 2250; x_wconf 86' lang='lat' dir='ltr'>oportere</span> <span class='ocrx_word' id='word_1_487' title='bbox 1160 2218 1201 2239; x_wconf 87' lang='lat' dir='ltr'>ex</span> <span class='ocrx_word' id='word_1_488' title='bbox 1217 2209 1335 2240; x_wconf 87' lang='lat' dir='ltr'>ordine</span> <span class='ocrx_word' id='word_1_489' title='bbox 1351 2209 1411 2240; x_wconf 85' lang='lat' dir='ltr'>hos</span> <span class='ocrx_word' id='word_1_490' title='bbox 1434 2210 1527 2241; x_wconf 85' lang='lat' dir='ltr'>locos</span> <span class='ocrx_word' id='word_1_491' title='bbox 1543 2213 1681 2252; x_wconf 85' lang='lat' dir='ltr'>habere,</span> 
     </span>
     <span class='ocr_line' id='line_1_89' title="bbox 985 2259 1682 2301; baseline 0.003 -10"><span class='ocrx_word' id='word_1_492' title='bbox 985 2269 1027 2291; x_wconf 93' lang='lat' dir='ltr'>ne</span> <span class='ocrx_word' id='word_1_493' title='bbox 1044 2259 1178 2301; x_wconf 85' lang='lat' dir='ltr'>quando</span> <span class='ocrx_word' id='word_1_494' title='bbox 1199 2259 1454 2300; x_wconf 87' lang='lat' dir='ltr'>perturbatione</span> <span class='ocrx_word' id='word_1_495' title='bbox 1478 2261 1603 2293; x_wconf 83' lang='lat' dir='ltr'>ordinis</span> <span class='ocrx_word' id='word_1_496' title='bbox 1623 2264 1682 2293; x_wconf 89' lang='lat' dir='ltr'>im-</span> 
     </span>
     <span class='ocr_line' id='line_1_90' title="bbox 984 2309 1680 2354; baseline 0.004 -13"><span class='ocrx_word' id='word_1_497' title='bbox 984 2309 1186 2351; x_wconf 85' lang='lat' dir='ltr'>pediamur.&#39;</span> <span class='ocrx_word' id='word_1_498' title='bbox 1232 2310 1299 2341; x_wconf 89' lang='lat' dir='ltr'>Hie</span> <span class='ocrx_word' id='word_1_499' title='bbox 1327 2310 1391 2340; x_wconf 87' lang='lat' dir='ltr'>‘ex</span> <span class='ocrx_word' id='word_1_500' title='bbox 1422 2310 1565 2351; x_wconf 88' lang='lat' dir='ltr'>ordine‚&#39;</span> <span class='ocrx_word' id='word_1_501' title='bbox 1592 2314 1680 2354; x_wconf 88' lang='lat' dir='ltr'>quod</span> 
     </span>
     <span class='ocr_line' id='line_1_91' title="bbox 984 2361 1682 2403; baseline 0.004 -12"><span class='ocrx_word' id='word_1_502' title='bbox 984 2362 1084 2400; x_wconf 79' lang='lat' dir='ltr'>vulgo</span> <span class='ocrx_word' id='word_1_503' title='bbox 1100 2361 1172 2391; x_wconf 86' lang='lat' dir='ltr'>sine</span> <span class='ocrx_word' id='word_1_504' title='bbox 1185 2370 1292 2401; x_wconf 71' lang='lat' dir='ltr'>praep.</span> <span class='ocrx_word' id='word_1_505' title='bbox 1310 2361 1319 2377; x_wconf 90' lang='lat'>‘</span> <span class='ocrx_word' id='word_1_506' title='bbox 1336 2361 1480 2392; x_wconf 87' lang='lat' dir='ltr'>ordine.&#39;</span> <span class='ocrx_word' id='word_1_507' title='bbox 1511 2363 1566 2394; x_wconf 90' lang='lat' dir='ltr'>Sic</span> <span class='ocrx_word' id='word_1_508' title='bbox 1584 2365 1682 2403; x_wconf 88' lang='lat' dir='ltr'>paulo</span> 
     </span>
     <span class='ocr_line' id='line_1_92' title="bbox 985 2411 1680 2451; baseline 0.007 -11"><span class='ocrx_word' id='word_1_509' title='bbox 985 2415 1082 2451; x_wconf 89' lang='lat' dir='ltr'>post:</span> <span class='ocrx_word' id='word_1_510' title='bbox 1108 2411 1116 2427; x_wconf 93' lang='lat'>‘</span> <span class='ocrx_word' id='word_1_511' title='bbox 1133 2411 1173 2441; x_wconf 92' lang='lat' dir='ltr'>In</span> <span class='ocrx_word' id='word_1_512' title='bbox 1193 2411 1274 2441; x_wconf 88' lang='lat' dir='ltr'>locis</span> <span class='ocrx_word' id='word_1_513' title='bbox 1298 2420 1340 2441; x_wconf 85' lang='lat' dir='ltr'>ex</span> <span class='ocrx_word' id='word_1_514' title='bbox 1364 2411 1482 2442; x_wconf 89' lang='lat' dir='ltr'>ordine</span> <span class='ocrx_word' id='word_1_515' title='bbox 1506 2414 1680 2445; x_wconf 86' lang='lat' dir='ltr'>collocatis</span> 
     </span>
     <span class='ocr_line' id='line_1_93' title="bbox 985 2461 1682 2503; baseline 0.006 -12"><span class='ocrx_word' id='word_1_516' title='bbox 985 2461 1131 2499; x_wconf 86' lang='lat' dir='ltr'>eveniet,</span> <span class='ocrx_word' id='word_1_517' title='bbox 1173 2465 1211 2491; x_wconf 91' lang='lat' dir='ltr'>ut</span> <span class='ocrx_word' id='word_1_518' title='bbox 1247 2461 1281 2491; x_wconf 90' lang='lat' dir='ltr'>in</span> <span class='ocrx_word' id='word_1_519' title='bbox 1322 2462 1507 2501; x_wconf 88' lang='lat' dir='ltr'>quamlibet</span> <span class='ocrx_word' id='word_1_520' title='bbox 1539 2470 1682 2503; x_wconf 82' lang='lat' dir='ltr'>partem,</span> 
     </span>
     <span class='ocr_line' id='line_1_94' title="bbox 985 2511 1681 2553; baseline 0.004 -11"><span class='ocrx_word' id='word_1_521' title='bbox 985 2517 1088 2553; x_wconf 85' lang='lat' dir='ltr'>quoto</span> <span class='ocrx_word' id='word_1_522' title='bbox 1101 2521 1234 2552; x_wconf 87' lang='lat' dir='ltr'>quoque</span> <span class='ocrx_word' id='word_1_523' title='bbox 1251 2511 1326 2542; x_wconf 92' lang='lat' dir='ltr'>loco</span> <span class='ocrx_word' id='word_1_524' title='bbox 1337 2512 1468 2552; x_wconf 83' lang='lat' dir='ltr'>libebit,</span> <span class='ocrx_word' id='word_1_525' title='bbox 1481 2513 1681 2553; x_wconf 86' lang='lat' dir='ltr'>imaginibus</span> 
     </span>
     <span class='ocr_line' id='line_1_95' title="bbox 985 2562 1680 2605; baseline 0.006 -12"><span class='ocrx_word' id='word_1_526' title='bbox 985 2562 1178 2593; x_wconf 88' lang='lat' dir='ltr'>commoniti</span> <span class='ocrx_word' id='word_1_527' title='bbox 1201 2562 1313 2592; x_wconf 88' lang='lat' dir='ltr'>dicere</span> <span class='ocrx_word' id='word_1_528' title='bbox 1341 2562 1505 2601; x_wconf 82' lang='lat' dir='ltr'>possimus</span> <span class='ocrx_word' id='word_1_529' title='bbox 1533 2564 1565 2594; x_wconf 88' lang='lat' dir='ltr'>id</span> <span class='ocrx_word' id='word_1_530' title='bbox 1591 2566 1680 2605; x_wconf 89' lang='lat' dir='ltr'>quod</span> 
     </span>
     <span class='ocr_line' id='line_1_96' title="bbox 985 2611 1511 2650; baseline -0.002 -6"><span class='ocrx_word' id='word_1_531' title='bbox 985 2613 1068 2644; x_wconf 89' lang='lat' dir='ltr'>locis</span> <span class='ocrx_word' id='word_1_532' title='bbox 1085 2611 1383 2643; x_wconf 89' lang='lat' dir='ltr'>mandaverimus.&#39;</span> <span class='ocrx_word' id='word_1_533' title='bbox 1406 2612 1511 2650; x_wconf 83' lang='lat' dir='ltr'>Schef.</span> 
     </span>
    </p>

    <p class='ocr_par' dir='ltr' id='par_1_13' title="bbox 985 2663 1682 2958">
     <span class='ocr_line' id='line_1_97' title="bbox 1029 2663 1681 2706; baseline 0.006 -13"><span class='ocrx_word' id='word_1_534' title='bbox 1029 2664 1046 2703; x_wconf 53' lang='grc' dir='ltr'>ξ</span> <span class='ocrx_word' id='word_1_535' title='bbox 1069 2665 1088 2693; x_wconf 83' lang='grc'><strong>3</strong></span> <span class='ocrx_word' id='word_1_536' title='bbox 1114 2663 1185 2693; x_wconf 87' lang='lat' dir='ltr'>Non</span> <span class='ocrx_word' id='word_1_537' title='bbox 1215 2665 1278 2692; x_wconf 83' lang='lat' dir='ltr'>tam</span> <span class='ocrx_word' id='word_1_538' title='bbox 1309 2664 1418 2693; x_wconf 79' lang='lat' dir='ltr'>ducum</span> <span class='ocrx_word' id='word_1_539' title='bbox 1446 2664 1478 2693; x_wconf 79' lang='lat' dir='ltr'>in</span> <span class='ocrx_word' id='word_1_540' title='bbox 1503 2673 1536 2694; x_wconf 84' lang='lat' dir='ltr'>eo</span> <span class='ocrx_word' id='word_1_541' title='bbox 1563 2667 1681 2706; x_wconf 60' lang='lat' dir='ltr'>proelio,</span> 
     </span>
     <span class='ocr_line' id='line_1_98' title="bbox 985 2712 1682 2754; baseline 0.004 -10"><span class='ocrx_word' id='word_1_542' title='bbox 985 2723 1074 2754; x_wconf 81' lang='lat' dir='ltr'>quam</span> <span class='ocrx_word' id='word_1_543' title='bbox 1098 2712 1247 2752; x_wconf 79' lang='lat' dir='ltr'>militum]</span> <span class='ocrx_word' id='word_1_544' title='bbox 1287 2712 1371 2743; x_wconf 87' lang='lat' dir='ltr'>Cum</span> <span class='ocrx_word' id='word_1_545' title='bbox 1393 2722 1508 2744; x_wconf 88' lang='lat' dir='ltr'>omncs</span> <span class='ocrx_word' id='word_1_546' title='bbox 1530 2718 1565 2745; x_wconf 82' lang='lat' dir='ltr'>et</span> <span class='ocrx_word' id='word_1_547' title='bbox 1591 2716 1682 2747; x_wconf 89' lang='lat' dir='ltr'>Bon-</span> 
     </span>
     <span class='ocr_line' id='line_1_99' title="bbox 987 2762 1678 2803; baseline 0.009 -10"><span class='ocrx_word' id='word_1_548' title='bbox 987 2763 1087 2803; x_wconf 82' lang='lat' dir='ltr'>garsii</span> <span class='ocrx_word' id='word_1_549' title='bbox 1103 2767 1138 2793; x_wconf 87' lang='lat' dir='ltr'>et</span> <span class='ocrx_word' id='word_1_550' title='bbox 1160 2762 1227 2793; x_wconf 87' lang='lat' dir='ltr'>mei</span> <span class='ocrx_word' id='word_1_551' title='bbox 1251 2763 1336 2793; x_wconf 83' lang='lat' dir='ltr'>Mss.</span> <span class='ocrx_word' id='word_1_552' title='bbox 1360 2763 1505 2795; x_wconf 86' lang='lat' dir='ltr'>habeant</span> <span class='ocrx_word' id='word_1_553' title='bbox 1527 2775 1586 2796; x_wconf 82' lang='lat' dir='ltr'>non</span> <span class='ocrx_word' id='word_1_554' title='bbox 1611 2768 1678 2799; x_wconf 81' lang='lat' dir='ltr'>duc.</span> 
     </span>
     <span class='ocr_line' id='line_1_100' title="bbox 986 2812 1680 2852; baseline 0.006 -9"><span class='ocrx_word' id='word_1_555' title='bbox 986 2815 1106 2843; x_wconf 77' lang='lat' dir='ltr'>tantum</span> <span class='ocrx_word' id='word_1_556' title='bbox 1121 2812 1152 2842; x_wconf 82' lang='lat' dir='ltr'>in</span> <span class='ocrx_word' id='word_1_557' title='bbox 1168 2821 1201 2842; x_wconf 82' lang='lat' dir='ltr'>eo</span> <span class='ocrx_word' id='word_1_558' title='bbox 1215 2821 1262 2852; x_wconf 86' lang='lat' dir='ltr'>pr.</span> <span class='ocrx_word' id='word_1_559' title='bbox 1281 2813 1332 2851; x_wconf 62' lang='lat' dir='ltr'>&amp;a</span> <span class='ocrx_word' id='word_1_560' title='bbox 1358 2816 1392 2842; x_wconf 88' lang='lat' dir='ltr'>et</span> <span class='ocrx_word' id='word_1_561' title='bbox 1416 2813 1571 2845; x_wconf 81' lang='lat' dir='ltr'>videatur</span> <span class='ocrx_word' id='word_1_562' title='bbox 1598 2815 1680 2848; x_wconf 89' lang='lat' dir='ltr'>illud</span> 
     </span>
     <span class='ocr_line' id='line_1_101' title="bbox 985 2862 1679 2907; baseline 0.006 -13"><span class='ocrx_word' id='word_1_563' title='bbox 985 2866 1105 2894; x_wconf 75' lang='lat' dir='ltr'>tautum</span> <span class='ocrx_word' id='word_1_564' title='bbox 1133 2862 1303 2902; x_wconf 83' lang='lat' dir='ltr'>adjectum</span> <span class='ocrx_word' id='word_1_565' title='bbox 1331 2863 1372 2893; x_wconf 89' lang='lat' dir='ltr'>ab</span> <span class='ocrx_word' id='word_1_566' title='bbox 1398 2872 1450 2901; x_wconf 88' lang='lat' dir='ltr'>eo,</span> <span class='ocrx_word' id='word_1_567' title='bbox 1476 2865 1532 2904; x_wconf 84' lang='lat' dir='ltr'>qui</span> <span class='ocrx_word' id='word_1_568' title='bbox 1555 2865 1679 2907; x_wconf 82' lang='lat' dir='ltr'>alioqui</span> 
     </span>
     <span class='ocr_line' id='line_1_102' title="bbox 987 2913 1680 2958; baseline 0.006 -14"><span class='ocrx_word' id='word_1_569' title='bbox 987 2923 1101 2955; x_wconf 79' lang='lat' dir='ltr'>parum</span> <span class='ocrx_word' id='word_1_570' title='bbox 1120 2913 1253 2954; x_wconf 82' lang='lat' dir='ltr'>plenam</span> <span class='ocrx_word' id='word_1_571' title='bbox 1271 2913 1353 2945; x_wconf 84' lang='lat' dir='ltr'>hanc</span> <span class='ocrx_word' id='word_1_572' title='bbox 1368 2914 1571 2947; x_wconf 84' lang='lat' dir='ltr'>locutionem</span> <span class='ocrx_word' id='word_1_573' title='bbox 1584 2922 1680 2958; x_wconf 83' lang='lat' dir='ltr'>puta-</span> 
     </span>
    </p>
   </div>
  </div>
 </body>
</html>
