2174 3424
544 327 628 369 658
978 340 1120 370 NOTAE

543 431 712 469 posterius
739 431 772 462 in
799 437 998 464 contextum
1028 433 1142 474 operis
1173 433 1245 464 sine

536 481 670 521 judicio
686 487 827 523 recepta
840 487 931 514 sunt.
975 483 1024 514 Ut
1046 487 1084 514 ut
1108 482 1186 522 erit,
1208 488 1245 514 ut

544 535 582 561 ut
600 531 749 571 judices,
766 535 844 562 sunt
862 532 977 563 isthaec
993 533 1243 573 expungenda3

543 585 578 611 et
594 580 724 613 fontem
747 582 855 622 ipsum
879 583 1001 614 erroris
1027 583 1145 614 videor
1164 593 1244 623 ape·

542 630 660 663 ruisse.
707 631 760 663 Ad
786 632 819 662 id
837 632 1102 664 confirmandum
1119 634 1208 674 quod
1225 644 1244 665 a

542 690 597 712 rne
627 682 756 713 dictum
787 687 840 713 est
868 684 1036 723 superius,
1063 684 1243 715 delendam

543 740 618 762 esse
642 741 689 762 sc.
721 732 843 763 lineam
872 732 962 763 illam
990 733 1188 773 (Parthicum
1213 738 1242 765 et

543 781 751 812 Bactrianum
779 782 853 823 imp.
877 782 900 813 ἱ.
924 781 1151 823 condiderunt),
1179 783 1243 814 hoc

543 831 697 872 apprime
713 831 807 870 facit,
827 833 916 873 quod
933 833 966 864 in
981 834 1151 874 impressis
1174 834 1244 875 qui·

542 882 641 914 busd.
678 883 816 924 legitur,
861 884 957 925 (Mox
995 884 1178 915 Parthicum
1213 889 1243 916 et

543 931 763 972 Bactrianum,
774 932 845 974 ᾅτ.)
861 933 929 964 Ubi
942 943 1039 965 nemo
1056 944 1121 965 non
1138 935 1243 975 videt,

542 982 652 1013 isthuc
669 984 748 1014 Mox
764 993 806 1014 ex
831 983 987 1015 barbaria
1002 985 1133 1016 illorum
1149 995 1244 1016 secu·

543 1034 650 1064 lorum
667 1038 782 1065 natum
800 1044 872 1065 esse
890 1044 961 1075 pro,
972 1035 1084 1075 modo,
1102 1046 1127 1066 s.
1146 1038 1244 1076 paulo

542 1083 710 1123 superius,
725 1086 788 1115 ὅτε.
814 1085 888 1117 Quo
904 1085 1106 1125 glossemate
1121 1086 1246 1117 studio-

540 1142 595 1163 sus
622 1138 680 1164 aut
706 1134 788 1164 alios
812 1138 872 1166 aut
899 1135 1045 1175 seipsum
1069 1135 1110 1166 ad
1134 1137 1244 1167 locum

541 1183 635 1214 illum
661 1185 870 1224 superiorem
892 1185 1112 1225 remittebat3
1137 1192 1172 1218 at
1197 1193 1244 1226 tn,

542 1234 665 1272 lector,
681 1235 857 1274 cogitabis.
885 1236 959 1268 Fub.

587 1283 605 1323 ᾗ
629 1286 647 1313 7
675 1284 758 1314 Gens
772 1288 802 1315 et
817 1285 970 1317 laboribus
982 1289 1011 1317 et
1024 1285 1110 1317 bellis
1121 1287 1244 1327 aspera]

543 1332 621 1363 Hoc
652 1343 757 1373 genus
794 1335 967 1376 loquendi,
1004 1341 1042 1367 ut
1083 1347 1244 1377 perquam

542 1381 689 1414 Auctori
706 1388 834 1423 nostro,
859 1386 906 1417 sic
923 1391 958 1417 et
976 1387 1047 1417 aliis
1063 1387 1245 1427 Scriptori-

543 1431 605 1463 bus
634 1434 773 1474 placuit,
794 1444 916 1475 nempe
939 1435 972 1466 ἓν
988 1436 1036 1467 διὰ
1051 1438 1141 1468 δυοῖν.
1173 1437 1243 1468 Pro

544 1491 609 1522 quo
626 1487 749 1515 x111.l.
780 1484 788 1500 ‘
807 1484 956 1516 Labores
981 1485 1146 1517 bellicos.'
1189 1487 1244 1518 Sic

543 1536 659 1563 tamen
675 1539 710 1563 et
725 1533 918 1567 0v.111.M.
935 1538 986 1566 32.
1005 1537 1014 1552 ‘
1027 1536 1171 1567 Martius
1189 1546 1244 1567 an-

542 1583 617 1622 guis
647 1588 721 1614 erat
743 1585 854 1616 cristis
883 1586 1057 1626 praesignis
1083 1592 1118 1618 et
1138 1587 1244 1619 auro.'

544 1632 589 1663 Et
606 1633 701 1672 Virg.
719 1642 768 1664 XI.
783 1634 831 1665 AE.
850 1637 921 1666 126.
943 1637 952 1651 ‘
964 1636 1162 1668 Justitiaeue
1180 1638 1245 1678 pri-

544 1692 583 1713 us
613 1683 728 1723 mirer,
764 1684 886 1716 belline
916 1685 1068 1717 laborum
1080 1687 1102 1717 ?’
1145 1688 1244 1728 Supr.

544 1743 622 1774 cap.
639 1737 670 1765 2.
707 1735 716 1751 ‘
731 1735 833 1766 Lanae
851 1745 890 1767 ac
908 1737 1049 1768 vestium
1066 1748 1144 1769 usus
1160 1738 1180 1770 :’
1209 1744 1244 1770 et

544 1788 660 1816 X11.6.
692 1786 888 1818 ‘Quantum
914 1786 1101 1819 fabularum
1129 1794 1164 1820 et
1195 1790 1243 1820 in—

543 1835 667 1867 vidiae!
692 1836 829 1868 Gronov.
874 1837 956 1868 Mss.
980 1838 1083 1879 aliqui
1110 1842 1140 1869 et
1162 1839 1242 1870 labo-

542 1883 628 1915 ribus
643 1889 672 1915 ει
690 1885 786 1925 bellis,
809 1886 899 1927 quod
917 1896 981 1917 non
1005 1887 1176 1928 displicet,
1200 1889 1243 1920 ob

544 1935 718 1975 emphasin
734 1936 967 1977 oppositionis,
981 1947 1057 1978 quae
1071 1939 1160 1978 perit
1177 1949 1243 1979 pae-

544 1994 587 2016 ne
605 1994 666 2025 per
691 1986 901 2017 omissionem
926 1988 1174 2028 conjunctionis
1198 1990 1243 2020 al-

543 2036 662 2074 terius,
678 2046 752 2067 cum
771 2037 961 2077 praesertim
977 2039 986 2055 ‘
1003 2038 1151 2069 labores'
1179 2039 1244 2079 sig-

543 2084 739 2116 nificatione
754 2086 916 2117 strictiori
939 2091 1058 2118 notent
1072 2089 1243 2120 molestias

543 2134 578 2165 in
595 2144 693 2175 pace,
704 2145 744 2166 ex
763 2136 892 2167 incerto
903 2137 968 2168 isto
980 2138 1073 2169 cultu
1089 2148 1243 2179 agrorum

545 2188 581 2215 et
617 2185 786 2216 laboriosa
820 2187 973 2227 pastione
1003 2198 1174 2229 pecorum,
1200 2190 1243 2221 de

545 2235 666 2276 quibus
683 2245 758 2276 cap.
776 2246 880 2277 praec.
903 2238 1008 2276 Sclref.

590 2285 724 2325 Parare]
745 2287 825 2326 Pro,
839 2295 982 2328 parant3
999 2289 1166 2321 infinitum
1184 2301 1243 2331 pro

545 2332 654 2365 finito,
698 2336 755 2366 Sic
772 2341 807 2368 et
824 2346 952 2370 xxxvl.
969 2343 998 2370 4.
1017 2342 1048 2370 2.
1075 2345 1109 2371 et
1127 2349 1199 2372 xm.
1215 2344 1244 2373 3.

545 2386 576 2414 8.
609 2384 710 2416 Vorst.
757 2386 875 2418 Parare
893 2398 968 2429 pro,
989 2391 1245 2432 parant‚inquit

544 2435 660 2465 Vorst.
697 2436 835 2467 Mallem
853 2448 915 2478 ego
933 2448 1007 2470 cum
1019 2449 1088 2480 seq.
1101 2442 1110 2457 ‘
1122 2451 1244 2472 concu-

546 2485 679 2525 piscunt
689 2485 696 2498 '
711 2492 918 2521 construere.
930 2490 1038 2529 Scltef.
1053 2492 1136 2522 Tres
1145 2491 1245 2532 Angl.

542 2543 703 2573 paravere.
729 2536 842 2569 Graev.

590 2585 684 2615 Nihil
711 2586 852 2628 victores,
872 2589 941 2629 ἔξω]
984 2590 1085 2631 Supr.
1113 2600 1137 2622 1.
1165 2594 1193 2622 1.
1211 2595 1243 2624 7.

545 2634 693 2667 Pulchra
711 2637 742 2668 iu
761 2638 844 2669 hanc
858 2649 926 2670 rem
944 2640 1140 2672 dissertatio
1158 2641 1244 2673 Phil.

547 2685 730 2719 camerarii
760 2689 847 2721 Hor.
881 2691 1004 2723 subcis.
1049 2692 1189 2724 Centur.
1217 2702 1242 2723 1.

545 2739 597 2767 78.
624 2738 722 2769 Rern.

587 2787 601 2826 ξ
628 2791 646 2817 8
674 2789 793 2820 Bellum
804 2790 936 2831 indixit]
966 2792 1103 2824 Oxonn.
1118 2802 1161 2823 ex
1176 2802 1243 2824 uno

546 2837 621 2868 cod.
640 2838 819 2872 ediderunt
835 2841 863 2873 b.
878 2842 995 2874 intulit.
1020 2844 1135 2875 Graev.

596 2887 740 2930 Vexaris]
765 2891 819 2922 Ita
848 2892 926 2924 boni
947 2894 1043 2925 libri:
1069 2894 1124 2924 alii
1148 2894 1242 2924 Via-0-

1154 341 1417 371 VARIORUM
1456 342 1501 370 ΙΝ

1293 433 1357 464 ris:
1380 433 1514 474 quidam
1532 433 1674 465 Besoxz's.
1705 434 1802 465 Oros.
1814 433 1881 465 Ms.
1896 441 1921 464 1.
1937 436 1978 465 14

1294 483 1303 499 ‘
1321 483 1495 524 Vesoges!
1518 484 1670 516 Florent.
1693 484 1748 515 ed.
1766 484 1797 516 h.
1818 484 1839 515 1.
1866 488 1901 515 et
1918 492 1943 515 1.
1959 486 1990 515 1.

1295 536 1327 564 6.
1356 534 1533 575 supposuit
1569 534 1734 574 Sesostres,
1761 538 1851 566 cont.
1878 533 1994 573 libros,

1294 583 1425 623 opinor,
1455 583 1534 624 quia
1560 583 1690 615 Herod.
1720 584 1779 615 lib.
1806 593 1846 615 11.
1873 583 1992 623 refert,

1294 642 1370 664 eum
1391 634 1533 674 Scythas
1548 633 1732 673 subegisse.
1762 633 1928 666 Jornandi
1939 637 1994 664 est

1295 683 1476 714 ‘Vesosisff
1502 684 1609 722 Bong.

1342 734 1475 765 Vexores
1488 744 1542 765 rex
1557 734 1739 775 AEgyptius]
1753 735 1844 775 Lege
1858 744 1990 775 quoque

1293 783 1358 822 hic,
1371 788 1408 814 ut
1424 793 1513 824 supr.
1530 783 1656 815 Sesosis.
1701 784 1769 814 Sed
1781 785 1882 814 miror
1897 783 1992 824 equi-

1294 833 1382 872 dem,
1411 834 1502 875 quod
1529 834 1620 866 Just.
1644 834 1698 865 hic
1722 834 1827 872 dicat,
1850 834 1994 874 Scythas

1293 884 1414 915 vicisse
1429 884 1576 924 Sesosin,
1603 884 1673 915 sive
1698 885 1893 923 Sesostrem,
1906 882 1942 915 'et
1959 884 1980 915 it

1294 943 1433 973 regumn
1464 935 1648 974 repulisse3
1673 944 1747 965 cmn
1772 934 1903 965 Herod.
1931 935 1988 965 Di-

1294 985 1435 1015 caearch.
1474 984 1578 1016 Diod.
1615 989 1650 1015 et
1685 984 1740 1015 alii
1779 984 1992 1024 prodiderint

1293 1034 1381 1064 hunc
1403 1034 1548 1075 Scythas
1566 1034 1749 1075 subegisse,
1768 1035 1994 1075 omniumque,

1295 1094 1375 1124 quas
1392 1083 1528 1123 adierit,
1540 1085 1690 1124 gentium
1703 1083 1805 1114 fuisse
1817 1085 1992 1115 victorem.

1292 1135 1438 1174 Trogum
1465 1139 1577 1165 tamen
1600 1140 1739 1166 secutus
1762 1139 1816 1166 est
1841 1136 1918 1166 Val.
1943 1135 1993 1167 Fl.

1294 1184 1353 1214 lib.
1368 1194 1400 1214 v.
1423 1185 1493 1216 ‘Ut
1520 1185 1628 1225 prima
1652 1185 1815 1216 Sesostris
1831 1185 1994 1216 Intulerit

1295 1243 1354 1264 rex.
1382 1235 1470 1266 bella
1500 1236 1618 1274 Getis;
1657 1241 1706 1276 ut,
1731 1235 1831 1267 clade
1856 1246 1993 1267 suorum

1293 1286 1456 1324 Territus,
1470 1286 1530 1317 hos
1553 1286 1688 1317 Thebas
1712 1287 1925 1327 patriumque
1942 1295 1994 1317 re-

1294 1335 1396 1367 ducat
1424 1336 1466 1366 ad
1490 1346 1639 1374 amnen13
1663 1336 1828 1367 Phasidos
1851 1337 1908 1367 hos
1935 1336 1994 1366 im-

1294 1391 1398 1424 ponat
1423 1387 1523 1425 agris,
1548 1387 1758 1428 Colchosque
1789 1387 1902 1418 vocari
1928 1385 1995 1417 Irn-

1295 1435 1415 1475 peret.'
1444 1437 1514 1467 Vos.

1336 1485 1524 1526 Lenonibus]
1569 1486 1670 1517 Hanc
1713 1496 1830 1518 vocem
1878 1496 1993 1518 omnes

1295 1540 1422 1575 praeter
1438 1545 1539 1566 {inum
1556 1540 1639 1566 vett.
1655 1540 1852 1577 agnoscunt,
1867 1541 1902 1568 et
1917 1546 1994 1577 pro-

1297 1587 1354 1618 bat
1371 1587 1411 1618 P.
1425 1588 1574 1618 Danielis
1592 1589 1657 1619 Ms.
1674 1587 1874 1620 Glossarius.
1904 1590 1913 1606 ‘
1928 1588 1994 1620 Le-

1295 1647 1349 1678 no,
1375 1637 1395 1667 i.
1412 1647 1442 1669 e.
1467 1638 1657 1677 mediator‚’
1679 1638 1809 1679 inquit:
1834 1638 1913 1679 ‘qui
1937 1648 1995 1679 ap.

1295 1688 1399 1719 Italos
1414 1688 1759 1719 diciturAmbassator.
1803 1689 1902 1720 Unde
1912 1689 1994 1720 Tro·

1294 1747 1355 1777 gus
1372 1738 1492 1778 Pomp.
1516 1738 1548 1768 in
1573 1738 1722 1769 secundo
1740 1738 1991 1770 Historiarum:

1294 1789 1304 1804 ‘
1320 1788 1509 1819 Praemissis
1539 1789 1729 1827 lenonibus,
1758 1789 1815 1830 qui
1839 1788 1992 1819 hostibus

1295 1839 1437 1879 parendi
1454 1839 1560 1879 legem
1585 1838 1814 1871 indicerent.’'
1838 1839 1993 1878 Bongars.

1295 1890 1369 1920 Nec
1387 1889 1511 1920 abeunt
1536 1890 1665 1921 Glossae
1689 1888 1822 1920 Isidori.
1868 1889 1991 1930 Neque

1294 1949 1375 1970 vero
1392 1939 1532 1971 mirand.
1562 1941 1694 1978 lenones,
1721 1937 1842 1978 flagitii
1867 1948 1992 1978 propu-

1294 1990 1407 2031 diique
1423 1992 1603 2031 ministros,
1625 1991 1666 2022 de
1692 2000 1727 2020 re
1744 1990 1884 2020 honesta
1901 1999 1994 2021 usur-

1294 2041 1386 2080 pari:
1419 2041 1505 2071 sicut
1538 2045 1655 2071 contra
1688 2039 1929 2071 ‘conciliator'
1957 2043 1993 2070 et

1294 2090 1522 2129 ‘com-iliare,’
1546 2100 1645 2121 voces
1677 2089 1840 2128 honestae,
1863 2089 1903 2120 ad
1928 2089 1991 2120 hoc

1294 2146 1395 2181 turpe
1424 2141 1647 2173 ministerium
1679 2145 1802 2180 postea
1824 2144 1902 2170 sunt
1926 2144 1992 2170 tra-

1294 2191 1417 2223 ducta.
1464 2192 1552 2222 Nam
1574 2195 1610 2222 et
1627 2191 1725 2222 Plato
1742 2191 1775 2221 in
1792 2189 1922 2229 Gorgia
1936 2199 1991 2220 co-

1294 2251 1360 2282 quo
1391 2246 1558 2272 oratorem
1589 2240 1761 2272 assimilat.
1806 2240 1910 2271 Certe
1934 2239 1993 2270 So-

1294 2297 1406 2322 crates
1424 2302 1478 2331 ap.
1494 2292 1584 2322 Xen.
1611 2292 1644 2321 iu
1671 2290 1810 2322 Conviv.
1834 2293 1993 2329 testatur,

1295 2352 1361 2373 uno
1376 2343 1384 2359 ‘
1399 2341 1582 2373 lenocinio’
1603 2351 1637 2372 se
1651 2340 1820 2372 confidere
1835 2341 1888 2371 vel
1899 2350 1992 2371 max-

1295 2392 1360 2423 ime
1376 2402 1383 2422 :
1401 2401 1439 2423 ea
1456 2397 1505 2422 est
1522 2402 1575 2422 ars
1591 2391 1796 2423 conciliandi
1813 2391 1990 2422 amicitias.

1296 2442 1401 2484 Atqui
1424 2453 1463 2473 ea
1489 2443 1594 2481 legati
1618 2452 1671 2472 ars
1695 2447 1747 2473 est
1767 2442 1856 2472 inter
1873 2441 1992 2481 praeci-

1296 2503 1397 2532 puas:
1424 2493 1492 2523 vid.
1522 2492 1697 2523 llurdelot.
1723 2492 1755 2522 in
1784 2492 1926 2522 Petron.
1955 2501 1990 2532 p.

1294 2546 1368 2574 203.
1384 2553 1426 2573 m.
1450 2544 1626 2574 Ber-neccer.
1666 2543 1905 2582 Reposuerunt
1920 2542 1991 2573 Ox-

1295 2602 1372 2623 onn.
1403 2601 1445 2622 ex
1478 2593 1584 2623 tribus
1612 2593 1694 2623 Mss.
1730 2597 1883 2622 veterum
1913 2592 1991 2624 edd.

1295 2643 1511 2683 scripturam,
1527 2643 1628 2673 missis
1636 2643 1736 2682 primo
1750 2643 1875 2683 legatis,
1891 2652 1991 2684 quam

1295 2697 1330 2723 et
1356 2693 1496 2724 Juntina
1525 2693 1688 2732 agnoscit.
1733 2692 1801 2722 Sed
1825 2702 1901 2723 cum
1922 2693 1991 2724 lena

1294 2742 1326 2772 iu
1344 2742 1463 2772 bonam
1481 2742 1670 2781 accipiatur
1684 2747 1816 2782 partem
1833 2751 1894 2782 pro
1911 2751 1991 2773 con·

1293 2792 1471 2831 ciliatrice‚
1494 2797 1531 2823 ut
1556 2802 1609 2832 ap.
1632 2792 1697 2823 Ov.
1721 2792 1896 2823 ‘Maxima
1912 2793 1991 2823 lena

1293 2851 1385 2872 mora
1410 2846 1461 2872 est
1477 2841 1498 2879 ;'
1526 2846 1561 2873 et
1590 2842 1771 2872 lenocinium
1795 2851 1848 2882 ap.
1872 2843 1990 2875 Nostr.

1295 2901 1344 2924 xi.
1360 2896 1410 2924 12.
1432 2893 1529 2923 ‘Nec
1557 2903 1576 2923 a
1602 2902 1638 2922 se
1658 2892 1837 2933 quicquam
1862 2891 1989 2924 factum
