2174 3424
450 372 536 416 616

449 476 530 508 edet
542 483 664 516 operas
674 475 695 506 :’
710 472 860 515 quamvis
870 471 998 504 locutio
1012 471 1147 512 integra

450 526 539 558 aliud
556 528 654 556 notet
670 534 771 566 quam
784 524 837 556 hic
852 532 977 564 operam
998 522 1056 553 otii
1078 522 1147 553 red-

449 578 531 608 dere.
567 575 685 607 GraeV.

492 627 509 667 ξ
533 629 553 657 6
576 626 616 657 In
639 626 694 656 Ιιοι·
708 623 857 664 tempore]
891 622 948 654 Ita
965 620 1043 652 edd.
1063 620 1149 652 anti-

450 677 584 718 quiores
611 675 784 714 Bechafli,
808 672 960 714 MajoriS,
982 670 1148 702 Sichardi.

448 727 497 758 At
523 727 688 766 Bongars.
715 723 835 756 maluit
860 723 895 753 in
920 725 1065 761 tempore,
1091 730 1148 751 ex-

450 782 548 808 truso
564 785 716 816 pronom.
732 772 1010 805 demonstrativo.
1046 770 1148 803 Quod

449 832 565 858 tamen
581 826 719 857 videtur
741 824 862 856 abesse
883 832 950 853 non
970 831 1087 862 posse3
1110 825 1148 852 ut

448 876 551 907 videl.
575 875 772 915 designetur
794 878 940 914 tempus,
960 871 1051 913 quod
1068 877 1149 902 tunc

449 931 537 966 erat,
548 936 623 958 cum
637 926 768 957 Auctor
779 924 965 963 scriberet3
983 923 1060 964 quia
1072 931 1149 953 mox

449 977 492 1007 de
509 982 664 1017 tempore
679 975 796 1007 futuro
813 974 925 1006 verbis
947 975 957 991 ‘
971 973 1062 1014 apud
1075 982 1150 1014 pos-

452 1026 562 1058 teros'
580 1026 821 1068 subjuncturus
837 1029 921 1056 erat.
951 1024 1025 1055 Vor.

915 377 1057 409 NOTAE
1089 375 1354 417 VARIORUM
1387 374 1440 405 IN

1243 470 1283 501 In
1297 469 1352 501 hoc
1367 467 1517 510 tempore]
1539 468 1596 500 Sic
1613 471 1709 499 recte
1723 467 1838 500 Vorst.
1851 478 1894 499 ex

1200 524 1286 551 vett.
1301 519 1379 550 edd.
1405 519 1524 560 quibus
1549 518 1776 560 adstipulatur
1795 518 1894 550 Junt.

1201 574 1238 601 et
1252 570 1340 601 liber
1354 569 1455 610 Angl.
1482 569 1587 601 Graev.

1244 619 1338 659 Apud
1349 622 1484 659 posteros
1499 618 1568 658 ⁸50]
1591 617 1658 649 Ov.
1675 626 1702 648 1.
1725 617 1821 657 Eleg.
1839 619 1893 648 15.

1202 670 1212 688 ‘
1231 670 1390 702 Pascitur
1416 670 1450 700 in
1478 669 1564 701 vivis
1592 669 1689 709 livor,
1717 672 1795 708 post
1824 667 1895 698 fata

1202 720 1359 761 quiescit.
1381 720 1474 750 Tunc
1489 729 1566 750 suus
1582 729 1624 750 ex
1644 719 1766 750 merito
1780 728 1896 759 quem-

1202 779 1268 810 que
1291 773 1408 801 tuetur
1427 768 1553 800 honos.'
1587 768 1676 800 Add.
1699 768 1840 799 Martial
1861 777 1896 799 v.

1202 824 1266 863 Ep.
1285 825 1335 853 10.
1365 822 1445 854 Sall.
1468 821 1526 853 fin.
1552 821 1651 852 Orat.
1674 829 1713 850 Π.
1738 819 1780 850 ad
1806 819 1895 850 Caes.

1203 872 1377 904 Gebhard.
1388 871 1430 902 ad
1443 872 1565 903 Catuli.
1582 881 1615 911 p.
1626 873 1699 901 232.
1711 869 1736 900 f.
1748 870 1830 900 Tac.
1844 877 1894 899 iv.

1202 921 1244 953 A.
1260 924 1311 953 35.
1327 925 1357 953 3.
1385 922 1395 939 ‘
1409 922 1512 953 Suum
1528 921 1649 962 cuique
1665 920 1769 952 decus
1786 923 1897 961 poste-

1202 972 1285 1004 ritas
1301 971 1481 1013 rependit.'
1501 972 1634 1003 Bernec.

1022 1292 1241 1342 LIBER
1280 1292 1327 1339 l.

494 1423 710 1455 Historiarum
720 1420 984 1462 Philippicarum]
1000 1419 1152 1452 Quarum

451 1473 624 1514 ἐπιγραφὴν
639 1482 658 1504 a
671 1474 783 1513 Trogo
800 1481 871 1503 esse
888 1474 973 1502 vett.
989 1470 1152 1500 librorum

451 1533 636 1555 consensus
653 1522 777 1563 arguit.
814 1520 1025 1560 Philippicas
1038 1521 1152 1549 autem

450 1582 557 1614 quare
580 1572 804 1612 inscripserit,
826 1569 964 1601 difficile
986 1573 1039 1600 est
1060 1568 1153 1608 judi-

452 1624 555 1654 cium.
589 1623 679 1654 Nam
695 1622 782 1653 velle
800 1631 841 1652 ex
857 1621 921 1651 hac
935 1620 1094 1660 Epitoma
1109 1618 1153 1649 de

452 1675 586 1714 integro
610 1673 713 1713 Trogi
740 1682 844 1713 opere
866 1671 1040 1712 judicare,
1065 1669 1153 1701 desi-

450 1732 532 1764 pere
558 1726 629 1754 est:
654 1723 703 1753 ita
729 1723 876 1762 Trogum
905 1721 991 1751 male
1017 1719 1154 1759 accepit

450 1775 517 1815 hic,
532 1774 680 1816 quisquis
696 1772 773 1812 fuit,
787 1771 951 1805 Justinus.
990 1770 1056 1802 Qui
1075 1769 1154 1800 dum

452 1834 608 1856 resecare
617 1823 805 1864 cupit,quae
819 1820 1043 1861 necjucunda
1053 1824 1150 1851 erant

451 1882 488 1909 et
507 1876 643 1908 minime
660 1874 862 1914 necessaria,
877 1873 1042 1913 optimum
1056 1875 1151 1902 anto-

452 1937 525 1958 rem
542 1934 678 1967 prorsus
693 1924 848 1963 evitavit,
866 1928 906 1954 ut
929 1927 1027 1953 vetus
1051 1921 1152 1962 poeta

449 1976 613 2018 loquitur.
669 1975 741 2014 Ego
768 1973 960 2015 putaverim
984 1972 1153 2012 Philippi-

453 2037 528 2058 cam
553 2024 741 2057 Historiam
763 2024 877 2063 'l'rogo
896 2022 1152 2054 Macedonicam

454 2086 539 2116 esse,
551 2075 710 2117 princeps
721 2082 844 2113 nempe
853 2072 923 2113 huj.
937 2072 1048 2112 operis
1059 2081 1154 2112 argu-

453 2130 618 2157 mentum.
649 2125 735 2155 Nam
751 2133 770 2154 a
786 2132 849 2154 vn.
862 2122 920 2154 lib.
933 2122 974 2153 ad
993 2129 1063 2153 xm.
1081 2131 1154 2162 reg-

454 2186 535 2207 num
558 2174 819 2206 Macedonicum
844 2172 1029 2204 describit:
1055 2173 1153 2212 cujus

456 2236 476 2256 a
492 2226 664 2266 Philippo,
680 2223 866 2255 Alexandri
880 2228 991 2264 patre,
1007 2223 1153 2263 dignitas

456 2276 572 2316 coepit,
594 2275 641 2306 ita
670 2278 708 2306 ut
738 2274 771 2305 id
806 2273 973 2304 ‘Graeciae
1000 2277 1034 2302 et
1060 2271 1152 2304 Asiae

456 2325 659 2363 cervicibus,
689 2324 783 2356 velut
814 2324 935 2364 jugum
966 2323 1153 2363 servitutis,

454 2375 667 2417 imponeret,'
690 2379 728 2405 ut
741 2379 811 2406 ext.
831 2373 888 2404 lib.
906 2383 951 2404 w.
975 2373 1153 2405 Justinus:

457 2433 493 2460 et
520 2437 598 2459 eum
627 2426 758 2457 Auctor
786 2425 1010 2464 Prologorum
1034 2424 1155 2464 ‘Mag-

456 2477 554 2508 num’
572 2481 685 2508 vocat.
731 2476 817 2508 Quae
835 2479 947 2505 autem
962 2475 1155 2515 Philippico

456 2530 600 2570 imperio
613 2528 789 2569 praemisit,
799 2527 945 2558 arbitror
955 2537 1028 2557 esse
1041 2526 1157 2557 Mundi

457 2581 606 2620 origines,
633 2589 715 2620 quas
737 2583 821 2610 vett.
848 2578 1010 2608 libroruin
1038 2578 1154 2608 titulus

452 2630 584 2671 jactat:
608 2630 711 2661 Terrae
724 2634 833 2660 autem
842 2628 931 2668 silus,
942 2638 1024 2669 quos
1037 2627 1156 2658 eadem

460 2680 641 2720 pollicetur
676 2679 864 2720 inscriptio,
898 2687 970 2709 esse
1008 2678 1158 2718 descrip-

462 2731 570 2761 tiones
586 2730 772 2770 regionum,
787 2739 862 2770 quae
879 2729 911 2759 in
927 2728 1064 2761 Justino
1083 2726 1156 2758 fere

462 2780 575 2817 nullae,
597 2780 629 2810 in
652 2780 764 2820 Trogo
783 2778 981 2820 frequentes
996 2777 1154 2808 fuerunt:

464 2834 500 2859 nt
531 2829 684 2860 indicant
713 2829 862 2869 Prologi,
888 2838 970 2869 quos
999 2837 1041 2858 ex
1071 2827 1156 2858 Mss.

465 2879 564 2910 codd.
580 2880 721 2918 produxi
747 2880 780 2910 in
802 2879 956 2910 ‘luminis
974 2877 1074 2910 oras!
1108 2881 1157 2907 Φι-

460 2929 589 2959 λιππικὰ
603 2929 814 2970 Theopompi
831 2929 979 2961 citantur
996 2928 1037 2960 ab
1052 2927 1156 2960 Athe-

1204 1425 1279 1447 naeo
1305 1415 1449 1456 passim3
1475 1415 1594 1457 quibus
1618 1414 1795 1446 historiam
1823 1413 1902 1445 Phi-

1204 1465 1290 1506 lippi
1302 1466 1396 1496 libris
1407 1469 1459 1498 58.
1470 1466 1666 1506 complexus
1677 1468 1788 1504 est,ut
1797 1463 1902 1495 Diod.

1206 1514 1314 1546 refert
1329 1515 1387 1547 lib.
1405 1524 1455 1547 xi.
1492 1515 1649 1556 Quinque
1670 1518 1783 1546 autem
1798 1513 1903 1544 libros

1206 1575 1283 1596 eum
1312 1565 1492 1596 inseruisse
1527 1575 1547 1596 a
1581 1564 1734 1605 Philippi
1763 1563 1904 1594 historia

1207 1616 1348 1656 alienos,
1362 1616 1450 1647 idem
1467 1615 1572 1647 Diod.
1589 1621 1707 1647 auctor
1721 1618 1786 1654 est,
1800 1624 1818 1645 e
1831 1613 1905 1655 qui·

1208 1666 1269 1698 bus
1281 1671 1351 1698 tres
1363 1676 1416 1698 res
1426 1667 1558 1698 Siculas
1568 1665 1801 1698 continebant.
1825 1664 1904 1695 Nou

1208 1721 1260 1748 est
1273 1722 1385 1748 autem
1401 1716 1615 1758 aspernanda
1633 1717 1672 1747 P.
1685 1714 1811 1746 Pithoei
1826 1723 1904 1746 con-

1203 1768 1354 1808 jectura,
1368 1768 1516 1808 Trogum
1541 1765 1749 1806 Theopompi
1773 1765 1906 1795 aemula-

1210 1819 1302 1849 tione
1319 1823 1421 1858 atque
1443 1818 1600 1857 exemplo
1623 1815 1792 1847 Historias
1815 1824 1907 1854 suas,

1204 1872 1243 1898 ut
1255 1867 1493 1898 Demosthenis
1505 1867 1555 1897 M.
1566 1866 1708 1897 Tullium
1722 1865 1904 1897 Orationes

1204 1927 1281 1949 suas
1291 1918 1324 1948 in
1336 1917 1533 1957 Antonium,
1542 1916 1753 1956 Philippicas
1762 1914 1906 1954 inscrip-

1205 1968 1299 1999 sisse.
1322 1968 1424 2006 Bong.
1455 1966 1624 1998 Observat
1640 1965 1809 1997 eruditiss.
1835 1964 1905 1996 No-

1204 2023 1315 2049 tarum
1323 2017 1541 2058 Anglicarum
1553 2016 1696 2054 Auctor,
1706 2015 1739 2046 in
1748 2014 1904 2056 quibusd-

1205 2068 1288 2099 Mss.
1301 2067 1382 2107 legi:
1408 2067 1627 2097 Historiarum
1643 2065 1904 2105 Philippicarum,

1206 2122 1236 2149 et
1255 2118 1351 2149 totius
1372 2117 1479 2149 mundi
1494 2117 1660 2157 orig-inum,
1673 2119 1702 2147 et
1719 2119 1811 2146 terroe
1825 2114 1906 2146 situs

1206 2179 1246 2200 ex
1262 2169 1362 2208 Trogo
1378 2168 1536 2208 Pompeio.
1573 2167 1682 2199 Plane
1698 2167 1785 2197 sicut
1802 2175 1907 2207 quon-

1207 2219 1284 2250 dam
1312 2217 1379 2250 fuit
1404 2218 1516 2249 editus
1545 2227 1564 2249 a
1593 2218 1635 2249 cl.
1662 2217 1827 2248 Bernecc.
1852 2215 1904 2246 Μ.

1206 2269 1340 2300 Juniani
1367 2277 1561 2309 praenomen
1587 2268 1644 2298 alii
1669 2267 1844 2307 omittunt,
1869 2269 1906 2297 et

1206 2320 1329 2352 Justim·
1345 2319 1702 2360 voeabuloapponunt
1717 2326 1903 2359 cognomen

1209 2370 1367 2409 frontini,
1378 2369 1421 2400 de
1432 2369 1579 2410 quojam
1592 2369 1716 2400 aVoss.
1728 2373 1780 2399 est
1792 2372 1905 2398 actum

1209 2421 1242 2452 in
1260 2430 1362 2460 opere
1376 2419 1418 2450 de
1435 2419 1666 2460 Scriptoribus
1678 2419 1754 2449 Lat.
1778 2415 1883 2454 Sches.

1253 2472 1340 2502 CAP.
1359 2480 1382 2501 1.
1406 2471 1422 2510 ᾧ
1444 2473 1456 2501 1
1479 2469 1636 2509 Principio
1649 2467 1765 2507 rerum]
1778 2468 1904 2498 Totum

1209 2521 1241 2552 h.
1269 2522 1380 2552 locum
1408 2519 1624 2560 transcripsit
1647 2518 1791 2558 August.
1807 2526 1857 2548 ιν.
1872 2518 1905 2547 6.

1210 2572 1283 2603 Civ.
1302 2572 1347 2602 D.
1371 2572 1538 2610 Compara
1564 2570 1636 2600 haec
1659 2578 1733 2599 cum
1757 2568 1809 2605 iis,
1829 2576 1903 2607 quae

1209 2623 1306 2653 initio
1320 2620 1509 2654 Catilinarii
1525 2619 1714 2658 Sallustius,
1728 2618 1822 2658 cujus
1838 2621 1907 2648 stu-

1210 2672 1340 2703 diosum
1356 2670 1459 2702 fuisse
1474 2670 1659 2709 Justinum,
1680 2673 1738 2700 aut
1757 2668 1904 2707 Trogum

1210 2727 1332 2766 ipsum,
1347 2729 1382 2756 et
1398 2725 1450 2755 liic
1466 2724 1570 2762 locus,
1586 2726 1622 2753 et
1637 2721 1704 2758 alii,
1721 2719 1804 2750 satis
1820 2717 1905 2749 indi-

1211 2781 1310 2807 cant:
1335 2779 1382 2814 et,
1407 2783 1482 2814 quae
1510 2773 1543 2803 in
1574 2771 1682 2812 princ.
1712 2769 1767 2800 lib.
1793 2776 1833 2799 11.
1861 2766 1904 2798 de

1211 2826 1310 2857 rebus
1336 2822 1517 2865 Scythicis,
1550 2822 1559 2838 ‘
1571 2830 1645 2862 quae
1673 2819 1755 2850 satis
1783 2817 1904 2857 amplae

1210 2874 1464 2915 magnificaeque
1493 2871 1655 2910 fuerunt,’
1679 2868 1798 2900 eadem
1825 2866 1904 2898 toti-

1211 2926 1286 2958 dem
1303 2924 1413 2957 verbis
1429 2923 1471 2955 de
1486 2920 1749 2954 Atheniensibus
1764 2918 1903 2951 Sallust.
