2174 3424
447 354 533 396 814

444 456 578 488 libertis
609 457 835 489 Onomastum
870 457 982 492 futuro
1021 459 1144 491 sceleri

445 506 618 547 praefecit,
641 516 660 537 a
685 517 751 548 quo
776 508 939 541 Barbium
961 510 1142 541 Proculum

443 557 660 587 tesserarium
689 558 950 600 speculatorum,
972 564 1008 591 et
1036 560 1142 590 Vetu-

445 608 530 638 rium
552 607 725 647 optionem
739 610 934 650 eorundem,
956 610 1142 651 perductos

445 657 556 697 pretio
570 661 604 688 et
617 658 789 698 promissis
802 660 941 692 onerat.’
958 661 1043 691 Caes.
1059 669 1142 691 vm.

443 707 486 737 B.
505 707 548 739 G.
567 710 618 739 38.
641 708 651 725 4
667 708 1046 749 Guturvatus‚0mnium
1063 720 1144 741 cura

444 757 620 797 quaesitus,
642 757 676 788 in
704 763 818 790 castra
847 759 1081 799 perducitur:’
1106 765 1143 791 et

444 808 540 839 Curt.
558 817 613 839 111.
631 811 661 839 3.
682 808 692 825 ‘
708 809 808 841 Quod
825 809 1072 850 Alexandrum,
1086 809 1144 841 de·

443 857 555 897 posita
570 858 664 898 regia
678 863 785 898 veste,
807 859 842 890 in
859 859 999 891 Persico
1015 865 1049 890 et
1073 861 1143 890 vul-

443 907 516 947 gari
532 908 651 938 habitu
670 909 871 948 perductum
887 919 961 941 esse
977 910 1143 942 vidisset.’

441 958 496 988 Id.
514 967 597 989 vm.
614 961 666 990 13.
689 959 699 976 ‘
715 959 873 999 Triginta
897 961 1073 1001 elephanti
1098 961 1142 992 si-

442 1008 513 1039 mul
536 1008 628 1048 capti
655 1009 912 1048 perducuntur!
957 1010 1031 1041 Liv.
1047 1010 1141 1050 Epit.

441 1067 573 1089 CXXXI.
600 1058 610 1075 4
634 1057 802 1089 Antonius
831 1058 1052 1099 Artuasdem,
1073 1059 1141 1090 fide

442 1108 523 1138 data
549 1107 764 1147 perductum,
789 1109 824 1139 in
855 1109 989 1140 vincula
1015 1109 1142 1150 conjici

433 1157 561 1198 jussit?
605 1157 689 1189 Cod.
709 1159 836 1189 Theod.
854 1168 937 1190 vm.
960 1159 1028 1190 Tit.
1043 1169 1078 1191 v.
1103 1161 1140 1192 L.

441 1211 494 1239 53.
520 1208 529 1226 ‘
547 1209 622 1239 Nisi
638 1209 792 1240 animalia
808 1209 975 1250 perducta
988 1209 1141 1242 fuerint.'

446 1258 545 1290 Gron.

484 1309 501 1348 ς
530 1311 568 1339 11
605 1308 717 1347 Quem,
743 1308 812 1349 Sym]
835 1309 995 1341 Vincent.
1021 1318 1058 1341 v.
1084 1311 1139 1341 44.

440 1358 450 1375 ‘
468 1358 576 1390 Quem
595 1358 790 1388 Alexander
811 1359 844 1388 in
860 1359 923 1391 ult.
940 1359 1139 1400 proditionis

439 1406 481 1439 fr.
498 1407 540 1437 D.
558 1407 655 1438 dedit
670 1408 915 1439 cruciandum.'

483 1457 736 1487 Excruciaudum
753 1457 854 1497 fratri
875 1458 973 1489 Darii
992 1459 1138 1500 tradidit]

439 1507 606 1546 Exemplo
623 1507 1138 1545 simili,nobilissimiPoenorum

438 1557 563 1596 captivi
581 1556 697 1587 liberis
721 1557 842 1597 Reguli
863 1568 882 1588 a
898 1560 1025 1590 Senatu
1042 1560 1138 1592 Rom.

437 1607 557 1637 traditi
569 1611 648 1637 sunt
662 1607 703 1638 ad
716 1608 918 1648 supplicium
934 1620 941 1640 ε
958 1609 1072 1649 Agell.
1087 1619 1138 1642 vr.

436 1660 470 1688 4.
493 1657 610 1687 ultioni
627 1658 723 1688 simul
749 1663 784 1688 et
807 1659 940 1690 solatio.
988 1661 1043 1691 De
1059 1670 1138 1700 sup-

436 1707 531 1746 plicii
546 1707 645 1738 Bessi
669 1717 793 1748 genere
819 1709 954 1741 variant
971 1714 1137 1743 auctores.

438 1757 537 1788 Bern.

481 1807 608 1847 Fratri]
641 1807 750 1840 Quem
777 1807 787 1825 4
813 1807 1016 1840 Exathrem'
1039 1809 1135 1841 Plut.

436 1855 537 1888 Alex.
552 1860 606 1888 78.
630 1857 724 1889 Curt.
750 1863 862 1888 autem
891 1867 956 1889 vu.
973 1863 1004 1889 5.
1019 1862 1073 1891 62.
1100 1864 1136 1891 et

435 1906 541 1938 Diod.
552 1916 641 1937 xvn.
653 1910 705 1938 77.
721 1908 729 1924 4
742 1907 922 1939 Oxatrem’
939 1914 1070 1940 vocant.
1086 1909 1134 1940 ld.

479 1957 496 1996 ᾧ
517 1959 554 1987 12
577 1957 817 1997 Alexandriam]
839 1957 930 1989 Add.
953 1959 1047 1990 Curt.
1064 1968 1135 1991 vn.

436 2009 469 2038 6.
485 2009 538 2038 46.
562 2007 611 2038 Id.

481 2056 617 2095 Tanain]
642 2056 769 2087 Tanaim
784 2056 878 2087 Leid.
895 2060 925 2087 l.
950 2057 1133 2099 Freculphi

437 2115 499 2146 pro
517 2107 603 2145 vulg.
620 2106 776 2136 Danaim:
799 2109 830 2137 2.
845 2107 1004 2138 Tllanaz'm.

481 2158 528 2187 Eo
555 2157 651 2188 trium
673 2158 865 2198 civitatium]
897 2159 981 2189 Mss.
1007 2158 1134 2191 habent

433 2216 540 2238 earum
554 2207 614 2238 civ.
638 2207 671 2237 id
689 2209 777 2248 quod
799 2213 880 2248 puto
895 2208 1033 2240 rectius.
1068 2209 1133 2239 Ar-

434 2257 518 2287 rian.
561 2257 713 2288 nominat
750 2267 850 2288 unam
891 2258 1076 2298 Cyropolin
1114 2268 1133 2289 a

434 2307 524 2346 Cyro
543 2307 725 2345 conditam,
748 2312 851 2348 caput
867 2309 997 2348 gentis3
1020 2309 1051 2340 ei
1075 2309 1132 2340 ad-

427 2356 544 2396 jungit
560 2356 641 2386 alias
658 2366 715 2387 sex
732 2357 888 2397 minores,
909 2368 984 2398 quae
1010 2358 1133 2390 fortas-

433 2406 478 2436 sis
506 2406 594 2437 illius
625 2406 764 2437 alterius
805 2408 944 2438 coloniae
980 2407 1131 2450 fuerunt,

432 2465 548 2486 omnes
561 2461 678 2495 captas
693 2456 735 2487 ab
752 2456 960 2489 Alexandro.
983 2458 1088 2497 Sches.

477 2505 563 2536 CAP.
580 2514 629 2537 vi.
659 2507 675 2546 ᾗ
698 2509 712 2536 l
738 2506 863 2537 Solenni
882 2508 931 2538 die
957 2508 1070 2539 amicos
1098 2509 1132 2540 in

431 2555 601 2586 convivium
617 2556 718 2596 vocat]
743 2556 838 2587 Curt.
857 2566 910 2588 ix.
933 2557 981 2588 ait
1005 2558 1130 2590 Clitum

429 2605 609 2645 Sogdianae
620 2606 879 2647 Bactrianaeque
895 2611 1075 2646 praetorem
1089 2607 1130 2638 ab

430 2655 629 2687 Alexandro
646 2662 811 2697 creatum,
832 2666 871 2687 ac
888 2657 918 2687 ei
940 2658 1129 2689 convivium

431 2710 662 2745 praeparatum
679 2706 911 2747 Maracandae,
933 2708 1017 2739 urbe
1043 2709 1130 2740 Bac-

432 2756 564 2793 trianae,
588 2756 684 2795 cujus
707 2756 807 2787 etiam
834 2758 1040 2789 Ptolemaeus
1059 2768 1128 2790 me-

430 2806 540 2843 minit,
563 2807 714 2847 quamvis
731 2806 865 2839 Arrian.
891 2817 965 2839 eam
989 2809 1128 2849 Sogdia-

431 2865 483 2887 nae
505 2857 633 2897 regiam
659 2857 751 2889 (licat
774 2858 901 2890 lib.111.
926 2858 989 2890 sub
1013 2857 1126 2892 finem.

902 364 1043 396 NOTAE
1077 365 1340 397 VARIORUM
1376 367 1426 398 ΙΝ

1192 459 1247 491 Ibi
1263 460 1393 492 occisus
1415 463 1469 492 est
1491 459 1535 492 ab
1551 459 1748 492 Alexandro
1765 460 1894 501 Clitus;

1193 510 1227 540 in
1243 510 1375 542 Graecis
1392 515 1443 542 est
1459 512 1602 551 Κλεῖτος,
1620 521 1810 552 quanquam
1824 511 1896 553 qui-

1193 559 1269 590 dam
1287 568 1348 599 per
1362 570 1382 601 y
1399 561 1563 592 scribunt.
1590 561 1681 592 Glar.

1235 609 1360 640 Amicos
1374 611 1407 641 in
1423 611 1594 642 convivium
1608 611 1711 651 vocat]
1728 611 1812 641 Mss.
1825 610 1895 643 mei

1192 659 1226 690 in
1241 670 1268 691 c.
1284 665 1445 692 convocat.-
1465 671 1573 702 neque
1590 662 1690 693 aliter
1708 671 1790 691 unus
1804 661 1897 692 Bon-

1194 711 1294 750 garsii
1309 722 1317 742 :
1353 720 1416 751 ego
1448 716 1558 742 tamen
1588 711 1672 741 nihil
1703 715 1810 749 muto,
1836 710 1894 751 qui

1193 760 1330 791 memini
1345 761 1540 792 sollemnem
1556 770 1629 792 esse
1656 761 1746 792 illam
1774 770 1894 792 vocem

1193 814 1229 840 et
1257 810 1464 850 praecipuam
1493 811 1665 842 conviviis.
1722 810 1893 841 Doctissi-

1193 870 1265 892 mus
1280 862 1453 892 Catullus:
1478 861 1488 878 ‘
1501 862 1571 892 Mei
1583 861 1711 892 sodales
1725 861 1894 892 Quaerunt

1194 910 1227 941 in
1245 911 1352 942 triviis
1375 910 1597 942 vocationes!
1640 911 1711 941 Cic.
1728 910 1828 941 Verr.
1845 918 1892 941 v1.

1191 962 1201 979 4
1221 962 1359 992 Deinde
1376 962 1487 1002 ipsum
1502 971 1613 1002 regem
1629 960 1672 991 ad
1689 970 1819 992 coenam
1835 969 1893 991 vo-

1192 1011 1306 1042 cavit.’
1349 1011 1450 1042 Unde
1471 1011 1480 1028 ‘
1504 1013 1706 1050 vocatores:
1730 1009 1891 1051 κλήτορες,

1192 1059 1276 1091 dicti
1292 1066 1379 1100 sunt,
1391 1061 1512 1102 quibus
1528 1061 1694 1092 invitandi
1708 1060 1823 1092 datum
1836 1064 1892 1092 est

1192 1110 1383 1150 negotium3
1410 1120 1436 1141 s.
1464 1110 1520 1150 qui
1545 1120 1608 1148 per
1634 1121 1669 1142 se
1696 1115 1821 1142 vocant
1847 1110 1892 1142 ad

1191 1169 1315 1191 coenas.
1352 1160 1483 1191 Plinius
1500 1161 1682 1190 avunculus
1699 1169 1819 1191 xxxv.
1837 1162 1891 1192 14.

1189 1210 1199 1227 4
1213 1209 1291 1240 Non
1306 1208 1417 1240 fuerat
1429 1210 1459 1240 ei
1475 1209 1605 1250 [Apelli
1618 1209 1715 1250 puta]
1733 1209 1842 1249 gratia
1855 1209 1890 1240 in

1189 1259 1354 1290 comitatu
1368 1259 1557 1290 Alexandri
1581 1269 1658 1290 cnm
1682 1259 1889 1291 Ptolemaeo:

1190 1318 1257 1349 quo
1279 1314 1456 1349 regnante,
1479 1309 1722 1340 Alexandriam
1747 1310 1779 1340 vi
1804 1314 1890 1340 tem-

1189 1358 1331 1398 pestatis
1356 1359 1529 1399 expulsus,
1558 1359 1740 1390 subornato
1767 1357 1889 1390 fraude

1189 1408 1386 1438 aemulorum
1413 1409 1514 1448 plano
1531 1408 1624 1448 regio
1647 1408 1822 1446 invitatus,
1845 1407 1889 1438 ad

1189 1458 1277 1497 regis
1307 1467 1436 1489 coenam
1474 1458 1588 1489 venit:
1624 1457 1888 1498 indignantique

1190 1508 1392 1546 Ptolemaeo,
1416 1512 1452 1539 et
1473 1512 1650 1539 vocatores
1674 1517 1751 1538 suos
1777 1512 1890 1539 osten-

1188 1557 1295 1597 denti,
1319 1563 1355 1589 nt
1371 1558 1502 1589 diceret
1518 1567 1537 1589 a
1555 1567 1620 1598 quo
1637 1567 1751 1588 eorum
1767 1557 1890 1588 invita-

1189 1613 1243 1640 tus
1256 1614 1357 1647 esset,
1369 1613 1505 1648 arrepto
1518 1608 1666 1639 carbone
1679 1607 1851 1639 exstincto
1867 1617 1887 1639 e

1187 1658 1312 1698 foculo,
1335 1659 1513 1699 imaginem
1531 1659 1563 1689 in
1582 1658 1715 1698 pariete
1740 1658 1885 1689 delinea-

1187 1709 1248 1747 vit,
1264 1713 1468 1749 agnoscente
1485 1709 1613 1740 vultum
1628 1708 1720 1749 plani
1735 1718 1829 1749 rege,
1845 1718 1888 1740 ex

1186 1759 1347 1789 inchoato
1374 1758 1550 1799 protinus.'
1573 1760 1661 1790 Mod.
1708 1759 1794 1791 Mss.
1812 1759 1888 1790 Μο-

1187 1809 1277 1839 diani
1307 1812 1467 1840 convocat.-
1505 1819 1618 1850 neque
1658 1809 1758 1840 aliter
1798 1818 1887 1840 unus

1186 1859 1375 1899 Bongarsii.
1420 1858 1558 1889 Modius
1574 1863 1685 1889 tamen
1708 1858 1790 1890 nihil
1817 1868 1887 1890 mu-

1186 1909 1279 1939 tand.
1305 1913 1432 1948 censet,
1454 1918 1529 1939 cum
1559 1909 1717 1939 solemnis
1754 1908 1798 1939 sit
1828 1908 1887 1938 illa

1184 1968 1249 1989 vox
1263 1963 1297 1990 et
1310 1959 1485 1999 praecipua
1496 1958 1670 1989 conviviis.
1703 1957 1776 1989 Cic.
1791 1958 1886 1990 Fam.

1185 2018 1236 2040 lx.
1259 2012 1313 2040 20.
1340 2011 1349 2027 ‘
1374 2010 1417 2040 Ut
1443 2009 1598 2040 Verrium
1626 2018 1744 2040 vocare
1760 2009 1885 2049 saepius

1185 2058 1393 2097 audeamusss
1413 2059 1445 2090 h.
1462 2068 1490 2090 e.
1512 2059 1554 2089 ad
1578 2069 1708 2089 coenam
1725 2059 1885 2091 invitare.

1185 2108 1308 2139 Catuli.
1324 2108 1423 2149 Epig.
1440 2111 1493 2139 48.
1526 2110 1535 2126 4
1553 2109 1625 2140 Mei
1641 2109 1795 2149 sodales,‘
1819 2113 1886 2145 διο.

1183 2158 1239 2189 Ita
1252 2158 1342 2190 Plin.
1359 2159 1403 2189 H.
1420 2159 1465 2190 N.
1483 2159 1689 2190 Ptolemaeus
1705 2169 1763 2190 rex
1780 2159 1885 2201 Apel-

1183 2208 1220 2247 li,
1244 2218 1263 2238 a
1279 2208 1381 2248 plano
1396 2208 1540 2249 quodam
1567 2218 1626 2249 per
1640 2209 1822 2241 ludibrium
1840 2211 1883 2242 ad

1184 2258 1313 2297 regiam
1339 2268 1470 2289 coenam
1496 2259 1654 2298 invitato,
1674 2260 1684 2277 4
1702 2265 1882 2293 vocatores

1183 2317 1258 2339 suos
1283 2308 1443 2348 ostendit,
1465 2313 1503 2339 ut
1529 2309 1670 2349 diceret,
1692 2319 1712 2340 a
1735 2320 1802 2350 quo
1829 2321 1884 2342 eo-

1183 2368 1256 2389 rum
1274 2358 1434 2389 invitatus
1450 2358 1564 2390 esset.’
1595 2360 1687 2390 Suet.
1703 2359 1810 2401 Calig.
1827 2363 1882 2393 39.

1183 2412 1214 2440 5.
1260 2409 1416 2440 Videnda
1442 2409 1615 2440 Guilielmi
1631 2410 1839 2442 Verisimilia
1855 2420 1881 2443 1.

1183 2461 1235 2490 18.
1252 2462 1287 2489 et
1300 2458 1447 2490 Plautin.
1459 2459 1650 2492 Quaestiou.
1665 2459 1697 2490 in
1710 2459 1882 2501 Amphitr.

1182 2510 1213 2540 8.
1235 2508 1336 2540 Bern.

1225 2558 1279 2598 §2
1303 2557 1461 2596 Praeferre
1482 2567 1515 2589 se
1537 2558 1638 2598 patri]
1663 2559 1716 2590 De
1733 2558 1881 2591 Alexan·

1181 2607 1416 2647 drijactantia
1433 2608 1524 2639 Plut.
1538 2611 1591 2639 40.
1615 2609 1666 2640 Id.

1224 2659 1241 2698 ς
1258 2660 1276 2688 3
1299 2658 1340 2688 Ut
1357 2659 1429 2697 telo,
1444 2658 1512 2698 εἷα]
1530 2658 1610 2689 Sen.
1627 2667 1684 2689 ιιι.
1703 2658 1744 2689 de
1758 2657 1814 2689 Ira
1827 2661 1880 2689 17.

1179 2708 1188 2726 ‘
1203 2707 1302 2739 Dabo
1319 2708 1381 2738 tibi
1398 2717 1440 2738 ex
1458 2707 1652 2738 Aristotelis
1674 2708 1746 2739 sinu
1763 2718 1880 2749 regem

1179 2757 1424 2798 Alexandrum,
1447 2758 1503 2798 qui
1520 2757 1646 2789 Clitum
1671 2758 1878 2789 carissimum

1178 2808 1241 2840 sibi
1268 2813 1303 2839 et
1330 2818 1395 2839 una
1430 2808 1608 2839 educatum
1638 2809 1730 2840 inter
1760 2809 1878 2849 epulan

1179 2857 1376 2900 transfodit,
1400 2863 1435 2890 et
1455 2867 1556 2890 manu
1572 2859 1707 2901 quidem
1723 2869 1796 2901 sua,
1818 2868 1878 2900 pa-
