2101 3419
423 370 591 411 cxxxiv

425 478 539 516 templa
562 485 705 507 exornare
735 475 817 511 xxiv,
834 478 864 510 3,
881 479 901 507 4
939 476 1121 517 templorum

426 525 563 559 raptores
584 519 648 553 viii,
666 521 696 553 2,
711 521 731 548 9
755 518 906 548 antistites
930 518 1009 555 xxiv,
1023 522 1054 555 8,
1071 522 1090 550 3

467 561 602 600 Tempus
617 560 749 589 otiosum
764 560 856 590 alicui
880 561 1051 601 relinquere
1079 561 1123 597 iii,

426 607 458 638 6,
476 607 515 634 10
539 603 578 632 ad
594 608 713 642 tempus
731 603 778 643 (h.
792 613 820 632 e.
836 603 867 632 in
883 603 1034 644 praesens)
1063 603 1124 639 xiv,

425 649 456 681 2,
470 649 488 676 5
528 650 664 685 tempore
678 644 840 685 interjecto
856 645 943 685 (vide
955 645 1000 686 Ι.)
1023 646 1124 675 medio

426 688 515 726 (vide
531 688 599 723 M.)
635 687 668 717 in
687 688 745 717 hoc
768 693 903 728 ternpore
921 688 993 728 (pro
1013 688 1124 727 nunc),

428 730 519 760 Praef.
532 733 552 760 6
568 730 669 760 Vorst.
684 735 803 770 tempus
817 741 879 759 non
891 735 938 760 est
950 732 989 761 ad
1006 735 1126 761 contra-

427 773 531 803 henda
541 773 653 802 auxilia
667 772 730 809 viii,
739 776 770 809 5,
782 776 802 804 2
820 773 901 803 brevi
910 780 980 814 post
991 777 1127 814 tempore

429 816 471 851 iv,
487 817 521 851 4,
536 816 557 845 4

471 857 610 887 Tendere
626 856 752 886 insidias
767 856 859 887 alicui
881 857 956 893 xliii,
971 859 1005 892 4,
1022 860 1063 888 10

471 900 589 930 Tenere
604 899 676 940 (pro
692 899 865 940 possidere)
889 899 921 936 ii,
935 904 968 936 6,
985 902 1036 930 14.
1051 899 1127 935 ii,9,

430 946 462 974 2.
487 952 536 978 xv,
554 944 584 978 1,
597 946 627 973 5.
650 942 753 977 xxviii,
769 945 800 978 2,
817 945 836 973 8
860 942 991 982 palmam
1021 941 1130 971 amiei-

433 985 483 1014 tiae
513 984 603 1023 regiae
633 985 708 1024 (hoc
732 990 789 1020 est,
813 984 980 1024 principem
1009 983 1129 1023 locum)

432 1027 484 1062 xii,
500 1031 531 1063 6,
549 1030 567 1057 3
606 1031 691 1056 tenet
718 1027 870 1056 miseratio
899 1026 1022 1057 alterius
1052 1027 1129 1067 (hoc

433 1075 489 1105 est,
508 1070 650 1099 misereor
665 1068 780 1108 ipsius)
803 1068 856 1105 vii,
870 1071 901 1103 2,
926 1072 964 1100 11
992 1068 1129 1098 Freinsh.

432 1112 528 1141 teneri
543 1111 634 1140 nullis
649 1111 765 1151 legibus
781 1111 802 1146 i,
816 1114 845 1146 l,
864 1114 884 1142 2
900 1116 1002 1142 tenere
1017 1121 1131 1141 morem

434 1154 526 1184 vestis
542 1153 653 1184 exinde
676 1154 697 1188 i,
713 1156 744 1188 2,
761 1156 779 1184 3
804 1153 964 1193 imperium
981 1158 1027 1183 tot
1043 1153 1131 1183 annis

433 1197 455 1232 i,
472 1200 503 1232 2,
521 1199 559 1226 13
584 1195 679 1226 teneri
695 1195 776 1225 bello
792 1196 864 1236 (pro
880 1196 1022 1231 detineri,
1037 1206 1131 1226 occu-

435 1243 539 1279 patum
566 1238 649 1276 esse)
683 1238 715 1273 ii,
743 1242 774 1272 5,
801 1241 820 1269 2
857 1238 954 1268 teneri
982 1238 1131 1278 religione

435 1280 591 1321 quatridui
613 1280 645 1315 ii,
659 1282 722 1315 9,9
747 1286 849 1310 tenere
876 1290 1023 1311 cacumen
1044 1290 1132 1310 mon-

436 1325 474 1353 tis
498 1323 532 1359 ii,
549 1326 600 1357 ll,
616 1327 634 1352 5
658 1332 727 1362 quae
744 1333 798 1352 vos
812 1323 967 1353 dementia
982 1328 1066 1353 tenet
1097 1321 1131 1358 ii,

439 1369 490 1401 12,
507 1369 525 1397 3
549 1364 647 1395 teneri
672 1365 779 1395 decem
803 1366 890 1395 annis
915 1366 947 1395 in
972 1365 1132 1396 obsidione

438 1408 520 1438 urbis
535 1409 607 1448 (pro
623 1407 770 1447 detineri)
793 1408 836 1444 iii,
851 1410 883 1444 4,
899 1411 917 1439 3
951 1408 1047 1439 teneri
1069 1417 1134 1437 non

439 1450 539 1490 potuit
554 1450 629 1490 quin
643 1448 714 1490 (pro
737 1455 839 1481 tenere
865 1461 897 1480 se
923 1461 987 1481 non
1014 1449 1133 1491 potuit)

437 1493 477 1526 vi.
494 1496 526 1528 7,
543 1496 583 1524 10
622 1493 715 1522 teneri
747 1494 970 1523 consuetudine
1000 1493 1134 1523 mulieris

437 1535 489 1570 xii,
504 1538 536 1570 4,
552 1538 572 1566 2
599 1539 683 1564 tenet
698 1534 808 1575 aliquis
824 1546 936 1565 nornen
950 1535 1041 1576 regis,
1058 1535 1134 1565 alius

438 1577 600 1618 imperium
622 1577 685 1613 xiii,
699 1580 730 1613 2,
749 1581 787 1608 ll
812 1582 915 1608 tenere
931 1588 1058 1618 regnum
1073 1577 1134 1613 xvi,

440 1623 471 1655 1,
489 1623 527 1651 17
551 1620 654 1650 orbem
665 1624 808 1650 terrarum
831 1620 903 1655 xvii,
921 1623 951 1658 1,
968 1624 1008 1652 12
1038 1619 1135 1650 teneri

440 1663 576 1692 clausum
602 1662 632 1691 in
649 1662 729 1702 regia
746 1662 818 1702 (pro
834 1668 936 1693 tenere
959 1663 1007 1704 fle)
1030 1662 1133 1698 xxviii,

439 1708 472 1741 3,
489 1707 526 1735 ll
552 1705 655 1734 Vorst.
678 1710 781 1735 tencre
794 1715 894 1745 regern
910 1705 1087 1736 devinctum
1099 1705 1135 1734 il·

442 1747 569 1777 let-chris
584 1747 712 1787 gemina:
728 1747 841 1778 sobolis
870 1759 937 1784 xxx,
954 1751 986 1784 2,
1000 1750 1019 1780 3
1051 1751 1137 1777 tenet

441 1790 573 1829 aliquem
596 1790 780 1829 inexplebile
803 1790 988 1821 desiderium
1010 1788 1136 1820 videndi

442 1833 524 1867 xxxi,
540 1836 571 1867 8,
587 1835 606 1862 4
623 1837 706 1862 tenet
721 1843 766 1862 res
778 1832 910 1873 aliquem
923 1833 1046 1862 anxium
1060 1831 1137 1867 xliii,

442 1879 473 1910 2,
491 1878 530 1905 10
552 1885 591 1904 ne
607 1874 696 1904 unius
713 1875 793 1904 urbis
807 1876 1035 1916 expugnatione
1051 1879 1134 1905 teue-

441 1922 523 1947 retur
535 1917 684 1947 exercitus
707 1918 747 1952 ix,
767 1921 795 1952 l,
811 1921 830 1948 7

485 1960 615 1989 Tentare
639 1960 797 1998 imperium
821 1959 895 2000 (hoc
911 1964 967 1994 est,
983 1963 1017 1989 ut
1030 1958 1136 1988 Florus

441 2001 474 2036 ii,
492 2004 541 2036 17,
554 2005 584 2032 4.
602 2001 688 2036 dicit,
702 2006 709 2018 ¹
723 2002 926 2042 experiri’)iv‚
939 2005 970 2036 2,
984 2000 1063 2038 6.iv,
1076 2004 1134 2036 3‚5

444 2044 579 2074 Freinsh.
604 2049 719 2073 tentare
735 2044 886 2073 fortunam
909 2044 970 2080 xxi,
987 2046 1018 2078 2,
1031 2047 1052 2074 6
1080 2043 1136 2072 ali—

443 2096 535 2126 quem
552 2086 668 2115 insidiis
697 2086 818 2120 xxxviii,
835 2090 885 2121 10,
899 2089 919 2116 7
940 2086 971 2115 in
988 2086 1135 2116 ultionem

443 2128 552 2158 tentati
568 2129 605 2157 ab
622 2128 775 2158 Antiocho
791 2129 874 2168 regni
890 2128 954 2164 xlii,
971 2131 1001 2163 1,
1018 2131 1035 2159 1

486 2171 600 2200 'sennis
616 2176 689 2200 terra
714 2171 753 2205 iv,
772 2174 801 2206 1,
817 2174 837 2201 2
869 2170 984 2200 corium
999 2170 1031 2199 in
1047 2174 1135 2200 tenu-

444 2212 561 2243 issimas
576 2218 676 2253 partes
691 2222 792 2242 secare
814 2213 897 2249 xviii,
914 2217 944 2247 5,
960 2216 980 2242 9

486 2255 589 2285 Tenus
603 2266 610 2285 :
626 2255 702 2286 coelo
720 2260 807 2285 tenus
823 2255 897 2296 quid
912 2254 1057 2286 extollere
1085 2253 1138 2289 xii,

445 2301 477 2334 6,
493 2301 512 2328 2

486 2340 623 2379 Tepidus
638 2338 691 2369 a'er
714 2339 814 2375 xxxvi,
831 2341 862 2372 3.
878 2343 897 2370 5

486 2382 731 2422 'l'crgiversantes
747 2383 855 2412 milites
870 2383 949 2412 ferro
965 2381 997 2412 in
1019 2382 1139 2412 hostem

448 2425 509 2455 acti
534 2425 555 2459 i,
572 2427 603 2460 6,
621 2428 660 2455 10

487 2467 585 2507 'sergo
602 2468 733 2508 aliquem
749 2466 891 2507 excipere
914 2478 963 2503 xv,
980 2468 1012 2502 4,
1031 2469 1072 2497 19
1100 2466 1140 2496 de

446 2516 531 2550 tergo
556 2521 604 2546 xx,
621 2514 652 2545 5,
668 2514 686 2539 5
712 2520 726 2538 a
743 2515 828 2549 tergo
863 2510 884 2544 i,
900 2512 931 2545 6,
949 2512 998 2541 10.
1021 2509 1056 2545 ii,
1071 2511 1103 2544 2,
1122 2511 1139 2539 1

446 2559 531 2591 terga
552 2553 624 2582 dare
647 2553 722 2592 (hoc
747 2557 803 2587 est,
827 2551 950 2593 fugere)
974 2552 1028 2587 xii,
1051 2554 1081 2587 1,
1102 2553 1142 2581 10

446 2595 582 2624 Freinsh.
598 2600 711 2624 vertere
738 2594 778 2628 xi,
794 2597 825 2629 6,
846 2597 881 2625 ll

487 2637 654 2666 'l‘crminari
676 2636 829 2666 oblivione
857 2637 934 2675 (hoc
957 2640 1015 2671 est,
1046 2634 1142 2675 perire

447 2680 618 2719 oblivione)
640 2679 712 2714 xxii,
740 2683 772 2714 5,
792 2682 830 2709 12
848 2678 984 2708 Freinsh.
1001 2678 1143 2707 termina-

447 2728 495 2751 tur
507 2723 589 2762 apud
607 2723 686 2751 hunc
702 2732 759 2751 nce
775 2721 940 2761 cupiditas,
953 2730 1010 2750 nec
1021 2720 1145 2750 fortuna

451 2764 513 2793 ullo
531 2765 622 2793 modo
646 2764 705 2799 xxi,
722 2768 753 2799 6,
768 2766 788 2793 4

489 2807 623 2836 Termini
639 2807 722 2846 regni
745 2807 766 2841 i,
778 2808 809 2839 2,
824 2808 843 2836 S
867 2805 898 2835 in
914 2803 1048 2835 terminis
1063 2803 1145 2835 Asti-

450 2860 492 2879 cm
509 2855 539 2878 ct
566 2850 699 2889 AEgypti
722 2849 847 2879 condita
873 2847 1060 2878 Alexandria
1083 2848 1143 2883 xxi,

452 2896 482 2926 6,
501 2894 518 2921 3

493 2933 583 2963 Terra
600 2934 723 2965 obrucre
742 2937 874 2963 mortuos
888 2942 957 2963 suos
974 2931 1054 2962 soliti
1070 2932 1144 2963 Car-

1071 379 1229 411 lNDEX

1174 475 1380 516 thaginienses
1402 475 1462 512 xix,
1480 477 1510 512 1,
1525 478 1562 507 ll
1589 480 1674 506 terrae
1684 486 1789 507 aurum
1800 488 1864 509 cre⁹

1173 520 1245 549 dere
1277 518 1359 553 xviii,
1374 521 1406 554 4,
1422 521 1442 549 6
1465 518 1544 548 orbis
1571 524 1713 549 terrarum
1749 519 1812 556 viii,
1832 524 1866 557 4,

1173 564 1204 591 7.
1228 560 1270 595 xi,
1286 563 1338 596 14,
1354 563 1393 591 10
1415 562 1511 590 amnis
1535 561 1591 590 sub
1616 566 1707 591 terras
1723 563 1867 603 mergitur

1173 603 1238 637 xlii,
1252 605 1284 641 3,
1301 605 1321 633 9
1343 607 1434 632 terras
1449 613 1589 633 exercere
1616 602 1692 640 xliii,
1707 607 1738 639 3,
1753 608 1772 635 5

1212 644 1312 675 Terrae
1325 649 1424 675 motus
1434 645 1466 674 in
1477 645 1551 675 Asia
1572 655 1642 681 xn,
1657 648 1688 681 4,
1703 649 1720 677 l
1745 646 1777 676 in
1791 645 1867 676 Hel..

1174 688 1316 727 lesponto
1342 692 1374 723 et
1399 687 1590 718 Chersoneso
1618 687 1691 724 xvii,
1705 691 1735 725 l,
1752 691 1770 719 1
1793 688 1870 718 Del-

1175 730 1244 770 phis
1267 729 1351 765 xxiv,
1377 732 1408 765 S,
1424 732 1445 760 9
1467 729 1499 759 in
1514 730 1639 770 Europa
1660 741 1730 766 xxx,
1745 733 1777 766 4,
1793 734 1810 761 1
1834 731 1868 760 in

1174 772 1335 802 Phoenicia
1356 771 1439 808 xviii,
1455 774 1486 808 3,
1502 775 1521 803 3
1546 772 1577 801 in
1589 771 1679 813 Syria
1699 772 1743 808 xl,
1758 775 1790 807 2,
1806 775 1824 803 1

1217 814 1348 845 Terrena
1359 815 1458 855 spolia
1470 815 1546 856 (hoc
1559 819 1616 850 est,
1629 825 1666 844 ex
1677 813 1868 845 hominibus:

1177 862 1375 897 opponuntur
1386 862 1489 888 autem
1501 856 1613 888 divinis
1622 861 1654 887 et
1666 857 1774 898 sacris)
1789 857 1870 894 xxiv,

1176 902 1209 936 6,
1223 902 1243 930 4
1266 899 1403 929 Freinsh.

1218 941 1340 971 Terrere
1366 941 1476 971 milites
1509 940 1570 976 xiv,
1588 943 1619 977 1,
1633 944 1653 972 2
1676 941 1795 972 hostem
1817 940 1870 977 xii,

1177 986 1209 1018 8,
1226 986 1267 1014 16
1289 982 1409 1014 territus
1425 981 1514 1013 minis
1542 983 1652 1019 xxxvii,
1675 987 1707 1019 4,
1724 986 1745 1015 6
1767 984 1871 1024 prodi-

1177 1025 1228 1066 gio
1262 1037 1331 1062 xxx,
1357 1029 1390 1062 4,
1415 1028 1435 1056 4
1469 1025 1648 1056 crudelitate
1677 1025 1780 1062 xxxix,
1801 1028 1834 1062 4,
1850 1028 1870 1057 3

1178 1069 1236 1098 hac
1251 1067 1486 1098 denuntiatione
1503 1068 1599 1098 territi
1620 1078 1650 1104 V,
1665 1071 1696 1104 3,
1710 1071 1729 1099 8

1220 1110 1381 1140 Terrestris
1395 1110 1518 1150 spiritus
1541 1109 1612 1146 xliv,
1624 1113 1655 1146 l,
1669 1113 1710 1142 10
1733 1114 1872 1140 terrestre

1178 1152 1294 1183 bellum
1315 1153 1357 1189 iv,
1383 1155 1416 1189 4,
1433 1155 1484 1183 10.
1518 1163 1548 1188 V,
1575 1155 1607 1188 4,
1623 1155 1655 1184 7.
1688 1152 1770 1188 xxxi,
1793 1155 1826 1189 7,
1841 1155 1873 1183 3.

1179 1195 1272 1230 xxxii,
1299 1198 1331 1231 4,
1347 1198 1368 1226 6
1404 1194 1543 1235 praelium
1576 1194 1618 1232 iv,
1645 1199 1678 1232 5,
1690 1198 1711 1226 2
1733 1195 1790 1225 iter
1818 1194 1872 1231 xii,

1182 1241 1234 1274 10,
1248 1240 1267 1268 7

1222 1278 1377 1310 Terribilis
1389 1278 1526 1309 finitimis
1548 1278 1632 1316 xxiii,
1650 1281 1680 1315 1,
1691 1281 1733 1311 16
1755 1278 1873 1309 terribi-

1181 1323 1217 1353 lis
1232 1321 1372 1352 introitus
1395 1321 1428 1357 ii,
1446 1325 1497 1358 ll,
1514 1325 1530 1352 l
1554 1322 1702 1353 violentia
1723 1321 1817 1358 xxxii,
1841 1323 1874 1358 1,

1182 1368 1201 1397 3
1225 1364 1384 1394 terribilior
1405 1363 1458 1399 xii,
1473 1367 1505 1400 6,
1522 1366 1561 1395 13

1223 1407 1330 1437 Terror
1366 1406 1498 1436 nominis
1526 1405 1694 1436 Alexandri
1723 1405 1875 1436 invaserat

1183 1450 1357 1480 universum
1372 1450 1475 1479 orbem
1498 1448 1550 1484 xii,
1567 1451 1621 1486 13,
1635 1451 1656 1479 2
1679 1452 1772 1479 terror
1798 1447 1875 1478 Gal·

1183 1493 1234 1523 lici
1261 1492 1392 1521 nominis
1418 1491 1498 1526 xxiV,
1514 1494 1546 1526 4,
1561 1494 1580 1522 7
1610 1495 1722 1521 terrore
1743 1490 1876 1520 nominis

1183 1535 1230 1565 sui
1245 1535 1358 1575 plures,
1379 1544 1469 1574 quam
1486 1533 1575 1563 armis
1589 1533 1685 1563 vincit
1699 1532 1877 1563 Alexander

1184 1578 1225 1614 xi,
1241 1580 1273 1612 6,
1290 1579 1328 1607 15
1354 1582 1447 1607 terror
1457 1576 1594 1616 gentium
1610 1575 1725 1606 Xerxes
1748 1575 1791 1612 iii,
1808 1577 1839 1611 1,
1855 1577 1873 1605 l

1225 1619 1328 1649 Tertia
1352 1629 1421 1660 pars
1444 1619 1525 1650 orbis
1556 1618 1597 1654 xi,
1625 1620 1733 1655 10,13
1770 1616 1878 1648 mundi

1183 1673 1255 1698 xxx,
1269 1664 1301 1698 4,
1316 1664 1337 1692 9

1226 1704 1360 1734 Tesserae
1386 1703 1461 1746 (hoc
1483 1707 1541 1739 est,
1557 1702 1707 1744 symboli)
1729 1702 1773 1740 iii,
1788 1705 1821 1739 5,
1837 1704 1877 1734 10

1185 1746 1322 1778 Freinsh-

1228 1789 1322 1819 Testa
1344 1788 1397 1824 xii,
1409 1790 1462 1823 14,
1477 1790 1496 1818 7

1227 1831 1345 1862 Testari
1360 1831 1433 1872 (pro
1447 1830 1606 1866 affirmare,
1623 1829 1811 1870 asseverare)
1825 1828 1879 1865 xii,

1186 1877 1238 1910 13,
1255 1877 1273 1905 3
1297 1873 1433 1904 Freinsh.
1461 1872 1564 1903 testari
1579 1872 1665 1903 Deos
1679 1872 1879 1913 hominesque

1186 1915 1271 1953 xviii,
1287 1919 1318 1952 7,
1336 1920 1354 1947 5

1226 1958 1456 1989 Testamentum
1471 1955 1559 1987 Darii
1573 1955 1707 1997 (Nothi)
1719 1956 1878 1987 Persarum

1183 2000 1262 2040 regis
1285 2012 1313 2036 V,
1331 2003 1383 2036 11,
1398 2003 1417 2031 2
1442 2004 1623 2029 testamento
1650 2009 1775 2039 regnum
1791 2008 1880 2028 suum

1183 2042 1334 2072 Romanis
1361 2043 1457 2072 donat
1480 2040 1605 2070 Attalus
1632 2041 1735 2077 xxxvi,
1749 2042 1813 2076 4,6
1848 2044 1881 2070 et

1183 2084 1368 2115 Ptolemaeus
1376 2083 1422 2126 (A
1426 2083 1709 2125 pion)Cyrenarum
1715 2093 1766 2113 rex
1777 2081 1879 2119 xxxix,

1182 2130 1214 2163 6,
1231 2130 1251 2158 2

1225 2169 1348 2199 Testis:
1378 2172 1413 2198 ut
1438 2167 1580 2209 majestas
1608 2165 1777 2197 Alexandri
1795 2165 1881 2196 testis

1183 2211 1373 2243 decretorum
1411 2211 1475 2246 xiii,
1499 2213 1530 2247 4,
1547 2213 1566 2242 4
1599 2214 1691 2240 testes
1717 2209 1881 2238 subornare

1185 2254 1278 2289 xxxii,
1303 2256 1335 2289 2,
1357 2255 1378 2284 9
1412 2258 1504 2283 testes
1530 2252 1711 2293 iudicesque
1740 2255 1881 2292 torquere

1186 2296 1279 2332 xxxii,
1295 2298 1328 2332 3,
1341 2298 1361 2326 2

1228 2336 1450 2369 Testimonium
1480 2336 1638 2367 industriae
1666 2335 1778 2366 habere
1799 2334 1882 2375 apud

1187 2386 1335 2423 posteros,
1352 2379 1444 2410 Praef.
1467 2382 1498 2410 6.
1521 2378 1696 2410 testimonio
1711 2377 1882 2410 civitatium

1188 2423 1451 2463 hostisjudicatus
1477 2421 1510 2457 ii,
1530 2424 1580 2457 14,
1598 2424 1636 2453 11

1231 2466 1349 2496 Teucer
1362 2464 1537 2494 Telamonis
1552 2464 1632 2494 filius
1653 2462 1725 2498 xliv,
1741 2464 1772 2498 3,
1787 2464 1808 2493 2

1231 2508 1356 2539 Texena
1369 2506 1550 2547 Agathoclis
1566 2516 1652 2541 uxor,
1667 2504 1796 2546 ejusque
1812 2513 1883 2544 erga

1190 2551 1330 2581 maritum
1346 2549 1421 2580 fides
1436 2554 1467 2579 et
1482 2549 1581 2590 pietas
1595 2548 1678 2584 xxiii,
1691 2551 1724 2584 2,
1734 2551 1755 2578 6
1777 2551 1809 2578 et
1820 2556 1884 2586 seq.

1232 2592 1397 2623 Thalestris
1427 2591 1534 2621 ultima
1560 2590 1754 2621 Amazonum
1779 2588 1885 2630 regina

1191 2636 1231 2667 ad
1249 2635 1452 2666 Alexandrum
1476 2634 1569 2675 prolis
1593 2633 1765 2674 quaerendae
1793 2640 1885 2662 causa

1192 2677 1394 2719 proficiscitur
1420 2677 1453 2712 ii,
1469 2679 1501 2712 4,
1518 2679 1570 2707 33.
1592 2676 1644 2712 xii,
1660 2678 1692 2711 3,
1707 2678 1738 2706 5.
1753 2674 1883 2711 xlii‚3‚⁷

1234 2720 1334 2750 Thara
1349 2719 1530 2750 Parthorum
1547 2718 1632 2749 vicus
1654 2717 1696 2753 xi,
1712 2720 1765 2752 15,
1782 2719 1800 2748 1

1234 2762 1398 2793 Theatrum
1412 2773 1419 2791 :
1455 2760 1555 2791 media
1582 2770 1674 2800 rupes
1699 2760 1732 2789 in
1759 2759 1884 2789 sormam

1194 2804 1304 2835 theatri
1330 2804 1453 2835 recessit
1475 2804 1554 2838 xxiv,
1569 2807 1601 2839 6,
1618 2806 1638 2834 Β
1662 2803 1780 2832 theatra
1804 2800 1884 2832 cele-

1195 2848 1279 2877 brare
1301 2847 1341 2882 vi,
1357 2850 1389 2882 9,
1404 2849 1423 2878 4
1449 2846 1596 2886 populum
1623 2845 1655 2874 in
1681 2846 1830 2875 theatrum
1846 2841 1884 2872 ad

1194 2890 1375 2921 concionem
1397 2888 1497 2919 vocari
1519 2888 1610 2928 jubet
1634 2887 1703 2923 xxii,
1718 2890 1751 2922 2,
1765 2889 1805 2917 10
1827 2885 1884 2915 du·

1195 2943 1261 2964 cere
1278 2931 1409 2973 aliquem
1426 2931 1456 2961 in
1472 2931 1622 2961 theatrum
1639 2929 1728 2965 xxxii,
1747 2931 1776 2965 l,
1792 2931 1811 2959 8
