2174 3424
612 366 807 398 JUSTINI
842 367 936 397 mn.
969 367 1039 397 xi.
1073 368 1176 398 cmv.
1207 359 1248 398 4.

197 462 289 493 vocis
301 465 425 501 gentem
442 458 607 492 accidisse
624 458 842 498 contrarium,
857 462 892 489 et

197 511 353 542 absumta
366 520 440 541 esse
452 520 512 550 per
521 520 541 540 n
554 508 772 549 subsequens.
787 508 891 546 Schef.

195 561 295 601 Angl.
311 561 349 591 ab
363 561 417 591 AE.
451 559 596 591 Videtur
618 560 698 590 lect.
723 559 794 589 haec
806 568 891 599 prae-

193 610 336 642 ferenda
353 610 510 649 vulgatae.
555 609 642 640 Nam
652 610 841 640 necessitudo
852 609 890 640 ab

195 662 297 701 aliqua
309 663 402 698 gente
417 659 622 699 intelligitur
636 669 688 699 ea,
703 669 776 701 quae
793 659 834 690 ab
850 669 891 690 ea

194 715 295 752 gente
312 710 430 748 oritur,
445 709 533 751 qnod
550 710 621 740 vult
636 710 775 741 Noster.
812 709 890 740 Non

194 760 242 791 sic
273 760 461 790 necessitudo
496 758 551 789 sub
578 761 683 797 gente.
741 758 891 788 Possunt

191 809 279 841 enim
293 808 556 840 necessitudines
568 809 656 839 inter
665 817 700 838 se
709 807 890 848 plurimum

192 861 337 891 existere
365 860 468 890 etiam
492 859 554 890 sub
577 864 678 900 gente
702 859 890 898 peregrina.

192 911 248 942 Ita
262 910 299 941 ab
315 909 457 940 adhaesit
480 909 598 940 littera
619 918 634 939 s
651 919 670 940 a
684 918 767 940 voce
783 917 890 949 praec.

192 960 249 992 Ita
264 965 378 990 natum
391 959 456 991 sub.
478 957 593 989 Schef.

233 1011 250 1051 ς
266 1013 286 1041 2
311 1010 463 1049 Exemplo
477 1008 594 1049 patris]
617 1007 700 1048 Sup.
714 1015 796 1038 vul.
811 1009 842 1039 2.
858 1009 888 1038 1.

192 1060 293 1092 Rern.

237 1109 254 1148 ξ
275 1112 295 1140 4
327 1108 561 1148 Pueritiamque
594 1106 771 1138 Alexandri
805 1116 889 1146 spre-

191 1157 272 1197 tam]
307 1158 486 1190 Demosth.
516 1156 750 1188 Alexandrum
785 1157 794 1173 ‘
808 1165 890 1196 pue-

190 1217 265 1238 rum
283 1212 319 1239 et
334 1207 523 1249 margiten‚'
538 1208 570 1239 h.
592 1217 621 1239 e.
637 1206 779 1246 fatuum,
801 1206 889 1237 iner-

191 1261 272 1294 tem,
305 1258 461 1289 vocabat.
506 1258 601 1289 Plut.
639 1257 673 1287 in
709 1256 888 1288 Demosth.

191 1317 266 1349 cap.
281 1311 332 1340 32.
349 1313 384 1340 et
400 1307 569 1339 Alexand.
585 1317 659 1346 cap.
672 1310 723 1338 19.
740 1307 790 1339 Id.

233 1358 251 1398 ξ)
273 1361 293 1389 7
325 1358 393 1389 Nec
421 1356 647 1398 deprecatione]
683 1356 889 1398 Anglicanus

191 1407 266 1439 haec
281 1408 418 1439 omittit.
444 1407 550 1446 Schef.

234 1459 252 1498 ᾧ
277 1461 297 1488 8
320 1457 418 1498 Socii]
439 1458 540 1489 Diod.
555 1466 646 1489 XVII.
662 1460 713 1489 14.
738 1455 890 1497 Σύνεδροι.

191 1508 298 1547 Bong.

234 1560 251 1599 ξ
276 1561 315 1590 10
341 1558 469 1598 Odium]
493 1558 581 1590 Sich.
596 1559 664 1589 odio
675 1557 800 1589 mallet.
823 1557 889 1589 Sed

191 1608 275 1639 illud
292 1614 422 1639 rectum
449 1613 522 1639 est:
551 1609 639 1639 sicut
654 1612 760 1639 contr.
776 1609 785 1624 ‘
796 1616 889 1638 amor

191 1657 406 1698 deliciaeque'
434 1667 495 1698 pro
520 1657 651 1688 homine
667 1661 789 1688 amato.
833 1656 889 1687 Ita

189 1708 352 1739 formosas
385 1708 394 1724 ‘
408 1707 540 1739 dolores
577 1708 766 1738 oculorum'
801 1707 889 1738 dixit

191 1759 400 1799 Alexander,
429 1759 523 1790 Plut.
550 1759 582 1789 in
604 1758 676 1798 ejus
691 1759 763 1790 Vit.
780 1769 810 1790 c.
833 1761 886 1789 36.

190 1809 287 1840 Uxor
316 1811 325 1826 ⁴
339 1809 545 1840 desiderium
577 1809 768 1840 oculorum'
800 1811 886 1841 Eze-

191 1860 288 1898 chIel‚
304 1869 407 1892 xxm.
426 1863 476 1892 16.
500 1861 599 1891 Rern.

232 1911 441 1949 Jurejurando
456 1920 487 1941 se
502 1910 735 1949 obstrinxerint,
757 1912 804 1949 ut,
819 1910 887 1950 cisa]

188 1959 269 1999 Pro,
283 1960 380 1990 victis
394 1959 509 1991 Persis
521 1959 654 1990 Thebas
665 1969 700 1990 se
714 1959 885 1990 diruturos

189 2019 275 2041 esse.
312 2010 415 2050 Cujus
432 2010 562 2050 generis
578 2010 675 2050 plura
688 2009 731 2040 ad
748 2019 780 2041 v.
807 2012 837 2041 3.
854 2012 885 2042 3.

189 2065 224 2091 et
241 2069 291 2092 tx.
308 2063 340 2091 2.
359 2063 408 2091 12.
426 2059 623 2091 notavimus.
652 2059 727 2091 Vor.

232 2112 320 2143 CAP.
337 2120 386 2142 lv.
420 2112 436 2151 ξ
453 2114 469 2142 1
489 2111 634 2151 Cleadas]
658 2111 760 2142 Liber
775 2109 885 2142 ἀνώνυ-

187 2174 244 2201 μος
258 2162 300 2193 de
316 2162 396 2192 Vita
416 2161 614 2201 Alexandri,
629 2170 728 2202 quem
747 2160 826 2191 mihi
841 2170 884 2191 ex

186 2212 394 2244 bibliotheca
424 2212 549 2252 reginae
579 2211 694 2242 matus
721 2211 884 2242 utendum

188 2261 286 2293 dedit
315 2261 453 2293 doctiss.
487 2261 541 2291 Fr.
574 2260 741 2300 Pithoeus,
777 2259 885 2292 refert

187 2312 366 2343 Ismeniam
382 2310 505 2352 quend.
519 2310 731 2349 Thebanum,
753 2312 810 2347 τῆς
833 2311 885 2342 αὐ-

189 2361 369 2400 λομελοδίας
386 2360 524 2401 ἔμπειρον
545 2359 697 2401 ἄνθρωπον
717 2360 769 2392 καὶ
789 2361 886 2401 σοφὸν

188 2415 230 2455 τῇ
249 2413 352 2455 γνώμῃ
371 2411 581 2452 τυγχάνοντα,
604 2413 636 2443 in
652 2414 884 2445 Thebanorum

186 2465 328 2505 gratiam
340 2474 394 2505 ap.
407 2463 636 2495 Alexandrum
649 2463 786 2495 dixisse.
801 2465 885 2496 Bon-

184 2524 270 2554 gars.
291 2515 388 2547 Junt.
407 2513 548 2544 Eleadas.
577 2513 693 2544 Graev.

231 2567 304 2597 Non
326 2576 345 2597 a
368 2575 441 2605 rege
462 2575 494 2596 se
515 2563 676 2604 defecisse]
699 2565 782 2606 Leg.
804 2565 886 2604 defe-

185 2616 261 2648 cisse
276 2615 345 2655 SE,
367 2625 465 2656 quem,
484 2617 537 2656 ᾅ-ο.
562 2615 685 2646 Faber.
731 2615 828 2646 Istud
852 2626 884 2647 se

185 2665 219 2697 in
229 2669 260 2697 4.
273 2666 373 2697 codd.
385 2667 590 2696 invenerunt
603 2664 737 2696 Oxonn.
750 2667 883 2697 merito-

188 2725 253 2756 que
269 2715 431 2755 probante
448 2713 560 2746 Schef.
575 2720 811 2756 reposuerunt,
826 2716 882 2747 ad-

188 2764 377 2805 stipulante
393 2764 488 2796 Junt.
515 2764 624 2794 Groev.

233 2814 287 2853 §2
316 2813 533 2852 Credulitatis]
569 2813 678 2846 ‘Quae
708 2823 804 2845 error
830 2820 882 2846 est

188 2863 308 2904 magis,
337 2873 435 2905 quam
468 2863 588 2904 culpa;
623 2868 657 2894 et
684 2864 816 2905 quidem
848 2865 881 2895 in

1558 358 1641 399 779

942 458 1062 499 optimi
1078 459 1239 500 cujusque
1256 464 1403 491 mentem
1423 458 1580 491 facillime
1597 460 1640 490 ir-

941 509 1033 548 repit
1046 507 1067 539 :’
1091 509 1211 540 Plane.
1240 509 1281 539 ad
1309 510 1381 540 Cic.
1411 510 1504 540 Fam.
1528 519 1564 540 x.
1586 512 1639 540 23.

941 558 1020 589 Vid.
1036 563 1070 589 et
1086 558 1206 599 Polyb.
1223 568 1301 590 v111.
1318 563 1348 591 2.
1372 560 1467 590 Ber-n.

985 609 1002 648 ξ
1029 610 1047 638 3
1084 608 1127 639 Ut
1150 608 1230 638 nihil
1258 609 1395 639 amarius
1416 620 1558 649 umquam
1577 610 1641 641 sint

939 657 1038 697 passi]
1060 656 1162 698 Angl.
1188 659 1337 697 amarius,
1361 668 1449 698 quam
1465 659 1531 689 sint
1545 660 1641 698 passi,

941 711 1154 750 deprecentur,
1184 720 1238 741 nec
1254 710 1335 749 jam.
1379 711 1487 741 Valde
1514 712 1639 750 placet.

943 761 1089 791 Pulchre
1123 760 1249 801 quippe
1280 760 1463 800 respondet
1497 770 1640 801 sequens

941 810 950 827 ‘
969 810 1092 850 orares
1106 810 1194 851 quod
1212 811 1292 841 alias
1310 820 1373 840 non
1399 809 1550 848 haberet,
1575 821 1640 851 qno

941 860 1024 890 satis
1047 860 1221 891 commode
1249 859 1429 891 referatur.
1475 859 1564 890 Illud
1589 862 1641 890 de-

938 911 1062 950 precari
1079 911 1207 942 Noster
1224 920 1357 951 qnoque
1380 910 1460 941 alibi
1483 910 1530 941 sic
1546 920 1640 941 usur-

940 965 1011 1001 pat,
1025 965 1062 991 ut
1078 970 1118 991 11.
1136 964 1167 991 6.
1194 961 1203 978 ‘
1219 961 1309 991 Dum
1327 960 1420 990 Darii
1443 969 1565 1000 corpus
1590 969 1640 991 se-

941 1011 1084 1051 peliant,
1101 1010 1298 1041 dilationem
1315 1009 1432 1040 mortis
1449 1009 1637 1050 deprecan-

939 1061 1018 1092 tur.’
1051 1061 1107 1091 Sic
1131 1060 1219 1091 alibi.
1248 1059 1351 1098 Schef.
1396 1060 1475 1090 Non
1502 1069 1639 1099 possum

941 1111 972 1142 h.
986 1112 1007 1143 l.
1024 1111 1167 1151 probare
1184 1110 1311 1142 codicis
1327 1109 1427 1149 Angl.
1444 1115 1478 1139 et
1494 1110 1550 1149 qui
1566 1119 1638 1139 eam

938 1161 1092 1200 laudant,
1109 1161 1325 1201 scripturam.
1369 1161 1476 1191 Plane
1493 1160 1566 1191 haec
1582 1161 1639 1190 ad-

939 1216 1119 1242 versantur
1156 1211 1336 1241 sententiae
1365 1210 1436 1250 huj.
1470 1210 1641 1249 orationis,

939 1271 1013 1303 quae
1040 1262 1111 1292 ha²c
1134 1265 1209 1293 est:
1234 1260 1398 1292 Faeminas
1416 1264 1451 1290 et
1475 1269 1571 1290 senes
1592 1260 1640 1291 ita

938 1312 1065 1353 stupris
1088 1316 1124 1342 et
1152 1310 1365 1343 contumeliis
1386 1315 1527 1342 vexatos
1550 1321 1639 1349 esse,

938 1366 977 1392 ut
999 1361 1080 1392 nihil
1108 1361 1176 1392 ullo
1206 1366 1359 1401 tempore
1386 1360 1540 1391 acerbius
1571 1361 1640 1391 sint

937 1412 1040 1453 passi,
1056 1411 1198 1452 necjam
1213 1421 1273 1451 pro
1286 1410 1413 1442 civibus
1425 1420 1460 1441 se
1477 1415 1545 1441 tam
1558 1420 1641 1451 pau-

938 1462 985 1493 cis
1011 1471 1108 1492 orare
1131 1462 1188 1503 qni
1214 1461 1396 1501 supersint,
1415 1465 1453 1492 ut
1474 1461 1540 1491 illis
1560 1471 1638 1501 par-

937 1518 1048 1553 catur,
1065 1514 1122 1544 sed
1150 1522 1209 1553 pro
1226 1513 1344 1553 patriae
1369 1513 1451 1544 solo.
1496 1513 1581 1543 Haec
1599 1512 1639 1543 li-

939 1563 1040 1604 quida
1065 1568 1164 1594 snut:
1191 1564 1247 1594 illa
1271 1572 1337 1594 non
1360 1562 1502 1594 obscura
1517 1563 1637 1601 solum,

938 1614 996 1645 sed
1022 1614 1132 1646 aliena
1155 1624 1230 1646 cum
1255 1614 1296 1645 ab
1318 1614 1351 1644 h.
1368 1615 1391 1645 l.
1417 1618 1488 1645 tum
1506 1613 1547 1644 ab
1563 1614 1638 1654 ipsa

938 1665 1012 1695 Lat.
1028 1664 1151 1705 lingua.
1196 1664 1280 1696 Quis
1296 1664 1384 1694 enim
1399 1663 1447 1694 sic
1462 1663 1613 1704 loquitur
1627 1674 1636 1694 ε

937 1714 994 1746 lta
1019 1719 1160 1746 vexatus
1192 1724 1276 1753 sum,
1303 1719 1341 1745 ut
1367 1713 1449 1744 nihil
1480 1713 1637 1752 amarius,

939 1775 1037 1806 quam
1055 1775 1126 1796 sum
1149 1774 1281 1805 passus,
1301 1763 1490 1804 deprecer?
1513 1762 1595 1801 Aut,
1611 1764 1639 1793 si

938 1815 1010 1856 quis
1027 1815 1077 1846 ita
1093 1815 1297 1856 loqueretur,
1313 1822 1332 1844 a
1348 1823 1414 1854 quo
1429 1813 1638 1854 intelligere·

937 1866 1014 1896 tur?
1039 1866 1146 1896 Groev.

980 1917 1032 1956 §4
1058 1916 1136 1950 Quae
1150 1924 1210 1945 non
1225 1914 1306 1944 viros
1328 1915 1459 1952 tantum,
1480 1923 1585 1945 verum
1606 1916 1638 1944 et

936 1965 1030 2004 Deos,
1043 1964 1204 2004 genuerit]
1228 1963 1401 1994 Bacchum
1417 1964 1586 2003 nimirum,
1602 1969 1637 1994 et

935 2015 1132 2046 Herculem.
1188 2013 1280 2045 Hinc
1311 2013 1447 2053 explica
1478 2023 1531 2045 vv.
1562 2014 1637 2045 illos

935 2065 1120 2105 Sophoclis,
1150 2064 1207 2105 qui
1238 2073 1290 2104 ap.
1320 2064 1552 2094 Dieaearcbum
1578 2073 1636 2095 ex-

935 2119 1050 2146 stant:
1092 2114 1197 2152 Θήβας
1224 2112 1329 2152 λέγεις
1365 2125 1426 2153 μοι,
1455 2112 1511 2145 τὰς
1536 2112 1637 2146 πύλας

934 2164 1155 2205 ἑπταστόμους,
1184 2162 1229 2195 Οῧ
1253 2164 1288 2201 δὴ
1309 2163 1401 2203 μόνον
1426 2163 1580 2195 τίκτουσιν
1606 2164 1638 2195 αἱ

934 2217 1041 2255 θνηταὶ
1058 2216 1160 2249 Θεούς.
1193 2217 1286 2249 Quos
1300 2226 1353 2247 vv.
1370 2224 1548 2255 perperam
1563 2225 1636 2246 cor-

934 2268 1059 2309 rigunt.
1092 2267 1216 2299 Statim
1238 2271 1315 2306 post
1334 2267 1400 2306 leg.
1417 2275 1457 2295 ex
1473 2266 1538 2297 Ms.
1555 2266 1636 2297 Bib-

933 2317 1029 2349 lioth.
1056 2317 1166 2357 Lugd.
1196 2320 1330 2356 actoeque
1357 2315 1467 2346 Thebis
1497 2325 1516 2345 α
1544 2320 1636 2356 patre

933 2367 996 2406 ejus
1017 2367 1158 2407 Philippo
1171 2367 1328 2406 pueritioe.
1366 2366 1465 2396 Voss.

975 2417 1025 2456 §5
1052 2418 1188 2456 Actaque
1205 2413 1329 2453 Thebis]
1353 2414 1433 2454 Sup.
1457 2424 1522 2446 vu.
1547 2419 1577 2447 5.
1604 2419 1635 2447 3.

934 2466 1116 2497 Berneccer.
1162 2466 1244 2497 Cum
1262 2474 1311 2495 se.
1328 2474 1348 2494 a
1363 2463 1469 2495 fratre
1488 2465 1635 2496 Alexan-

934 2515 996 2546 dro
1022 2515 1191 2546 Thebanis
1217 2514 1311 2545 obses
1341 2514 1439 2545 datus
1470 2515 1502 2545 in
1534 2516 1633 2548 domo

934 2564 1178 2606 Epaminondae
1197 2564 1299 2594 vitam
1313 2564 1394 2604 egit.
1428 2564 1507 2596 vid.
1524 2575 1588 2597 vn.
1601 2571 1632 2598 5.

934 2615 1004 2646 Pro
1019 2618 1089 2645 acta
1113 2614 1249 2654 pueritia
1273 2613 1406 2653 quidam
1423 2613 1523 2645 codd.
1539 2616 1634 2645 testi-

933 2664 996 2696 bus
1020 2665 1128 2704 Bong.
1156 2668 1258 2703 atque
1287 2663 1382 2694 Voss.
1404 2662 1530 2694 habent
1553 2668 1631 2695 actoe

929 2714 1094 2755 pueritioe:
1118 2723 1215 2754 quam
1232 2713 1311 2743 lect.
1337 2711 1395 2742 iid.
1420 2718 1455 2743 et
1472 2714 1631 2752 probant.

932 2764 1018 2795 Mihi
1031 2769 1145 2795 tamen
1161 2763 1266 2793 altera
1281 2762 1358 2792 lect.
1375 2762 1480 2801 magis
1497 2763 1630 2803 placet:

932 2820 969 2845 ut
984 2817 1053 2845 acta
1073 2812 1183 2844 Thebis
1198 2823 1216 2842 α
1230 2815 1320 2851 patre
1339 2811 1403 2849 eJ‘us
1423 2813 1558 2851 pueritia
1574 2815 1629 2853 sit,

930 2870 1072 2906 propter
1089 2869 1198 2894 actam
1214 2861 1337 2893 Thebis
1358 2862 1549 2903 pueritiam,
1574 2865 1627 2896 vel
