2174 3424
444 314 530 356 810
569 296 572 302 '

445 417 513 458 legi
530 427 590 449 ccc.
605 417 802 450 mulieribus.-
825 418 885 450 sed
903 428 955 451 res
971 418 1005 450 in
1029 418 1144 451 fabula

445 477 512 499 non
529 472 580 499 est
596 468 694 499 tanti.
721 468 811 501 Glar.

491 519 569 549 Cum
584 519 732 550 trecentis
751 519 943 560 mulieribus]
966 520 1022 552 Sic
1038 520 1143 560 edidi,

445 568 544 599 unius
557 568 641 600 Cod.
659 568 761 600 fidem
783 575 962 612 sequutus;
985 575 1021 602 et
1038 571 1142 604 Diod.

446 626 539 649 xvn.
565 621 617 650 77.
649 619 807 659 Bongars.
853 621 909 652 Ita
935 626 972 652 et
1000 621 1090 652 hunc
1119 622 1142 654 l.

444 668 623 700 emendavi
648 675 727 700 ante
756 671 870 711 plures
900 681 1016 710 annos,
1039 682 1141 712 quum

444 720 538 761 prius
562 722 684 761 passim
711 722 885 763 legeretur
911 734 979 754 cum
998 723 1143 755 trecentis

443 770 578 802 millibus
598 772 773 812 mulierum,
797 774 839 804 ad
862 774 920 805 illa
941 775 1051 806 Curtii
1074 775 1141 806 mei

444 830 488 852 ex
516 830 566 852 vr.
592 825 623 853 5.
645 824 697 853 26.
734 823 743 840 ‘
769 823 933 855 Protinus
961 824 1054 856 facta
1081 835 1140 865 po-

443 874 573 902 testate
591 872 762 913 veniendi‚
786 874 921 905 caeteris
936 875 1041 916 jussis
1063 875 1139 906 sub-

441 921 574 961 sistere,
589 931 665 954 ccc.
680 922 878 955 feminarum
892 926 1052 956 comitata
1064 935 1139 966 pro-

442 972 569 1003 cessit!
592 973 681 1005 Mod.
728 975 858 1006 Firmat
875 980 910 1006 et
932 976 1027 1007 Curt.
1042 985 1091 1007 vr.
1107 979 1139 1007 5.

441 1023 494 1053 26.
552 1022 652 1053 Prius
691 1024 813 1064 passim
853 1025 1035 1065 legebatur
1072 1035 1139 1056 cum

440 1073 588 1102 trecentis
616 1072 751 1104 millibus
779 1074 952 1114 mulierum,
980 1075 1138 1107 absurde.

441 1121 543 1152 Bern.

487 1172 752 1214 Corffertz‘ssimas]
783 1174 870 1206 Edd.
897 1174 1066 1216 quaedam,
1089 1176 1138 1207 in-

433 1221 643 1261 festissimas.-
667 1224 755 1264 quod
774 1224 982 1265 probabilius
999 1230 1063 1257 est.
1088 1226 1137 1257 Id.

483 1272 572 1302 Inter
597 1273 816 1311 infestissimas
849 1275 974 1315 gentes]
1009 1275 1064 1305 Ita
1094 1284 1137 1306 ex

440 1321 518 1352 edd.
534 1321 777 1362 antiquioribus
794 1323 909 1362 legere
924 1324 1024 1363 malo,
1038 1334 1137 1365 quam

439 1374 478 1401 ut
502 1371 610 1410 Bong.
628 1371 748 1411 edidit,
765 1372 1006 1410 confertissimas
1018 1377 1137 1412 gentes,

440 1420 540 1453 Quod
556 1421 644 1451 idem
658 1421 861 1461 probabilius
873 1428 908 1454 et
920 1423 1136 1455 Berneccero

438 1470 560 1501 visum.
585 1470 657 1502 Vor.

480 1520 534 1559 §6
558 1520 695 1561 Propter
719 1522 875 1553 insolitum
892 1521 1024 1561 feminis
1049 1522 1135 1554 habi-

438 1570 519 1610 tum]
535 1571 619 1601 Mss.
636 1572 732 1602 multi
748 1572 884 1612 liabent,
899 1574 1039 1604 insolitus
1052 1573 1136 1612 regi-

438 1621 493 1652 bus
507 1622 717 1652 Macedonicis
741 1622 892 1653 habilum.
937 1624 1036 1661 Qnae,
1057 1624 1135 1664 qnia

437 1671 592 1703 nimirum
610 1673 652 1703 ab
670 1672 770 1704 editis
787 1673 964 1713 recedunt,
981 1672 1135 1705 efficiunt

437 1723 527 1763 apud
546 1732 610 1761 me,
635 1726 674 1753 ut
697 1726 732 1753 et
759 1723 842 1763 ipsa,
867 1727 901 1754 et
927 1723 1016 1764 quod
1033 1730 1083 1754 est
1101 1724 1133 1754 in

436 1772 585 1812 vulgatis
607 1771 752 1812 seminis,
787 1782 848 1812 pro
875 1773 1134 1814 adjectamentis

436 1822 658 1862 glossatorum
683 1823 837 1854 habeam.
886 1824 929 1855 Et
955 1824 1032 1863 ista,
1054 1825 1134 1855 inso-

434 1872 510 1904 litus
539 1873 664 1912 regibus
696 1874 917 1913 Macedonicis,
952 1875 1133 1907 manifeste

434 1923 499 1954 huc
517 1928 596 1953 sunt
612 1928 721 1954 tracta
736 1933 778 1954 ex
795 1933 889 1964 seqq.
915 1923 1019 1961 Sclu’f.

479 1974 497 2013 ᾧ
513 1976 530 2004 7
555 1973 584 2004 A
599 1974 687 2013 rege]
703 1972 772 2004 Alii
789 1974 852 2004 hoc
869 1974 1050 2013 omittunt3
1067 1984 1131 2005 nec

435 2026 490 2054 est
505 2023 743 2054 necessarium.
767 2023 865 2054 Bern.

480 2073 498 2113 ξ
523 2075 542 2102 8
566 2072 641 2102 Post
671 2072 748 2111 hoec,
777 2072 844 2112 Syia]
876 2073 1015 2104 Lucian.
1040 2074 1132 2106 Dial.

435 2122 540 2153 Mort.
555 2132 588 2162 p.
602 2125 675 2153 294.
689 2122 732 2154 Σὺ
746 2122 778 2153 δὲ
793 2122 843 2153 καὶ
856 2123 913 2159 τὴν
925 2124 1131 2160 Μακεδονικὴν

436 2171 583 2212 χλαμύδα
611 2173 809 2212 καταβαλὼν,
837 2172 960 2212 κάνδυν,
984 2174 1023 2205 ὥς
1044 2180 1130 2213 φασι,

434 2221 605 2261 μετενέδυς,
630 2222 680 2252 καὶ
700 2222 806 2263 τιάραν
830 2222 918 2263 ὀρθὴν
941 2223 1058 2264 ἐπέθου,
1080 2224 1130 2255 καὶ

433 2274 669 2314 προσκυνεῖσθαι
682 2273 739 2303 ὑπὸ
750 2275 931 2305 Μακεδόνων
948 2275 995 2305 ὑπ’
1013 2274 1129 2306 ἐλευθέ-

433 2335 493 2363 ρων
505 2323 617 2364 ἀνδρῶν
630 2323 738 2363 ἠξίους,
753 2323 803 2354 καὶ
817 2323 853 2354 τὸ
873 2323 995 2356 πάντων
1008 2325 1128 2364 ’γελοιό-

432 2386 528 2405 τατον
544 2375 650 2412 ἐμιμοῦ
664 2374 705 2404 τὰ
720 2376 782 2404 τῶν
796 2374 1000 2413 νενικημένων.

476 2424 630 2455 Habitum
656 2434 764 2463 regum
794 2426 978 2467 Persarum]
1007 2428 1062 2458 Sic
1093 2432 1128 2459 et

432 2475 530 2506 Curt.
560 2484 611 2505 vi.
639 2478 670 2505 6.
698 2478 729 2505 4.
786 2475 833 2506 At
863 2477 1008 2507 medinm
1040 2478 1129 2509 inter

432 2525 609 2555 Persicum
626 2529 661 2555 ct
678 2524 850 2556 Medicum
869 2526 1018 2558 habitum
1039 2538 1127 2559 sum-

433 2574 531 2613 sisse,
556 2578 676 2604 auctor
703 2579 753 2605 est
772 2575 866 2606 Plut.
885 2576 983 2607 Alex.
1001 2580 1052 2609 79.
1076 2579 1126 2610 Id.

474 2623 646 2662 Dimlemu]
672 2624 680 2640 ‘
699 2624 887 2655 Diadema'
915 2625 1022 2658 fascia
1049 2628 1127 2659 alba

432 2683 462 2705 s.
480 2674 664 2704 candicans
680 2673 759 2714 fuit,
783 2679 820 2704 ut
835 2675 946 2705 allatis
976 2677 1126 2716 plurimis

430 2728 606 2755 auctorum
624 2723 704 2754 locis
723 2724 813 2764 Lips.
832 2724 874 2754 ad
899 2733 948 2756 vr.
976 2725 1019 2757 A.
1043 2727 1126 2759 Tac.

429 2774 545 2805 docet.
590 2774 777 2805 Alexandri
819 2780 932 2807 tamen
968 2776 1126 2809 diadema

431 2828 443 2841 ’
465 2834 671 2865 purpureum
701 2825 899 2857 distinctum
927 2827 1021 2858 albo'
1049 2827 1126 2869 fuit,

431 2878 469 2906 ut
486 2884 528 2906 ex
544 2874 602 2907 lib.
620 2884 665 2908 vi.
710 2875 819 2908 Curtii
836 2881 1000 2918 apparet:
1025 2879 1125 2920 quale

898 325 1041 356 No'rAE
1073 326 1339 357 VAR10RUM

1373 328 1424 358 1N

1194 430 1241 453 sc.
1259 421 1333 463 ipse
1350 421 1475 454 Darius
1490 421 1666 454 habuerat.
1687 421 1761 453 Vor.

1237 474 1253 513 ξ
1270 475 1290 503 9
1312 473 1452 512 Longam
1468 476 1577 504 vestem
1598 471 1755 511 auratam]
1779 471 1889 504 Quam

1194 522 1290 553 Curt.
1318 532 1376 555 111.
1400 526 1431 553 3.
1457 525 1510 555 28.
1534 524 1542 539 ‘
1560 523 1685 563 pallam
1713 531 1793 552 auro
1820 521 1886 552 dis-

1193 572 1368 603 tinctam:'
1398 573 1492 604 Plut.
1516 572 1598 604 ibid.
1630 573 1639 589 ‘
1665 571 1785 602 stolam
1812 571 1888 602 bar-

1193 621 1341 653 baricam
1352 621 1362 635 '
1378 622 1539 662 appellat.
1564 622 1665 653 Bern-

1235 673 1252 713 ᾧ
1283 675 1322 703 10
1357 673 1399 703 Ut
1431 672 1553 712 luxum]
1588 673 1684 703 Bene
1726 676 1886 703 monente

1191 722 1346 753 Freinsh.
1364 727 1490 763 puncto
1513 723 1586 753 haec
1602 732 1621 753 a
1638 722 1810 762 praecedd.
1835 732 1887 753 se-

1191 772 1322 812 paravi,
1335 772 1455 813 quibus
1472 776 1637 804 commate
1650 773 1814 803 haetenus
1828 772 1887 802 ad-

1190 831 1278 853 nexa
1317 824 1405 854 male
1441 824 1628 854 haerebant.
1652 824 1750 854 Idem.
1792 821 1886 854 Ante

1188 874 1197 890 ‘
1216 872 1271 904 ut’
1292 872 1315 905 f.
1332 873 1461 905 excidit
1479 874 1594 913 partic.
1609 876 1651 903 et.
1675 872 1780 903 Gron.

1232 923 1333 963 Inter,
1355 923 1424 964 εμπ]
1449 923 1608 955 Vincent.
1633 931 1667 953 v.
1694 924 1749 953 42.
1771 922 1780 939 ‘
1796 921 1886 953 inter

1189 973 1348 1013 pellicum
1365 973 1496 1013 regium
1512 971 1675 1013 gregem-¹

1232 1024 1301 1063 §11
1328 1023 1380 1053 Ne
1396 1023 1503 1061 jejuna
1525 1026 1556 1053 et
1579 1024 1734 1053 destructa
1758 1021 1886 1053 luxuria

1188 1073 1357 1114 videretur]
1381 1073 1536 1114 Interpp.
1565 1073 1621 1103 hic
1648 1073 1760 1104 silent.
1805 1072 1886 1102 Vel-

1187 1123 1252 1153 lem
1270 1128 1382 1154 tamen
1399 1123 1489 1164 quod
1515 1123 1709 1154 docuissent
1733 1121 1813 1163 quid
1839 1121 1885 1153 sit

1187 1173 1342 1203 destructa
1371 1173 1507 1204 luxuria.
1561 1174 1705 1213 Magnus
1744 1173 1772 1203 is
1801 1172 1883 1203 mihi

1188 1222 1255 1253 erit
1277 1221 1414 1262 Apollo,
1440 1223 1495 1264 qui
1522 1226 1590 1254 tam
1617 1223 1808 1253 abstrusam
1824 1231 1883 1253 no-

1188 1272 1313 1303 tionem
1331 1273 1468 1304 eruerit.
1505 1273 1570 1304 Sed
1586 1273 1658 1303 erui
1674 1281 1739 1303 non
1757 1275 1884 1312 potest,

1187 1332 1261 1364 quae
1288 1332 1354 1353 non
1388 1327 1450 1354 est.
1506 1323 1766 1363 Interpolarunt
1794 1322 1882 1353 hanc

1186 1382 1317 1404 vocem.
1339 1373 1494 1405 Justinus
1509 1377 1565 1403 aut
1576 1374 1706 1413 Trogus
1722 1372 1881 1412 scripsit:

1185 1432 1223 1453 ne
1240 1422 1350 1460 jejuna
1366 1425 1396 1453 et
1416 1423 1560 1454 restricta
1574 1422 1701 1453 luxuria
1717 1422 1883 1452 videretur.

1186 1472 1346 1502 Restrz'cta
1362 1476 1427 1510 est,
1452 1481 1566 1512 parca,
1590 1482 1666 1503 cum
1688 1471 1771 1502 nulli
1795 1481 1883 1502 sum·

1186 1526 1240 1553 tus
1267 1521 1353 1553 fiunt
1369 1522 1401 1552 in
1420 1522 1624 1562 voluptates,
1647 1522 1777 1562 epulas,
1798 1521 1882 1551 deli-

1185 1572 1267 1602 cias.
1311 1572 1398 1603 Tac.
1415 1581 1475 1603 xv.
1492 1574 1545 1603 48.
1563 1573 1572 1588 ‘
1586 1572 1654 1602 Sed
1672 1571 1789 1612 procul
1806 1580 1882 1612 gra·

1185 1621 1273 1653 vitas
1290 1632 1431 1662 morum,
1453 1627 1511 1653 aut
1538 1623 1752 1663 voluptatum
1776 1622 1882 1662 parsi-

1185 1673 1317 1711 monia;
1341 1673 1488 1711 lenitati,
1501 1682 1541 1704 ac
1557 1672 1830 1713 magnificentiae,
1845 1677 1882 1704 et

1185 1723 1367 1764 aliquando
1392 1723 1485 1753 luxui
1514 1723 1726 1764 indulgebat.
1770 1722 1880 1764 quue

1185 1773 1336 1813 pluribus
1376 1773 1600 1813 probabatur,
1635 1773 1692 1813 qui
1724 1772 1757 1803 in
1783 1777 1880 1805 tanta

1183 1823 1394 1863 voluptatum
1422 1822 1600 1854 dulcedine
1626 1832 1789 1854 summum
1820 1823 1880 1854 im-

1184 1873 1312 1912 perium
1344 1882 1408 1903 non
1438 1873 1630 1903 restrictum
1665 1882 1727 1903 nec
1765 1883 1879 1914 perse-

1183 1932 1297 1953 verum
1316 1922 1456 1953 volunt.'
1499 1923 1508 1939 ⁴
1527 1923 1709 1962 Imperium
1736 1933 1802 1954 non
1827 1933 1878 1955 re-

1182 1973 1338 2003 strictum
1350 1972 1357 1984 '
1381 1977 1445 2011 est,
1462 1973 1674 2013 voluptatum
1690 1973 1877 2014 abstinens,

1182 2022 1270 2062 quod
1302 2022 1409 2052 nullos
1434 2027 1562 2053 sumtus
1590 2022 1675 2054 facit
1699 2023 1732 2053 in
1759 2024 1877 2064 volup-

1182 2076 1282 2102 tates.
1330 2071 1401 2102 Cic.
1428 2081 1483 2102 ιιι.
1508 2072 1599 2103 Fam.
1625 2075 1656 2103 8.
1679 2073 1688 2089 ⁴
1704 2073 1740 2103 Si
1756 2072 1797 2103 de
1815 2078 1875 2104 tua

1180 2121 1312 2161 prolixa
1339 2121 1560 2162 beneficaque
1590 2128 1713 2153 natura
1744 2123 1876 2156 limavit

1181 2171 1304 2212 aliquid
1323 2172 1489 2211 posterior
1502 2181 1607 2202 annus
1621 2176 1760 2212 propter
1771 2182 1874 2213 quan-

1179 2222 1257 2252 dam
1290 2223 1461 2252 tristitiam
1491 2227 1695 2262 temporum,
1718 2232 1784 2253 uon
1814 2223 1872 2254 de-

1180 2271 1262 2303 bent
1279 2272 1390 2302 mirari
1406 2272 1576 2303 homines:
1602 2282 1677 2303 cum
1695 2278 1730 2304 et
1752 2279 1873 2305 natura

1178 2330 1311 2361 semper
1327 2322 1368 2352 ad
1384 2322 1594 2362 largiendum
1615 2332 1655 2353 ex
1679 2323 1785 2354 alieno
1800 2322 1871 2356 fne-

1179 2373 1240 2403 rim
1256 2372 1455 2411 restrictior,
1468 2378 1503 2403 et
1520 2373 1738 2413 temporibus,
1752 2373 1872 2414 quibus

1177 2423 1233 2453 alii
1261 2428 1449 2461 moventur,
1474 2422 1592 2454 iisdem
1619 2432 1682 2463 ego
1710 2424 1871 2456 movear.'

1177 2472 1244 2503 Ubi
1263 2472 1356 2503 vides
1377 2473 1386 2489 ‘
1403 2473 1607 2504 restrictior’
1622 2483 1709 2512 esse,
1725 2474 1869 2514 parcior.

1177 2522 1218 2553 Iu
1234 2523 1297 2553 lioc
1314 2533 1412 2553 sensu
1429 2523 1551 2562 legitur
1574 2527 1609 2554 et
1629 2524 1797 2554 adstrictus
1813 2534 1870 2565 ap.

1176 2573 1266 2605 Just.
1283 2581 1378 2604 xmv.
1396 2575 1425 2604 1.
1449 2573 1458 2590 ‘
1478 2574 1573 2603 Dura
1590 2573 1743 2603 omnibus
1762 2578 1797 2604 et
1811 2573 1869 2604 ad-

1176 2624 1294 2654 stricta
1311 2623 1536 2663 parsimonia?
1581 2623 1740 2664 Propert.
1757 2633 1797 2655 11.
1816 2625 1869 2656 El.

1176 2676 1228 2704 23.
1252 2674 1261 2689 ‘
1275 2672 1423 2704 Differet
1439 2673 1509 2703 haec
1525 2682 1704 2714 nunqnam,
1717 2683 1779 2705 nec
1794 2684 1869 2715 pos·

1175 2730 1231 2758 cet
1245 2726 1391 2766 garrula,
1407 2735 1482 2766 quae
1502 2731 1534 2755 te
1547 2724 1743 2756 Adstrictus
1757 2727 1870 2766 ploret

1175 2785 1267 2816 saepe
1299 2775 1431 2806 dedisse
1463 2775 1584 2815 pater.'
1641 2775 1650 2791 ‘
1671 2774 1867 2807 Adstrictus

1174 2825 1292 2867 pater'
1319 2830 1385 2864 est,
1415 2830 1569 2858 attentus
1593 2825 1636 2858 ad
1661 2835 1745 2868 rem,
1769 2826 1868 2859 nimis

1173 2876 1329 2917 diligens·
1354 2875 1463 2908 Graev.
