2101 3419
1 2607 17 3291 ,Md—w

633 351 829 384 JUSTINI
863 352 956 383 L113.

249 445 359 478 ‚nolint
372 445 487 478 socium
498 453 598 476 causae
605 445 763 485 popularis
776 454 943 477 remanere.

248 496 287 528 Si
299 501 415 527 uatum
431 499 483 527 est
501 504 544 526 ex
565 495 711 536 pr‘aeced.
727 495 737 513 ‘
752 495 812 528 se.’
859 497 944 527 Cum

247 550 283 577 et
297 556 336 577 an
351 546 383 576 in
400 545 472 588 aliis
488 544 581 576 libris
598 545 817 586 reperiretur,
836 551 943 578 muta-

248 599 319 626 tum
335 595 432 626 estin
446 594 517 634 sibi,
529 593 682 634 sed‚cum
697 595 809 627 hiaret
822 596 942 634 oratio,

246 645 398 683 additum
420 645 477 675 vel.
510 644 627 676 Graev.
672 645 819 677 Multum
840 646 942 678 debe-

244 704 319 725 mus
334 694 472 734 optimae
488 694 537 725 illi
557 695 654 728 Junt.
676 695 730 727 ed·
751 706 849 737 quam
871 701 941 729 stu—

245 744 339 776 diose
360 744 445 783 legit
467 744 581 776 Graev.
604 749 730 778 noster.
774 746 816 777 In
830 756 871 777 ea
885 747 940 779 ed.

243 795 292 825 ita
319 799 503 834 conceptus
518 794 573 826 hic
588 795 681 827 locus
705 799 776 828 est:
803 797 942 828 Proinde

242 844 400 875 consulant
410 844 470 874 sibi
480 843 540 884 ipsi
549 844 668 886 (bene)
673 845 843 884 ⁸iubeantne
854 847 940 879 abire

239 903 286 934 se,
298 903 339 925 an
359 904 459 924 causae
481 894 623 934 populari
638 895 750 926 socium
771 905 940 929 remanere.

243 944 304 975 Nil
319 944 449 983 melius,
465 943 512 974 nil
527 944 713 976 rotundius.
737 945 817 976 Fab.

287 993 456 1024 Considunt
476 993 536 1024 sibi
560 994 636 1034 ipsi]
658 994 714 1026 Ita
731 996 938 1037 antiquiores

241 1043 333 1084 typis
348 1052 442 1083 expr.
460 1042 606 1075 Bcchar.
623 1047 670 1084 et,
684 1049 723 1075 ut
738 1044 856 1077 Graev.
871 1050 939 1076 tes-

241 1098 348 1133 tatur,
368 1093 464 1125 Junt.
501 1092 573 1124 Alii
593 1095 750 1126 consulant
771 1095 831 1126 sibi
852 1096 938 1137 ipsis.

240 1143 308 1174 Sed
330 1143 474 1174 alterum
499 1143 700 1185 elegantius.
727 1145 828 1177 Vorst.
874 1147 938 1178 Lo-

241 1203 317 1225 cum
334 1203 394 1234 pro
411 1194 643 1225 contaminato
657 1194 797 1235 habent,
808 1196 897 1237 quod
912 1195 937 1228 f.

239 1253 307 1275 non
320 1253 459 1275 necesse
476 1247 541 1274 est.
584 1244 674 1276 Nam
690 1245 772 1277 illud
786 1246 815 1277 si
828 1247 938 1277 malint

238 1295 340 1327 facile
355 1295 566 1336 intelligitur.
609 1296 708 1327 Dicit
723 1297 811 1328 enim
823 1297 938 1329 Clear-

240 1346 344 1378 chus:
377 1345 412 1376 Si
435 1345 485 1376 sic
509 1345 641 1385 malint,
665 1346 694 1377 si
723 1346 788 1379 hoc
815 1351 938 1388 putent

240 1397 340 1428 rebus
365 1396 433 1427 suis
454 1396 713 1437 conducibilius,
737 1397 862 1430 debere
878 1407 936 1429 eos

235 1446 360 1488 jubere
384 1456 419 1477 se
439 1446 545 1486 abire,
560 1447 625 1486 vel,
645 1446 672 1478 si
694 1448 816 1479 malint
839 1448 937 1489 illud,

239 1506 428 1529 remanere.
471 1495 570 1529 Quod
587 1497 615 1527 si
631 1500 744 1528 tamen
766 1498 845 1539 quid
865 1509 936 1530 mu-

243 1547 396 1587 tandum,
412 1546 490 1587 quia
510 1546 635 1586 legitur
650 1547 683 1577 in
705 1547 935 1588 Bongarsiano

239 1608 280 1628 an
293 1597 354 1628 sibi
367 1596 491 1635 malint,
507 1601 541 1627 et
557 1597 589 1627 in
604 1597 699 1629 Junt.
713 1601 764 1628 est
780 1598 837 1638 vel,
854 1603 935 1638 puto

239 1648 352 1679 locum
377 1647 425 1678 sic
451 1645 685 1678 formandum:
710 1647 848 1679 Proinde
869 1659 936 1679 con-

239 1699 343 1729 sulam
356 1696 499 1737 sibiipsi.
520 1696 657 1728 Jubeant
671 1696 757 1728 abire
770 1707 813 1737 se,
828 1702 894 1738 aut,
908 1699 936 1729 si

237 1747 362 1787 malint,
376 1756 476 1778 causa>
486 1747 627 1787 populari
640 1747 754 1778 socium
766 1758 933 1780 remanere.

237 1796 350 1829 Schef.
395 1796 531 1828 Jubeant
551 1797 674 1837 legitur
697 1797 731 1828 in
752 1798 849 1830 Junt.
866 1808 934 1830 non

231 1848 411 1887 iubeantne.
453 1847 520 1878 Sed
535 1856 572 1877 ne
585 1847 759 1878 commode
774 1848 935 1888 intelligi-

238 1904 305 1938 tur,
318 1902 356 1929 ut
368 1896 448 1929 alibi
461 1906 526 1928 non
541 1896 785 1938 infrequenter.
810 1898 921 1929 Graev.

278 1948 416 1979 Jubeant
428 1946 514 1978 abire
526 1955 569 1985 se,
583 1947 612 1977 si
626 1946 747 1986 malint,
769 1948 815 1978 vel
836 1957 934 1978 causae

232 1998 376 2039 populari
388 1998 502 2029 socium
515 1996 685 2036 remanere]
709 1997 866 2028 Graevius
888 1998 934 2029 lo·

237 2058 314 2080 cum
343 2048 375 2080 h.
404 2047 670 2079 contaminatum
696 2051 805 2086 putat,
830 2051 866 2079 et
890 2057 932 2079 ex

235 2098 291 2130 ed.
303 2098 399 2131 Junt.
413 2097 463 2128 sic
479 2096 611 2137 legend.
626 2097 763 2128 Proinde
775 2099 933 2130 consulant

234 2149 295 2180 sibi
308 2149 380 2189 ipsi,
387 2148 517 2186 jubeant
530 2147 614 2178 abire
624 2156 669 2186 se,
683 2156 724 2178 an
739 2148 849 2178 malint
863 2158 932 2180 cau.-

234 2209 278 2230 soe
298 2199 442 2240 populari
465 2198 579 2230 sociam
600 2207 768 2229 remanere.
812 2197 882 2228 Sed
897 2202 933 2230 et

238 2251 321 2283 Cod.
338 2250 472 2292 quidam
490 2250 556 2280 Ms.
571 2247 746 2289 ssongarsii
761 2247 878 2279 habuit
892 2258 932 2279 an

234 2300 296 2332 eibi
309 2301 428 2332 malint.
472 2299 529 2330 Ita
544 2308 624 2339 ergo
648 2303 727 2330 ante
744 2299 753 2315 ‘
765 2298 931 2339 jubeant’

235 2350 458 2383 subaudiend.
480 2351 558 2388 erit,
584 2355 708 2382 utrum.
752 2352 799 2382 Et
822 2351 932 2382 minus

237 2411 301 2443 ego
317 2401 521 2441 haesitarem,
533 2401 560 2432 si
586 2401 646 2432 sibi
668 2402 768 2442 plane
784 2401 932 2441 abesset,

233 2453 487 2493 legereturque,
501 2452 639 2483 Proinde
648 2453 818 2492 consulant,
829 2454 933 2483 utrum

228 2502 359 2541 jubeant
379 2502 465 2533 abire
485 2511 529 2542 se,
546 2512 588 2533 an
607 2502 728 2533 malint.
771 2502 825 2533 Ita
841 2502 928 2533 enim

236 2553 246 2570 ‘
263 2552 455 2584 consulant'
471 2557 562 2584 esset
574 2562 647 2593 pro,
658 2553 864 2593 consultent,
876 2551 932 2583 de-

234 2603 392 2635 liberent.
437 2602 552 2641 Nunc,
574 2602 653 2643 quia
671 2611 858 2643 pronomen
874 2601 930 2633 ad-

231 2654 364 2694 jectum
398 2657 462 2694 est,
497 2653 645 2684 nondum
689 2653 770 2684 satis
806 2653 928 2694 liquet.

235 2703 246 2720 ‘
262 2704 448 2735 Consulere
477 2703 559 2734 sibi’
588 2707 706 2735 notum
734 2703 824 2735 idem
856 2713 930 2735 esse

238 2753 338 2795 qnod,
352 2753 547 2794 prospicere
561 2753 638 2785 sibi.
682 2754 773 2787 Quid
789 2754 817 2785 si
832 2763 930 2794 voce,

238 2808 364 2842 utrum,
389 2811 455 2833 non
492 2803 671 2835 subaudita
700 2804 835 2844 legatur
859 2804 927 2836 sic:

238 2852 374 2884 Jubeant
395 2851 480 2883 abire
501 2861 553 2889 se‚·
573 2854 631 2892 vel,
644 2852 672 2883 si
697 2854 818 2894 malint,
832 2863 929 2886 causa:

235 2902 377 2943 populari
387 2902 499 2934 socium
513 2902 694 2936 remanere?
718 2903 802 2936 Vor.

990 351 1093 383 xvi.
1126 354 1231 385 CAP.
1262 346 1303 386 5.
1607 344 1691 387 873

1037 447 1054 487 ξ
1072 449 1110 478 17
1134 448 1174 478 In
1189 447 1303 487 fugam
1325 448 1455 490 dilapsi]
1490 448 1596 481 Codd.
1621 449 1693 489 qui-

992 495 1069 527 dam
1094 497 1178 527 Mss.
1201 508 1283 538 quos
1307 499 1413 539 Bong.
1433 499 1531 537 vidit,
1546 499 1631 539 fuga
1644 499 1691 530 di-

991 546 1091 586 lapsi:
1115 546 1204 587 quod
1220 548 1323 587 magis
1341 549 1466 588 placet.
1507 549 1605 581 Idem.

1034 598 1051 638 ᾗ
1068 600 1107 628 18
1132 597 1348 639 Potissimum]
1371 599 1414 631 G.
1433 599 1546 640 Major
1565 600 1688 640 potissi-

989 656 1038 678 mo
1054 647 1138 678 vult.
1162 648 1240 678 Non
1257 648 1382 688 placet.
1420 650 1519 680 Bern.

1036 696 1222 727 Conversum
1251 696 1329 736 esse]
1366 697 1475 729 Scrib.
1504 702 1594 729 esset.
1643 699 1689 729 Et

989 746 1039 778 ita
1055 747 1089 778 in
1107 746 1263 788 quibusd.
1282 747 1391 779 Editt.
1414 748 1526 780 Faber.
1570 749 1687 779 Malim

989 796 1103 836 legere
1119 799 1208 836 esset,
1226 800 1264 827 ut
1280 797 1314 827 in
1336 797 1584 839 antiquioribus
1600 799 1690 840 typis

990 855 1069 887 exp.
1085 850 1159 878 est:
1183 850 1220 877 ut
1234 847 1278 877 ad
1289 847 1445 878 voculam
1460 849 1469 866 ‘
1488 848 1598 889 quod,'
1611 859 1686 890 quae

990 896 1169 936 praecedit,
1199 900 1235 928 et
1262 897 1326 928 hoc
1357 896 1538 929 referatur.
1582 899 1688 929 Vorst.

988 947 1079 987 Imp.
1101 947 1237 989 quidam
1261 947 1390 979 habent
1412 951 1501 988 esset,
1521 949 1610 990 quod
1631 949 1686 980 hic

988 997 1089 1037 plane
1119 996 1253 1028 videtur
1281 998 1517 1038 necessarium,
1546 1002 1689 1039 propter

988 1046 1194 1077 antecedens
1210 1049 1219 1064 ‘
1236 1046 1350 1088 quod.’
1373 1047 1469 1078 Idem
1482 1048 1618 1078 Vorstio
1634 1051 1688 1079 est

987 1096 1106 1127 visum.
1129 1095 1235 1134 Schef.
1277 1096 1333 1127 Sic
1350 1106 1431 1127 sane
1446 1097 1543 1129 Junt.
1580 1097 1686 1128 Graev.

1031 1147 1106 1186 §19
1134 1146 1264 1176 Cariora
1288 1155 1390 1177 eorum
1408 1146 1527 1186 pretia]
1554 1146 1686 1178 Quibus

988 1205 1061 1227 sese
1075 1195 1257 1227 studebant
1272 1205 1291 1226 a
1306 1200 1413 1227 morte
1429 1196 1586 1227 liberare.
1617 1196 1686 1227 Sed

985 1245 1069 1276 illud
1083 1255 1187 1277 eorum
1203 1245 1282 1276 mihi
1297 1245 1475 1277 admodum
1490 1250 1686 1287 suspectum

987 1300 1061 1335 est3
1087 1297 1222 1328 videtur
1245 1297 1348 1336 enim,
1365 1297 1393 1328 si
1414 1296 1478 1328 hoc
1495 1297 1610 1328 dicere
1628 1307 1684 1328 vo-

987 1347 1118 1386 luisset,
1141 1346 1290 1378 scribere
1313 1356 1368 1377 sua
1388 1347 1493 1387 pretia
1515 1346 1682 1378 debuisse.

987 1397 1162 1438 Cogitent,
1190 1397 1247 1438 qui
1279 1396 1416 1437 ingenio
1452 1397 1527 1437 plus
1557 1397 1683 1428 valent.

986 1447 1091 1485 Schef.

1030 1498 1116 1530 CAP.
1133 1506 1167 1530 v.
1192 1498 1243 1538 §5
1267 1496 1333 1528 Per
1358 1506 1412 1527 ora
1436 1495 1549 1527 civium
1568 1496 1684 1536 trahit]

987 1548 1028 1579 In
1053 1547 1190 1588 publica
1204 1547 1296 1588 quasi
1315 1556 1451 1587 pompa,
1471 1550 1509 1577 nt
1530 1546 1683 1577 omnibus

986 1597 1187 1638 conspicuus
1213 1601 1312 1628 esset.
1358 1597 1485 1627 Ennius
1507 1595 1553 1627 ita
1580 1596 1622 1627 de
1646 1605 1683 1627 se

986 1648 1083 1689 dixit,
1108 1650 1117 1666 ‘
1132 1649 1248 1680 Volito
1271 1649 1364 1679 vivus
1390 1657 1452 1688 per
1476 1656 1534 1678 ora
1553 1646 1682 1678 virum!

985 1699 1066 1731 Sall.
1090 1699 1147 1731 Ju.
1172 1702 1225 1730 31.
1251 1701 1301 1729 12.
1328 1698 1337 1715 ‘
1355 1697 1525 1729 Incedunt
1548 1707 1610 1737 per
1624 1707 1684 1728 ora

985 1753 1099 1780 vestra
1128 1747 1323 1789 magnifici.’
1365 1748 1450 1778 Tac.
1476 1756 1532 1779 111.
1557 1747 1603 1778 H.
1628 1750 1681 1778 36.

984 1803 994 1820 ί
1012 1797 1055 1828 In
1083 1807 1142 1829 ore
1167 1798 1259 1838 vulgi
1282 1807 1383 1837 agere
1395 1797 1415 1828 :'
1446 1797 1502 1828 ubi
1527 1798 1682 1838 pluscula

984 1847 1118 1887 Lipsius
1154 1848 1249 1879 Nota
1283 1851 1337 1879 46.
1393 1848 1522 1878 Noster
1557 1847 1681 1878 iterum

984 1905 1115 1928 xxxw.
1133 1899 1162 1928 1.
1179 1901 1211 1928 5.
1233 1897 1243 1914 ‘
1259 1896 1453 1928 Traductus
1476 1907 1538 1938 per
1558 1907 1615 1929 ora
1636 1898 1683 1929 ci-

983 1946 1151 1985 vitatium,
1167 1946 1298 1987 populis
1313 1946 1346 1977 in
1358 1947 1540 1978 ludibrium
1556 1947 1681 1978 favoris

983 1995 1194 2027 ostenditur?
1216 1996 1398 2027 Berneccer.
1451 1995 1521 2029 Inf.
1550 2006 1680 2034 xxxvt-

984 2050 1013 2078 1.
1042 2050 1075 2078 5.
1113 2046 1326 2078 ‘Traductus
1355 2057 1418 2088 per
1445 2057 1502 2078 ora
1532 2047 1680 2079 civium.’

982 2096 1052 2128 Ubi
1063 2097 1072 2114 ⁴
1085 2095 1161 2128 ora’
1176 2106 1237 2137 pro
1251 2097 1370 2136 oculis,
1382 2102 1581 2138 conspectu.
1607 2098 1683 2128 Tra-

981 2149 1053 2180 here
1067 2149 1156 2180 idem
1170 2157 1305 2190 quoque
1317 2149 1417 2190 quod,
1430 2149 1568 2181 ducere.
1602 2150 1680 2181 Vir-

980 2200 1038 2241 gil.
1052 2209 1094 2232 11.
1109 2200 1184 2232 AEn.
1201 2201 1211 2219 ‘
1224 2199 1300 2231 Avo
1312 2210 1454 2241 puerum
1467 2200 1680 2241 Astyanacta

982 2248 1164 2281 trahebat?
1200 2248 1295 2281 Curt.
1321 2258 1378 2281 111.
1403 2251 1414 2268 ⁶
1431 2251 1580 2282 Feminae
1607 2252 1679 2291 ple-

982 2309 1097 2341 raeque
1109 2309 1231 2341 parvos
1242 2300 1414 2332 trahentes
1426 2300 1549 2332 liberos
1561 2300 1682 2332 ibant.'

988 2350 1064 2382 Vor.

1025 2402 1079 2441 §6
1102 2400 1229 2440 Nullus,
1249 2399 1319 2440 Sym]
1339 2399 1486 2431 Tertull.
1508 2399 1551 2431 de
1575 2400 1678 2432 Carn.

982 2450 1061 2482 Chr.
1075 2454 1106 2482 5.
1131 2451 1140 2468 ‘
1158 2450 1214 2481 An
1234 2449 1312 2481 ideo
1327 2450 1496 2490 passiones
1511 2460 1530 2481 a
1546 2450 1680 2481 Christo

981 2510 1049 2531 non
1065 2499 1231 2539 recidisti,
1251 2499 1328 2541 quia
1344 2504 1382 2530 ut
1403 2500 1601 2540 phantasma
1621 2509 1678 2531 va-

981 2550 1082 2582 cabat
1097 2560 1116 2581 a
1131 2559 1228 2581 sensu
1244 2559 1357 2581 earum
1371 2549 1394 2580 ?'
1418 2550 1473 2581 Ita
1489 2550 1554 2581 Ed.
1574 2550 1676 2582 Fran.

981 2600 1160 2631 Rhenanus
1176 2600 1262 2630 male
1277 2598 1433 2630 ediderat
1445 2599 1547 2630 vocab.
1564 2599 1677 2639 Hege-

979 2650 1066 2691 sipp.
1082 2659 1107 2681 1.
1124 2652 1176 2681 32.
1191 2648 1335 2682 ‘Judaea
1346 2649 1388 2680 ab
1399 2649 1513 2680 hostili
1529 2649 1676 2680 tumultu

979 2700 1149 2741 vacabat,'
1165 2703 1201 2732 et
1216 2702 1270 2731 ³8.
1292 2699 1302 2717 ‘
1318 2700 1451 2730 Vacare
1473 2699 1562 2730 enim
1584 2709 1676 2731 men-

979 2755 1048 2782 tem
1061 2750 1212 2781 Herodis
1226 2749 1267 2781 ab
1283 2749 1359 2780 odio
1374 2748 1518 2781 filiorum
1531 2748 1677 2790 Antipa-

980 2801 1025 2833 tri
1039 2809 1106 2831 non
1120 2798 1338 2840 patiebatur.'

1021 2852 1039 2891 ξ
1056 2853 1076 2881 8
1098 2850 1258 2881 Interdum
1280 2848 1360 2880 enim
1379 2857 1419 2879 ex
1442 2857 1590 2888 successu,
1606 2848 1674 2889 ἅμ]

979 2901 1080 2942 Angl.
1095 2900 1174 2932 enim
1190 2909 1256 2932 non
1273 2899 1438 2940 agnoscit.
1462 2898 1538 2931 Non
1556 2899 1674 2940 probo.
