2101 3419
371 343 455 385 884

372 457 471 488 qnam
488 446 700 487 praestringit
714 446 749 478 fl.
771 448 891 488 Tyras,
917 448 1070 479 meminit

372 497 565 527 Marcellin.
598 505 693 527 xxu.
722 500 773 527 18.
817 497 897 529 Vid.
925 498 1069 529 Fabrum

371 547 517 577 Semest.
534 555 593 578 111.
618 556 652 586 p.
669 549 698 577 8.
722 547 821 578 Bern.
865 549 875 565 ‘
892 547 1069 588 Assyrium

373 596 549 636 stagnum’
580 596 721 627 inlibris
734 598 846 628 Sacris
868 598 878 614 ‘
895 608 985 629 mare
1002 599 1070 630 Ga-

372 646 489 677 lilaeae’
513 646 646 677 dieitur.
701 646 755 677 Ita
783 651 895 678 autem
927 648 1070 678 vocaba-

373 702 440 736 tur,
464 695 554 738 quod
570 696 627 726 illa
642 696 717 727 loca
732 695 863 738 Assyrii
878 702 1069 729 tenuerant.

376 746 457 776 Fab.

417 798 434 837 ξ
450 799 470 827 4
492 797 520 827 Α
535 796 664 836 piscium
678 795 830 837 ubertate]
846 795 910 827 Sed
925 797 971 827 D.
989 796 1072 827 Hie-

374 856 448 877 ron.
465 845 497 876 iu
513 846 700 878 Quaestion.
717 856 743 876 s.
760 846 892 878 Tradit.
930 846 1021 877 Heb.
1038 847 1073 877 in

376 896 526 927 Genesin
559 901 639 927 tom.
658 905 715 927 111.
731 899 802 927 206.
828 896 860 927 d.
883 898 892 915 ‘
909 898 965 927 De
989 897 1073 927 Cha-

373 955 462 977 naan
478 947 604 986 primus
620 951 718 976 natus
736 951 788 977 est
803 946 929 985 Sidon‚’
952 947 1074 986 inquit,

374 996 384 1011 ‘
403 1005 422 1026 a
437 1006 501 1036 quo
518 996 597 1026 urbs
621 996 655 1026 in
679 995 842 1027 Phoenice
857 996 960 1028 Sidon
977 1007 1076 1028 voca-

377 1046 456 1076 tur?
479 1046 577 1077 Bern.

421 1096 505 1126 Nam
525 1096 637 1136 piscem
659 1095 822 1126 Phoem'ces
837 1095 936 1127 Sidon
952 1096 1076 1136 vocant]

376 1146 477 1177 Philo
498 1146 711 1186 Bybliensis:
749 1143 874 1185 Χρόνοις
894 1145 927 1175 δὲ
952 1145 1078 1186 ὕστερον

377 1196 507 1227 πολλοῖς
518 1196 578 1226 ἀπὸ
592 1197 649 1233 τῆς
662 1194 835 1235 Ὕψουραίου
849 1196 956 1234 ’γενεᾶς
970 1194 1077 1233 ’γενέσ-

377 1249 426 1277 θαι
447 1246 559 1287 Ἀγρέα
579 1246 629 1277 καὶ
653 1243 771 1283 Ἃλιέα,
795 1244 867 1276 τοὺς
890 1244 1004 1276 ἁλιείας
1028 1244 1078 1275 καὶ

377 1299 499 1339 αγρείας
520 1299 654 1339 εὑρετὰς,
668 1297 700 1337 ἐξ
713 1295 751 1328 ὧν
766 1298 912 1334 κληθῆναι
929 1296 1079 1337 ἀγρευτὰς

377 1348 429 1379 καὶ
460 1348 568 1380 ἁλιεῖς.
624 1350 712 1380 Nam
741 1351 802 1378 '¹²³
829 1349 977 1388 piscator.
1024 1347 1079 1377 lta

378 1401 567 1432 credebant
582 1400 770 1431 Phoenices.
804 1400 886 1430 Voss.

421 1452 438 1492 ξ
466 1455 485 1481 5
511 1450 652 1481 Naribus
666 1451 801 1490 appulsi,
828 1450 932 1489 Tyron
957 1447 1078 1488 urbem]

379 1502 418 1532 F.
435 1501 581 1541 appulsis.
620 1500 692 1531 Liv.
709 1508 800 1530 xxx.
820 1501 872 1529 19.
908 1498 916 1514 ¹
933 1497 986 1528 lbi
1003 1507 1079 1529 eum

380 1550 597 1591 [Magonem]
611 1550 714 1590 legati
727 1549 769 1580 ab
783 1548 988 1585 Carthagine
1002 1557 1081 1588 pau-

380 1601 430 1632 cis
461 1605 539 1632 ante
569 1600 687 1631 diebus
717 1600 750 1630 in
776 1600 883 1629 sinum
912 1597 1080 1628 Gallicum

380 1651 531 1691 appulsis
555 1650 695 1681 navibus
721 1647 941 1690 adjecerunt)
986 1647 1080 1678 Suet.

381 1700 462 1731 Oct.
475 1704 528 1731 98.
552 1701 560 1717 ‘
572 1700 739 1730 Vectores
753 1703 932 1739 nautaeque
946 1697 988 1727 de
1003 1697 1081 1727 navi

380 1750 628 1789 Alexandrina,
639 1759 714 1791 quae
729 1753 860 1780 tantum
874 1746 963 1788 quod
976 1756 1082 1787 appu-

379 1801 489 1841 lerat,’
514 1803 578 1832 διε.
605 1800 743 1831 Gronov.
788 1799 888 1838 Vulg.
905 1797 1081 1828 distinctio

381 1851 472 1882 bona
489 1860 555 1881 non
575 1850 721 1881 videtur.
768 1849 858 1882 Quid
883 1848 971 1878 enim
995 1847 1081 1877 navi-

383 1901 437 1931 bns
451 1899 594 1940 appulsi?
617 1901 695 1931 Non
718 1899 822 1930 dicis:
858 1899 927 1929 Ubi
952 1897 1081 1928 fuerint

382 1952 542 1992 appulsi;
561 1951 646 1992 qnod
669 1955 781 1981 tamen
803 1959 943 1980 necesse
965 1953 1028 1987 est,
1045 1952 1083 1978 ut

382 2004 518 2044 integer
547 2003 591 2033 sit
621 2012 748 2033 sensus.
813 2001 952 2031 Comma
981 2000 1084 2039 igitur

383 2058 463 2093 post
475 2054 484 2070 ‘
495 2052 625 2093 Tyron’
635 2051 822 2083 collocand.
847 2051 979 2090 Nempe
995 2053 1003 2067 ‘
1016 2050 1084 2090 Ty-

384 2102 454 2134 ros’
479 2102 619 2132 insulam
644 2102 698 2132 hic
721 2105 830 2140 notat,
858 2110 925 2130 non
953 2100 1085 2138 urbem,

384 2152 473 2193 quod
483 2162 550 2183 non
561 2150 951 2183 observarunteditores.
968 2149 1084 2189 Steph.

384 2203 490 2243 Τύρος,
511 2203 602 2240 νῆσος
624 2202 656 2231 ἐν
678 2201 811 2241 Φοινίκῃ,
836 2198 894 2229 ἀπὸ
915 2198 1010 2238 Τύρου
1030 2198 1086 2228 τοῦ

384 2253 529 2284 Φοίνικος.
567 2252 678 2283 Strab.
710 2260 787 2281 xvi.
824 2248 917 2289 Τύρος
947 2250 970 2279 δ’
1002 2248 1086 2279 ἐστὶν

387 2304 447 2340 ὅλη
464 2305 566 2340 νῆσος.
590 2301 693 2339 Sches.

428 2357 512 2385 Ante
540 2363 653 2384 annum
679 2352 820 2390 Trojanoe
847 2348 958 2388 cladis]
993 2347 1083 2379 Hine

385 2405 516 2436 factum
541 2409 606 2442 est,
631 2403 721 2445 quod
747 2412 811 2442 ego
834 2401 867 2432 in
885 2399 999 2441 primis
1015 2400 1086 2430 ani-

386 2454 623 2486 madvertend.
641 2459 736 2494 puto,
758 2457 807 2489 ut,
821 2461 897 2482 cum
915 2450 1087 2480 Homerus

386 2505 490 2536 toties
505 2503 698 2534 meminerit
719 2502 946 2538 Sidoniorum,
961 2500 1088 2529 nullam

387 2561 504 2586 tamen
527 2553 703 2594 Tyriorum
721 2552 928 2583 mentionem
945 2548 1087 2588 fecerit;

388 2613 497 2645 neque
515 2604 604 2634 enim
622 2602 704 2633 illud
727 2611 848 2632 nomen
873 2610 928 2640 ap.
956 2598 1088 2629 Princi-

388 2664 465 2695 pem
485 2654 658 2694 po‘etarum
678 2652 811 2682 memini
832 2652 958 2691 legere.
996 2649 1088 2681 Quo·

388 2703 489 2734 niodo
506 2703 594 2733 enim
618 2703 651 2733 in
677 2702 891 2742 expositione
917 2709 1028 2731 rerum
1045 2699 1088 2730 ad

389 2754 530 2793 Trojam
553 2757 723 2792 gestarum
745 2751 862 2792 Tyrios
890 2759 1089 2782 commemo-

390 2809 514 2842 rasset,
527 2804 580 2844 qui
593 2808 650 2834 aut
662 2803 745 2833 nulii
759 2808 817 2833 aut
831 2802 960 2833 obscuri
973 2800 1088 2831 erant?

390 2853 586 2883 Prudenter
604 2853 705 2893 igitur
723 2852 764 2883 ab
782 2853 932 2883 Homero
948 2850 1088 2882 factum.

392 2904 461 2933 Etsi
487 2903 556 2934 scio
586 2912 698 2934 errare
724 2903 777 2935 hic
804 2902 989 2942 Justinum,
1014 2911 1088 2932 uam

824 355 964 385 NOTAE
998 356 1262 387 VARIORUM
1296 356 1346 386 IN

1119 450 1227 490 Tyrus
1242 450 1328 481 haud
1347 450 1449 482 dubie
1468 449 1637 491 antiquior
1651 453 1716 490 est,
1735 449 1815 482 dua-

1121 500 1183 531 bus
1198 506 1257 531 aut
1273 501 1380 532 tribus
1405 500 1511 532 ferme
1530 500 1815 541 generationibus.

1120 549 1188 580 Sed
1204 550 1261 581 illa
1277 555 1480 591 tempestate
1501 551 1628 581 nullum
1644 549 1707 581 sibi
1725 550 1815 590 apud

1122 600 1264 631 Graecos
1281 611 1401 632 nomen
1418 605 1619 642 pepererat3
1647 600 1710 631 nisi
1726 600 1816 641 quod

1122 651 1163 681 de
1175 651 1301 682 Cadmo
1313 652 1426 692 Tyrio,
1439 654 1501 682 &c.
1535 651 1600 682 Sed
1612 651 1686 681 haee
1699 660 1816 681 reeen-

1122 700 1225 731 tiores
1255 702 1450 741 scriptores.
1508 701 1584 731 Uno
1611 700 1729 737 verbo,
1757 699 1817 730 illa

1124 755 1279 792 tempora
1304 751 1562 792 impeditissima
1588 755 1676 782 sunt.
1706 750 1817 782 Faber.

1123 802 1206 842 Pro,
1239 811 1326 832 anno
1357 806 1436 832 ante
1463 801 1643 840 Trojanam
1673 800 1815 832 cladem.

1124 852 1253 892 Estque
1282 851 1360 882 talis
1387 851 1544 892 loquendi
1573 850 1682 881 forma
1711 850 1818 891 qualis

1124 900 1183 931 illa
1209 901 1285 932 Joh.
1314 910 1380 932 XII.
1407 905 1436 932 1.
1485 900 1548 941 Πρὸ
1571 900 1601 940 ἓξ
1626 900 1741 941 ἡμερῶν
1764 901 1820 930 τοῦ

1123 949 1253 989 πάσχαι
1278 955 1312 981 et
1335 951 1394 981 illa
1417 951 1580 982 versionis
1608 950 1711 982 Amos
1734 960 1760 982 l.
1789 954 1819 982 1.

1125 1000 1188 1041 Πρὸ
1198 1000 1248 1031 δύο
1261 1001 1336 1031 ἐτῶν
1345 1001 1399 1031 τοῦ
1410 1002 1546 1040 σεισμοῦ.
1569 1001 1671 1033 Oros.
1684 1010 1819 1042 quoque

1127 1061 1217 1090 saepe
1243 1052 1292 1082 ita
1315 1052 1476 1092 loquitur.
1515 1052 1565 1082 Ut
1590 1061 1614 1083 1.
1640 1056 1672 1083 5.
1701 1051 1820 1082 ‘Ante

1126 1110 1228 1131 annos
1244 1100 1336 1131 urbis
1353 1101 1499 1132 conditae
1516 1100 1638 1132 MCLX.’
1684 1102 1729 1132 Et
1744 1101 1819 1140 ipse

1127 1151 1253 1181 Noster
1276 1151 1393 1181 vocula
1415 1154 1484 1190 post
1508 1160 1645 1191 prorsus
1667 1151 1823 1182 similiter

1126 1201 1247 1232 utitur.
1303 1202 1352 1232 Ut
1382 1210 1544 1232 xxxvnl.
1571 1204 1602 1232 8.
1630 1204 1661 1232 1.
1713 1201 1823 1232 ‘Post

1128 1259 1230 1281 annos
1253 1255 1323 1281 tres
1350 1255 1384 1281 et
1409 1251 1530 1291 viginti
1553 1251 1678 1292 sumpti
1701 1250 1822 1291 regni?

1127 1300 1205 1331 Vid.
1225 1306 1261 1332 et
1278 1301 1386 1332 Notas
1400 1300 1441 1331 ad
1458 1310 1534 1332 Xiv.
1552 1304 1585 1331 3.
1600 1304 1631 1331 8.
1668 1301 1772 1332 Vorst.

1171 1352 1188 1391 ξ
1205 1354 1224 1381 6
1249 1351 1416 1381 Persarum
1432 1350 1520 1381 bellis
1534 1351 1587 1381 diu
1607 1352 1750 1391 varieque
1768 1350 1824 1389 fa-

1127 1399 1238 1439 tigati]
1263 1401 1422 1430 Errorem
1437 1400 1525 1430 hunc
1539 1409 1613 1430 esse
1630 1406 1723 1440 puto,
1735 1410 1826 1431 eum-

1129 1460 1193 1490 que
1210 1450 1405 1491 pudendum
1422 1451 1578 1482 maxime.
1619 1451 1719 1482 Unde
1734 1451 1825 1483 enim

1129 1499 1245 1530 Persae
1262 1500 1326 1530 illis
1344 1500 1568 1540 temporibus,
1585 1500 1641 1541 qui
1657 1501 1751 1532 annis
1768 1501 1826 1532 ad-

1129 1549 1264 1580 modum
1295 1551 1368 1580 600.
1403 1553 1481 1589 post
1510 1549 1626 1589 Trojae
1654 1549 1827 1581 excidium

1130 1598 1359 1639 principatum
1376 1597 1482 1637 Asiae,
1499 1598 1586 1629 duce
1610 1599 1712 1639 Cyro,
1735 1599 1827 1630 inva-

1130 1648 1264 1678 serunt?
1277 1647 1398 1689 Itaque
1409 1648 1550 1679 duorum
1559 1648 1701 1679 alterum
1712 1659 1828 1681 verum

1131 1705 1196 1738 est,
1217 1703 1276 1729 aut
1298 1699 1446 1739 turpiter
1467 1699 1599 1739 lapsum
1623 1709 1696 1730 esse
1720 1700 1830 1732 ‚Iusti-

1131 1759 1222 1787 num,
1252 1749 1279 1780 si
1306 1749 1354 1780 ita
1383 1749 1537 1789 scripsit3
1572 1754 1643 1788 aut,
1668 1749 1694 1780 si
1717 1749 1827 1780 minus

1131 1799 1282 1840 scripsit,
1298 1809 1410 1830 veram
1427 1799 1630 1839 scripturam
1647 1808 1719 1830 esse
1734 1800 1831 1840 Assy-

1131 1849 1262 1888 riorum,
1278 1858 1344 1879 non
1362 1849 1537 1880 Persarum.
1561 1849 1642 1880 Fab.

1175 1900 1204 1929 A
1221 1898 1318 1929 servis
1338 1899 1402 1929 suis
1426 1899 1624 1929 multitudine
1643 1898 1829 1929 abundante·-

1133 1948 1200 1987 bus]
1224 1949 1312 1979 Flor.
1340 1957 1394 1978 111.
1426 1951 1478 1979 12.
1510 1951 1559 1979 15.
1595 1948 1711 1980 ‘Quid
1739 1948 1830 1979 belia

1133 1999 1292 2029 servilia?
1317 1998 1406 2028 unde
1432 1997 1539 2035 nobis,
1565 1997 1628 2027 nisi
1655 2006 1697 2027 ex
1725 1997 1829 2027 abuu-

1134 2047 1250 2078 dantia
1263 2047 1481 2078 familiarum?
1497 2048 1576 2077 Tac.
1592 2056 1639 2077 ιν.
1651 2049 1704 2078 27.
1721 2046 1828 2078 ‘Urbs

1134 2098 1284 2138 trepidat
1299 2098 1342 2128 ob
1357 2097 1605 2128 multitudinem
1618 2096 1830 2136 familiarum,

1134 2158 1209 2189 quae
1226 2148 1387 2188 gliscebat
1406 2148 1615 2186 immensum,
1637 2148 1765 2179 minore
1783 2149 1830 2178 in·

1135 2198 1206 2229 dies
1223 2197 1322 2237 plebe
1340 2196 1507 2237 ingenua.'
1542 2198 1655 2238 Junge
1671 2197 1829 2238 Thucyd.

1135 2257 1184 2278 1v.
1202 2250 1253 2278 16.
1272 2250 1322 2278 12.
1346 2248 1388 2277 de
1410 2248 1654 2287 Spartanorum
1677 2247 1828 2278 Helotis:

1134 2298 1208 2329 Liv.
1227 2307 1282 2328 ιιι.
1307 2300 1357 2328 16.
1374 2300 1404 2328 3.
1438 2298 1516 2328 Sen.
1544 2297 1586 2327 de
1612 2297 1718 2328 Clem.
1737 2306 1761 2329 1.
1777 2299 1830 2330 24.

1136 2357 1187 2388 pr.
1219 2347 1314 2378 Bern.

1179 2399 1231 2438 §7
1256 2397 1359 2437 Atque
1381 2397 1428 2427 ita
1448 2396 1544 2436 potiti
1569 2395 1654 2435 urbe,
1677 2397 1756 2427 lares
1777 2396 1831 2427 do-

1136 2449 1287 2479 minorum
1317 2450 1475 2487 occupant,
1500 2446 1718 2486 rempublicam
1745 2446 1834 2476 inca-

1137 2499 1226 2536 dunt,
1247 2496 1389 2535 conjuges
1409 2498 1536 2534 ducunt,
1562 2495 1628 2536 εμπ]
1653 2496 1739 2526 Haec
1756 2504 1832 2536 per-

1138 2549 1277 2580 turbata
1293 2552 1381 2588 sunt,
1397 2551 1433 2578 et
1446 2546 1595 2578 confusa.
1631 2546 1687 2576 Sic
1705 2550 1833 2585 autern,

1137 2608 1213 2630 meo
1233 2597 1376 2639 judicio,
1403 2596 1633 2637 disponenda:
1661 2595 1764 2635 Atque
1786 2595 1835 2626 ita

1137 2659 1232 2689 remp.
1262 2649 1423 2686 invadunt,
1453 2648 1533 2677 lares
1564 2647 1642 2676 dom.
1671 2649 1833 2685 occupant,

1138 2701 1217 2739 conj.
1240 2709 1341 2730 eorum
1363 2699 1493 2734 ducunt,
1517 2700 1558 2734 et,
1586 2696 1663 2735 quod
1688 2695 1750 2735 ipsi
1771 2704 1835 2726 non

1138 2753 1238 2788 erant,
1253 2750 1362 2780 liberos
1375 2751 1491 2779 creant.
1527 2746 1610 2777 Fab.

1181 2801 1197 2840 ξ
1225 2803 1244 2829 8
1269 2799 1331 2834 Qui
1356 2798 1425 2829 miti
1452 2796 1576 2836 ingenio
1601 2795 1682 2826 senis
1707 2794 1835 2834 domini,

1137 2849 1207 2888 &cd
1231 2847 1395 2881 Quaedam
1416 2846 1492 2877 edd.
1514 2851 1589 2886 post
1604 2844 1641 2874 τὸ
1666 2843 1834 2885 ‘ingenio'

1139 2899 1265 2930 habent
1294 2897 1559 2936 distinctionem,
1590 2905 1664 2937 quae
1700 2894 1833 2927 omnino
