2101 3419
594 375 787 407 JUS'I'lNl
822 375 914 404 mn.
949 375 1095 405 xviii.
1128 375 1234 406 cAr.
1263 364 1304 405 6.

235 471 276 502 ad
297 470 465 502 Stratonis
485 469 671 507 historiam,
684 478 784 510 quam
808 472 926 499 narrat

234 521 362 552 Auctor
377 531 448 560 sup.
466 529 539 560 cap.
564 521 595 550 3.
617 517 725 549 refert
747 518 926 549 Tristanus

234 575 313 600 toni.
326 579 382 600 111.
407 570 592 600 Comment.
618 577 652 607 p.
676 570 707 598 8.
733 567 793 598 sed
816 567 927 598 erudi-

233 619 305 650 tiss.
321 619 420 649 istum
438 619 545 649 virum
562 618 594 648 in
611 627 653 648 eo
670 627 802 648 nummo
819 617 929 648 consi-

234 669 385 700 derando
402 673 437 699 et
453 667 677 699 describendo
690 667 772 697 mire
789 667 929 698 halluci-

233 723 348 750 natum
370 718 471 749 fuisse
493 717 644 749 ostendit
659 716 823 747 Vaillant.
846 720 927 748 tom.

235 778 277 801 11.
301 769 465 800 Numism.
482 779 537 800 aer.
564 768 653 808 Imp.
676 767 774 800 Rom.
798 767 833 798 in
857 768 929 799 Col.

234 829 330 860 perc.
347 829 380 859 p.
398 822 473 850 338.

278 868 341 898 Pro
356 869 432 909 solo]
454 867 509 899 Ita
524 876 602 899 xix.
626 869 657 897 1.
682 868 713 897 3.
737 864 931 907 Antiquita-

235 921 305 949 tem
331 917 473 949 observa
501 917 603 948 moris
639 916 728 947 illius
761 916 932 956 pendendi

237 966 423 1007 vectigalis,
438 966 527 1008 quod
541 967 550 983 ‘
564 965 739 998 solarium'
756 966 934 1006 Ulpianus,

235 1017 343 1048 nostri
371 1017 608 1065 Qunssnffl'ng}
635 1015 820 1056 appellant.
863 1014 932 1046 Inf.

238 1077 317 1100 xrx.
333 1072 363 1101 2.
383 1071 417 1100 4.
438 1069 448 1086 ‘
467 1068 685 1109 Stipendium
710 1068 802 1099 urbis
823 1067 934 1100 cond?

238 1118 364 1150 dicitur
387 1119 480 1159 Scip.
526 1119 673 1150 Gentilis
690 1119 787 1159 Orig.
811 1129 844 1160 p.
859 1122 933 1151 344.

239 1179 285 1200 m.
301 1169 418 1200 Vinet.
434 1169 468 1199 in
484 1168 612 1200 Auson.
628 1180 659 1210 p.
672 1173 726 1201 49.
751 1171 850 1202 Bern.

281 1221 298 1260 ξ
323 1222 361 1251 15
397 1221 436 1251 In
457 1220 568 1260 primis
582 1220 813 1262 fundamentis]
844 1221 935 1252 Num

236 1269 371 1309 legend.
391 1270 462 1301 imis
480 1269 538 1308 fi?
566 1271 634 1302 Sed
657 1271 681 1303 f.
701 1273 804 1312 prima
818 1272 936 1311 funda-

238 1324 342 1352 menta
357 1326 447 1359 sunt,
463 1331 603 1362 summa,
624 1333 649 1354 s,
673 1333 831 1364 suprema
857 1334 936 1365 pars

239 1372 550 1404 fundamentorum:
569 1374 656 1404 sicut
670 1374 679 1391 ‘
691 1375 800 1415 prima
811 1375 938 1414 platea'

243 1421 381 1461 dicitur,
408 1427 444 1453 ut
470 1422 514 1453 sit
543 1432 681 1454 sensus:
712 1424 834 1454 Statim
860 1434 937 1455 cnm

240 1471 432 1512 inciperent
441 1471 663 1503 fundamenta
673 1471 833 1505 effodere.
849 1474 939 1506 Quo-

242 1521 341 1552 modo
364 1526 398 1553 et
425 1522 468 1553 de
496 1522 665 1562 Capitolio
690 1523 824 1554 Livius:
848 1524 858 1540 ‘
875 1524 938 1554 Oa—

242 1575 304 1611 put
316 1572 493 1602 humanum
508 1572 641 1611 integra
657 1571 744 1603 facie
758 1573 938 1613 aperienti-

243 1621 305 1652 bus
332 1620 551 1652 fundamenta
574 1622 692 1662 templi
731 1622 854 1654 dicitur
880 1633 939 1663 ap-

244 1671 422 1712 paruisse!
467 1672 535 1702 Pro
552 1671 561 1688 ‘
574 1672 805 1712 aperientibus
823 1672 940 1705 funda-

244 1720 376 1751 menta'
402 1721 528 1752 Noster
549 1721 583 1751 in
599 1722 710 1761 primis
722 1722 940 1760 fundamentis

245 1770 367 1802 dixisse
384 1771 528 1803 videtur.
561 1771 668 1809 Schef.
713 1773 871 1804 Eustalh.
897 1774 939 1804 ad

246 1821 385 1861 Dionys.
414 1822 551 1861 Perieg.
580 1824 654 1852 197.
678 1821 716 1851 Oi
730 1821 762 1852 δὲ
778 1821 827 1852 καὶ
848 1823 940 1854 τοῦτο

243 1871 313 1912 *epi
337 1870 531 1912 Καρχηδόνος
553 1871 659 1911 φασὶν,
680 1872 719 1903 ὣς
744 1871 801 1912 ἄρα
825 1873 854 1903 οἱ
874 1873 941 1914 περὶ

244 1921 303 1959 τὴν
319 1921 483 1961 Ἔλισσαν,
505 1922 599 1961 ἤγουν
613 1922 642 1953 οἱ
660 1922 739 1961 μετὰ
752 1924 809 1960 τῆς
824 1925 942 1964 Διδοῦς,

245 1971 426 2013 ὀρύσσοντες
453 1971 494 2004 εἷς
524 1971 642 2004 πόλεως
666 1973 767 2003 κτίσιν
794 1972 844 2004 καὶ
869 1973 942 2009 βοὸς

245 2022 380 2063 εὑρόντες
403 2021 553 2062 κεφαλὴν,
580 2021 755 2061 ἀπέσχοντο
777 2023 831 2053 τοῦ
854 2022 941 2063 ὀρύσ-

245 2083 322 2112 σειν,
346 2071 395 2104 οΐα
420 2072 638 2111 ὀπτευσάμενοι
651 2071 783 2111 μόχθους
805 2073 855 2104 καὶ
877 2075 942 2104 δου-

246 2124 333 2155 λείαν
353 2125 482 2163 συνεχῆ,
497 2123 514 2154 ὃ
529 2123 578 2155 καὶ
603 2123 630 2154 οἱ
656 2122 728 2159 βόες
754 2122 940 2163 πάσχουσιν·

246 2173 403 2214 ὀρύξαντες
418 2173 451 2205 δὲ
466 2173 533 2215 περί
547 2186 604 2204 που
621 2173 740 2213 φοίνικα
754 2173 943 2214 πεφυτευμέ-

245 2236 310 2264 νσν,
326 2223 409 2265 ε’ῧρον
429 2224 571 2264 κεφαλὴν
582 2224 687 2264 ἵππου,
702 2224 754 2255 καὶ
768 2225 942 2264 συμβαλόν-

246 2288 297 2306 τες
312 2274 509 2313 σημαίνεσθαι
522 2274 644 2314 σχολὴν
668 2275 783 2313 αὐτοῖς,
810 2275 860 2306 καὶ
872 2275 942 2315 παρ’

248 2325 353 2356 ἄλλων
368 2325 451 2356 δόσιν
465 2327 591 2366 τροφῆς,
602 2324 678 2356 καθὰ
689 2325 739 2355 καὶ
754 2326 818 2356 τοῖς
829 2325 944 2366 ἵπποις,

248 2375 373 2407 ἔκτισαν
387 2377 419 2407 ἐν
438 2377 482 2415 τῷ
498 2375 625 2415 τοιούτῳ
650 2374 734 2414 τόπῳ
748 2375 806 2412 τὴν
823 2381 945 2417 Καρχη-

248 2425 332 2466 δόνα,
352 2426 400 2457 καὶ
414 2427 514 2457 ταῦτα.
528 2427 608 2468 (leg.
625 2426 681 2457 κᾶν
696 2426 838 2466 ἐνταῦθα)
860 2426 944 2457 πότι-

248 2489 305 2515 μον
320 2477 394 2517 ὕδωρ
415 2477 457 2515 μὴ
471 2476 585 2516 ἔχοντι.
619 2475 678 2507 Καὶ
691 2475 778 2515 τάχα
793 2476 841 2507 διὰ
853 2477 944 2507 τοῦτο

250 2526 300 2558 καὶ
315 2525 464 2565 Κακκάβη
478 2526 603 2564 ἐκλήθη.

293 2578 397 2609 Servae
411 2578 510 2618 urbis]
535 2578 607 2609 Liv.
625 2586 754 2609 xxxw.
767 2580 820 2608 81.
843 2578 852 2595 ‘
869 2578 945 2608 Ser-

250 2638 300 2659 vae
324 2633 360 2660 et
382 2628 566 2669 vectigales
588 2628 722 2659 urbesz’
757 2633 791 2659 et
808 2628 944 2668 Ulpian-

252 2679 289 2709 L.
304 2681 357 2710 20.
374 2681 391 2720 ξ
409 2682 440 2711 l.
453 2680 496 2710 D.
513 2678 555 2710 de
573 2678 714 2720 Adquir.
732 2688 843 2710 rerum
856 2678 945 2711 dom.

253 2728 262 2746 ‘
279 2728 404 2759 Servus
420 2728 568 2759 fundus!
593 2729 692 2760 Gron.

297 2780 315 2818 ξ
348 2781 388 2809 16
422 2779 504 2818 Equi
534 2778 639 2818 caput]
678 2778 762 2809 Ideo
794 2776 945 2815 Κακκάβη

255 2827 358 2867 dicta,
374 2829 462 2869 quod
488 2829 635 2869 ipsorum
653 2829 766 2868 lingua
790 2832 841 2859 est
856 2832 947 2868 caput

255 2878 418 2918 equinum5
441 2879 556 2919 Steph.
581 2880 736 2918 Bongors.
764 2879 854 2911 Add.
871 2880 947 2910 Vir-

257 2929 313 2968 gil.
327 2929 398 2959 AEn.
418 2938 441 2960 1.
456 2939 505 2961 vs.
528 2932 602 2961 418.
648 2929 823 2969 Ejusmodi
839 2929 948 2970 auspi-

1588 361 1672 404 889

977 468 1031 499 cia
1047 468 1166 509 priscis
1189 469 1222 499 in
1245 467 1432 500 condendis
1458 466 1598 499 urbibus
1614 476 1673 498 cu-

976 519 1063 550 riose
1080 519 1268 557 observata,
1284 523 1412 560 praeter
1428 519 1492 549 alia
1516 519 1673 558 exemplo

977 573 1029 600 est
1042 570 1148 599 Roma
1161 578 1216 609 ap.
1230 569 1305 599 Liv.
1324 578 1348 599 1.
1363 572 1416 599 55.
1432 571 1465 599 7.
1487 568 1586 599 Bern.

1021 620 1038 659 ς
1056 621 1093 649 17
1109 619 1159 649 Ad
1170 618 1342 658 opinionem
1352 628 1437 649 nova>
1448 617 1548 657 urbis]
1565 626 1674 649 xmu-

978 671 1010 701 2.
1027 672 1076 700 12.
1101 670 1198 700 Idem.

1022 720 1108 750 CAP.
1130 728 1179 749 vr.
1223 719 1240 759 ξ
1268 720 1281 748 l
1305 717 1555 757 Maximinorum]
1578 717 1676 749 Vett.

980 769 1117 809 quidam
1141 768 1399 805 Ilquitanormn;
1433 768 1533 807 vulgo
1554 768 1678 798 Mauri-

980 822 1135 850 tanorum:
1159 828 1235 850 eum
1259 818 1415 849 Eustath.
1432 818 1466 848 in
1481 818 1625 858 Dionys.
1641 828 1673 858 p.

981 872 1034 900 30.
1048 879 1077 901 a.
1094 879 1207 909 regem
1221 868 1302 900 facit
1315 868 1469 908 Μαζίκων.
1481 867 1546 908 Ap.
1561 869 1678 908 Steph.

982 920 1024 950 de
1039 919 1124 950 Urb.
1141 918 1265 959 Μάζυες
1277 924 1356 950 sunt
1370 919 1398 949 οἱ
1412 917 1526 956 Λιβύης
1541 917 1677 956 νομάδες·

983 969 1041 1000 εἶσ).
1068 969 1101 1001 δὲ
1131 969 1182 1001 καὶ
1209 968 1306 1010 ἕτεροι
1342 968 1472 1008 Μάξυες,
1499 967 1549 998 καὶ
1581 966 1678 1008 ἕτεροι

984 1019 1123 1059 Μάχμες.
1168 1021 1282 1051 Docto
1304 1019 1427 1050 lectori
1443 1018 1609 1059 judicium
1625 1027 1678 1048 re-

983 1070 1111 1110 linquo.
1133 1070 1290 1108 Bongars.
1335 1069 1345 1086 ⁶
1369 1067 1552 1108 Mazyces’
1579 1067 1680 1108 Lybi-

984 1131 1042 1152 cos
1069 1120 1211 1161 populos
1234 1119 1340 1151 habet
1361 1119 1464 1150 etiam
1485 1118 1680 1149 Marcellin.

985 1180 1088 1203 xxix.
1103 1174 1155 1203 25.
1172 1176 1207 1202 et
1221 1173 1274 1202 27.
1312 1170 1368 1200 De
1384 1169 1433 1200 his
1450 1168 1592 1200 Auctori
1610 1177 1680 1199 ser-

984 1232 1116 1253 monem
1133 1222 1186 1252 hic
1203 1230 1288 1259 esse,
1307 1220 1412 1251 sentit
1431 1219 1534 1250 etiam
1556 1219 1589 1249 in
1616 1218 1682 1249 Ex-

986 1282 1054 1304 erc.
1071 1273 1160 1304 Plin.
1188 1282 1222 1312 p.
1238 1274 1312 1302 322.
1329 1280 1358 1302 c.
1375 1279 1516 1310 magnus
1536 1269 1595 1300 ille
1612 1269 1682 1301 Sal-

986 1333 1067 1354 mas.
1090 1324 1189 1354 Rern.

1029 1373 1184 1412 Hz'arbas]
1220 1372 1344 1403 Melius
1369 1371 1440 1402 sine
1476 1370 1681 1411 aspiratione

988 1425 1108 1465 Iarbas,
1136 1423 1302 1466 quomodo
1339 1422 1455 1454 Graeci
1491 1426 1527 1453 et
1559 1421 1680 1461 Virgil.

988 1475 1088 1506 Idem.

1031 1525 1048 1564 ξ
1071 1527 1091 1554 2
1115 1524 1270 1555 Cultz’ores
1283 1524 1381 1554 victus
1400 1533 1480 1562 eum,
1494 1523 1561 1564 θα]
1581 1522 1679 1555 Junt.

988 1574 1090 1605 etiam
1117 1583 1192 1604 curn
1220 1574 1293 1604 aliis
1317 1572 1396 1605 edd.
1422 1573 1564 1604 cultiores
1585 1582 1683 1603 mores

987 1624 1154 1664 victusque.
1199 1623 1333 1654 Deinde
1348 1624 1380 1653 in
1398 1623 1473 1654 iisd.
1497 1628 1549 1654 est
1564 1623 1682 1654 ituram

988 1683 1031 1712 se,
1046 1683 1102 1713 quo
1115 1683 1170 1704 sua
1182 1676 1212 1704 et
1224 1673 1310 1703 urbis
1316 1672 1391 1711 fata
1403 1677 1557 1705 vocarent.
1582 1673 1682 1705 Quod

988 1724 1077 1754 male
1103 1724 1326 1764 repudiarunt
1345 1724 1550 1754 recentiores
1576 1723 1685 1754 edito-

989 1784 1056 1805 res.
1101 1775 1185 1805 Mox
1209 1775 1256 1815 [n.
1281 1774 1347 1814 11.]
1367 1775 1463 1807 Junt.
1510 1775 1587 1805 Cum
1601 1775 1686 1806 inter

988 1826 1100 1854 caetera
1127 1824 1207 1854 mala
1234 1827 1320 1863 peste
1347 1823 1531 1854 laborarent.
1567 1824 1684 1855 Graev.

989 1872 1077 1904 Aliae
1104 1873 1181 1904 edd.
1210 1874 1352 1904 cultiores
1384 1883 1481 1904 mores
1514 1873 1684 1914 victusque.

989 1922 1114 1954 Faber.
1169 1922 1386 1964 Antiquiores
1420 1922 1499 1953 edd.
1529 1922 1684 1964 interque

991 1976 1124 2004 ceteras
1144 1972 1242 2004 Junt.
1259 1982 1325 2003 una
1347 1981 1431 2004 voce
1454 1972 1601 2013 plenius,
1622 1973 1686 2004 cut-

989 2022 1085 2053 tiores
1099 2032 1198 2053 mores
1212 2022 1378 2063 victusque.
1399 2022 1516 2053 Vorst.

1033 2074 1050 2113 ς
1074 2075 1093 2103 4
1118 2073 1182 2103 Pro
1205 2073 1301 2103 solute
1325 2072 1454 2113 patrioe]
1477 2073 1486 2090 ‘
1502 2072 1623 2113 Neque
1639 2072 1685 2104 ci-

991 2131 1050 2153 ves
1077 2122 1190 2153 idonei
1215 2122 1340 2164 aliquid
1364 2122 1491 2154 liabent
1516 2123 1686 2164 antiquius

991 2173 1099 2204 salute
1123 2174 1290 2204 communi
1303 2172 1323 2204 :⁷
1345 2174 1446 2205 Varr.
1472 2174 1552 2204 Rer.
1581 2174 1686 2204 Hum.

992 2231 1055 2254 xx.
1084 2222 1213 2254 citante
1240 2223 1351 2254 Nonio
1383 2223 1417 2254 in
1448 2234 1480 2255 ν.
1506 2224 1687 2264 Antiquam.

991 2275 1134 2305 Bernec.
1179 2273 1216 2304 St·
1240 2283 1297 2314 pro
1320 2275 1421 2305 solute
1444 2274 1569 2314 patriar,
1597 2275 1630 2306 h.
1657 2284 1688 2307 e.

993 2324 1084 2365 quod
1100 2329 1310 2355 recusarent.
1357 2323 1406 2356 At
1421 2334 1501 2356 vero
1514 2325 1572 2356 tali
1589 2324 1688 2356 modo

994 2375 1194 2414 particulam
1210 2374 1238 2404 si
1253 2383 1419 2414 usurpare
1442 2375 1606 2405 Nostrum
1621 2384 1688 2405 non

995 2425 1127 2465 opinor.
1181 2425 1295 2457 Quare
1321 2425 1456 2455 mallem
1483 2424 1535 2465 qui
1561 2434 1623 2465 pro
1649 2434 1690 2455 ea

994 2474 1209 2505 substituere.
1233 2474 1339 2512 Schef.

1037 2525 1103 2566 Ipsi
1111 2524 1260 2563 socienda
1273 2534 1345 2564 esse,
1358 2524 1386 2555 si
1400 2524 1476 2555 velit
1491 2524 1561 2555 urbi
1574 2526 1689 2556 cousul-

995 2578 1060 2606 tum
1071 2574 1149 2614 esse]
1166 2575 1200 2606 Si
1217 2583 1270 2605 me
1284 2574 1411 2614 audies,
1424 2574 1505 2605 illud
1518 2575 1611 2614 prius
1626 2585 1690 2606 esse

996 2625 1135 2656 delebis.
1159 2624 1237 2655 Fab.

1039 2676 1083 2716 §5
1100 2676 1168 2711 Quo
1179 2685 1241 2705 suae
1253 2673 1353 2714 urbis]
1364 2674 1461 2706 Junt.
1474 2676 1561 2705 teste
1574 2673 1690 2707 Graev.

996 2726 1183 2767 elegantius
1198 2736 1254 2765 quo
1268 2735 1323 2756 sua
1335 2728 1365 2756 et
1380 2725 1446 2756 urb.
1470 2726 1583 2757 Vorst.

1040 2779 1057 2817 ξ
1080 2779 1100 2807 6
1123 2775 1325 2815 Inferiasque,
1347 2775 1416 2815 Esca]
1448 2775 1577 2806 Tabula
1603 2786 1691 2807 mar-

996 2836 1111 2858 morea
1122 2826 1268 2856 Pisana:
1288 2834 1349 2858 QV1
1363 2834 1542 2856 ΡΒινΑΤιΜ
1558 2835 1690 2858 νΕιιΝΤ

998 2884 1159 2908 MAvas
1179 2883 1259 2906 Eivs
1277 2883 1442 2905 INFERIAS
1461 2884 1633 2907 Mi'r‘rERE.

1041 2927 1150 2958 Sumto
1171 2925 1276 2965 gladio
1297 2935 1406 2966 pyram
1431 2927 1582 2967 ascendit]
1614 2928 1691 2960 Ser-
