2101 3419
433 373 537 414 cxiv

433 479 526 508 diana
569 478 687 509 luxuria
724 480 803 516 xxiV,
834 483 865 515 2,
895 483 913 511 7
956 482 1134 512 exercitatio

433 521 545 556 xxxvii,
560 524 592 557 4,
607 524 628 551 2
651 521 864 561 quotidianum
879 523 1055 554 exercitium
1082 525 1135 561 vii,

432 566 465 600 2,
481 566 501 593 6
524 563 713 602 quotidianae
731 565 845 604 rapinae
869 565 911 600 ix,
927 568 958 601 8,
975 569 996 596 6

475 605 623 640 Quotidie
659 606 703 641 iii,
721 609 750 642 1,
776 609 807 638 2.
834 618 884 644 xx,
905 611 937 644 4,
953 610 984 638 6.
1012 608 1136 644 xxxviii,

435 650 466 683 8,
480 651 498 677 5

475 689 609 725 Quoties
634 688 700 727 xiii,
718 692 747 725 1,
761 692 780 721 3

781 839 823 870 R.

476 943 592 975 Rabies
628 945 708 982 xxix,
733 948 764 982 3,
786 949 804 977 3
843 947 940 977 rabies
969 947 1129 978 Gallorum

433 986 516 1021 xxvi,
528 990 560 1022 2,
578 990 597 1018 3

476 1028 579 1059 Radix
597 1028 708 1058 montis
732 1030 784 1064 xii,
801 1033 832 1065 5,
850 1033 880 1060 9.
911 1030 987 1066 ΧΙῖῖῖ,
1006 1034 1034 1065 1,
1050 1035 1070 1062 7

474 1069 632 1100 Ranarum
655 1073 737 1111 apud
762 1072 938 1102 Autariatas
965 1073 1133 1104 multitudo

436 1122 487 1147 Χν,
505 1115 539 1150 2,
554 1116 569 1143 1

476 1153 644 1193 Rapacitas
666 1155 882 1193 proconsulum
904 1156 1027 1190 xxxviii.
1057 1160 1089 1192 7,
1115 1160 1135 1188 8

475 1195 599 1235 Rapere
614 1207 620 1225 :
662 1196 730 1235 plus
765 1197 921 1226 hominum
959 1198 1068 1228 ferrum
1105 1205 1137 1229 et

433 1247 526 1272 arma,
552 1247 644 1277 quam
667 1238 797 1268 fatorum
824 1240 967 1269 naturalis
994 1241 1133 1270 conditio

434 1280 513 1318 rapit
547 1280 578 1314 ii,
595 1282 682 1314 2,13
718 1290 821 1320 rapere
849 1281 941 1311 telum
967 1283 1006 1311 ab
1030 1282 1134 1322 aliquo

433 1321 486 1355 xii,
500 1324 532 1356 6,
547 1324 565 1352 3
590 1326 694 1360 raptus
709 1321 868 1352 immatura
884 1328 980 1353 morte
1002 1324 1055 1361 vii,
1070 1329 1102 1361 2,
1113 1329 1131 1355 5

431 1368 536 1403 raptus
553 1362 676 1402 spiritus
699 1364 739 1399 vi,
760 1368 788 1399 1,
806 1368 845 1395 15

477 1404 595 1444 Rapidi
609 1415 713 1434 cursus
730 1406 865 1435 amnium
891 1407 963 1443 xliV,
981 1410 1011 1442 l,
1027 1410 1047 1438 7

475 1446 601 1487 Rapina
631 1448 778 1477 bonorum
803 1449 863 1484 viii,
880 1453 912 1488 5,
930 1452 950 1480 9
987 1459 1132 1489 pecorum

433 1488 508 1523 xliii,
522 1493 554 1529 2,
567 1492 588 1519 9
611 1499 629 1518 a
643 1489 750 1529 rapina
765 1490 898 1520 hostium
924 1491 1040 1531 templa
1065 1492 1133 1522 Vin-

433 1531 535 1560 dicare.
558 1531 621 1566 viii,
637 1534 669 1566 2,
685 1534 705 1562 9
727 1532 864 1562 caedibus
878 1538 910 1563 et
925 1534 1039 1574 rapinis
1065 1544 1131 1575 poe-

433 1583 488 1601 nas
505 1573 586 1603 luere
610 1573 673 1608 viii,
691 1576 720 1608 1,
737 1576 757 1604 4

474 1614 594 1654 Raptor
611 1615 758 1655 virginum
774 1614 889 1655 Apollo
902 1617 965 1653 xiii,
977 1620 1009 1657 7,
1025 1620 1043 1648 7
1061 1627 1131 1658 rap·

432 1661 512 1685 tores
528 1657 708 1696 templorum
733 1656 796 1692 viii,
812 1660 845 1696 2,
861 1661 881 1688 9

475 1698 585 1727 Rarior
599 1699 720 1729 occasio
744 1698 797 1734 xii,
811 1703 843 1734 5,
858 1703 879 1730 6

474 1739 558 1770 Raro
592 1740 612 1776 i,
641 1744 672 1776 2,
690 1744 741 1772 11.
776 1741 820 1776 iii,
835 1746 866 1776 5,
884 1744 934 1773 14.
973 1743 1015 1782 xi,
1034 1745 1085 1778 14,
1101 1746 1134 1774 2.

431 1792 502 1815 xxv,
519 1787 551 1816 5,
571 1785 588 1812 3

475 1823 572 1853 Rates
594 1823 628 1859 ii,
644 1826 676 1859 6,
697 1826 733 1855 ll

475 1864 570 1895 Ratio
587 1865 658 1906 (pro
675 1866 771 1895 forma
786 1871 817 1896 et
843 1865 954 1904 modo)
978 1867 1018 1901 vi,
1035 1870 1067 1903 8,
1082 1870 1133 1898 10.

434 1907 476 1941 ix,
495 1910 526 1942 8,
548 1911 566 1938 7
605 1907 741 1939 Freinsh.
779 1909 855 1937 ratio
885 1909 968 1948 apud
999 1909 1150 1949 aliquem*

433 1954 553 1978 constat
569 1949 623 1978 otii
639 1949 781 1989 alicujus,
806 1950 897 1979 Praef.
922 1954 941 1980 5
984 1951 1131 1981 rationem

438 1990 530 2020 alicui
545 1991 670 2020 reddere
685 1991 814 2030 alicujus
830 1992 871 2021 rei
895 1992 954 2026 xvi,
967 1995 999 2031 2,
1013 1996 1032 2023 7

456 2052 460 2055 -
480 2031 579 2061 ssatus
616 2032 649 2067 ii,
674 2036 724 2067 12,
741 2036 792 2063 14.
824 2033 876 2067 vii,
892 2036 925 2070 6,
938 2036 968 2063 4.
1005 2034 1046 2069 Χῖ,
1064 2037 1094 2069 6,
1112 2037 1132 2064 9

433 2078 499 2103 rata
522 2074 542 2109 i,
559 2077 590 2108 8,
605 2077 636 2104 2.
659 2075 758 2108 xxxix.
776 2077 806 2109 3,
820 2078 859 2105 10
882 2075 1002 2104 facilem
1015 2085 1131 2114 expug-

432 2115 588 2144 nationem
613 2115 669 2145 rati
691 2116 732 2150 vi,
748 2118 778 2150 4,
802 2119 821 2146 8
855 2117 1042 2152 servitutem,
1069 2127 1130 2146 non

434 2167 542 2197 pacem
559 2156 615 2186 rati
637 2157 678 2192 ix,
694 2161 725 2196 5,
742 2160 760 2187 3

476 2197 593 2228 Reatus
608 2199 671 2238 (est
695 2209 811 2229 reorum
835 2204 951 2228 status:
977 2199 1128 2229 interdum

431 2240 523 2269 etiam
554 2250 607 2279 pro
634 2240 725 2280 culpa
754 2240 821 2280 ipsa
838 2241 979 2280 ponitur:
1004 2242 1052 2270 hic
1069 2241 1129 2270 ‘ad

436 2282 565 2311 reatum’
593 2282 674 2311 idern
704 2288 749 2312 est
786 2283 869 2322 quod
893 2283 932 2312 ad
967 2283 1130 2313 dicendam

431 2324 569 2361 causam)
591 2324 631 2359 iv,
644 2327 675 2359 4,
690 2327 708 2354 4
732 2324 869 2353 Freinsh.

474 2365 638 2395 Rebellare
652 2366 690 2401 xi,
708 2368 759 2400 14,
775 2369 792 2396 7
809 2365 922 2395 fiducia
935 2365 1065 2406 alicujus
1088 2367 1129 2402 xi,

434 2410 465 2442 4,
483 2410 522 2437 10
546 2407 727 2437 rebellantes
749 2408 782 2442 ii,
800 2411 851 2443 12,
867 2412 885 2438 5

474 2448 633 2479 Recedere
647 2461 653 2478 :
671 2460 760 2489 rupes
775 2450 805 2478 in
819 2450 945 2479 formam
962 2449 1069 2478 theatri
1083 2460 1130 2479 rc-

432 2491 525 2521 cessit
547 2490 626 2525 xxiv,
643 2494 674 2527 6,
690 2495 709 2522 8
733 2492 873 2521 recedere
889 2501 906 2521 a
924 2492 1019 2529 patria
1049 2492 1128 2527 xxxi,

432 2536 464 2566 4,
481 2536 501 2562 6
523 2533 561 2561 ab
576 2532 676 2562 insula
698 2534 798 2568 xxxix,
814 2537 847 2571 4,
863 2536 882 2563 2
906 2534 944 2562 ab
968 2533 1128 2563 obsidione

431 2574 506 2610 xliii,
522 2578 554 2610 5,
568 2577 588 2604 6
612 2575 741 2604 victores
755 2576 896 2604 recedere
920 2575 979 2609 xix,
997 2578 1027 2608 3,
1045 2578 1063 2605 7

474 2616 596 2645 Recens
613 2616 697 2646 miles
722 2617 760 2652 vi,
776 2620 806 2650 4,
822 2620 861 2647 13
878 2627 984 2646 recens
1002 2617 1127 2647 iictoria

431 2657 452 2691 i,
467 2662 497 2691 8,
513 2661 533 2688 9
556 2668 624 2687 cera
647 2659 678 2693 ii,
698 2661 749 2694 10,
767 2661 805 2688 14
829 2668 934 2688 recens
950 2658 1125 2688 incendium

431 2699 532 2734 xxviii,
545 2702 576 2733 2,
593 2703 613 2730 6
635 2701 784 2730 recentior
799 2700 841 2730 ira
861 2702 934 2739 (pro
957 2701 1078 2739 recens)
1105 2701 1125 2735 i,

430 2744 483 2778 10,
503 2744 540 2771 19
556 2741 623 2781 (Ita
637 2752 718 2781 saepe
733 2742 957 2782 comparativus
974 2752 1026 2781 pro
1045 2743 1126 2781 posi-

430 2781 511 2821 tivo)
536 2783 638 2813 Vorst.
672 2784 804 2814 recentia
829 2784 976 2813 beneficia
1001 2794 1031 2819 V,
1057 2788 1122 2822 5‚6

432 2824 592 2864 s'Egyptus
607 2830 748 2855 terrarum
762 2825 969 2855 recentissima
990 2824 1023 2861 ii,
1042 2829 1070 2861 1,
1081 2829 1123 2857 20

430 2866 635 2896 recentissime
658 2878 727 2902 xxx,
742 2870 774 2902 4,
791 2870 810 2898 Β

474 2906 717 2947 Receptaculum
742 2909 814 2948 (pro
831 2909 898 2938 loco
912 2908 943 2938 in
959 2918 1050 2949 quem
1066 2918 1122 2938 nos

431 2948 611 2990 recipimus)
642 2950 674 2986 ii,
696 2954 727 2986 4,
753 2953 804 2981 30.
828 2951 867 2986 ix,
885 2953 948 2986 1,2
986 2950 1123 2981 Freinsh.

1084 385 1242 416 INDEX

1184 485 1377 524 receptacula
1392 485 1484 515 futuri
1512 484 1584 515 belli
1611 496 1673 515 non
1698 488 1881 518 exstruenda

1185 526 1217 562 ii,
1235 530 1287 561 15,
1298 529 1318 557 2

1227 567 1382 609 Recipere
1392 567 1464 608 (pro
1480 567 1634 609 accipere)
1657 569 1698 605 ix,
1712 573 1744 606 5,
1759 572 1781 600 9
1808 569 1880 612 (pro

1184 610 1353 650 occupare)
1376 610 1417 645 xi,
1436 613 1486 645 10,
1503 614 1534 641 4.
1561 611 1602 646 xi,
1619 614 1670 646 11,
1697 615 1713 642 1
1746 612 1882 642 Freinsh.

1183 652 1318 691 recipere
1333 652 1372 681 ab
1387 652 1539 693 aliquibus
1550 651 1621 692 jura
1639 653 1746 694 populi
1767 664 1798 690 V,
1814 657 1845 690 3,
1861 657 1881 685 7

1183 693 1252 733 (ubi
1280 693 1338 723 vim
1365 694 1511 724 denotat:
1540 695 1675 734 sequitur
1699 695 1791 731 euim,
1824 700 1833 714 ‘
1849 696 1883 726 ni

1184 735 1241 775 ipsi
1258 735 1458 774 redderent’).
1494 737 1628 776 recipere
1645 737 1795 773 civitates,
1811 747 1882 777 quae

1183 777 1361 807 defecerant
1374 788 1402 811 v,
1418 781 1449 813 4,
1466 781 1496 809 6.
1513 779 1553 813 vi,
1571 781 1601 814 3,
1619 781 1658 809 12
1671 779 1812 809 civitates
1827 790 1882 810 Vo-

1184 819 1328 849 luntarias
1350 830 1379 854 ν,
1395 822 1427 855 7,
1444 822 1462 850 3
1485 821 1589 850 exules
1604 831 1634 855 V,
1645 823 1677 856 9,
1689 823 1708 851 4
1733 831 1819 861 spem
1833 831 1881 851 re-

1183 861 1356 900 ciperandae
1383 862 1488 901 patriae
1510 873 1540 897 V,
1555 866 1586 897 9,
1614 866 1632 893 5
1663 863 1797 903 recipere
1824 864 1881 894 do-

1184 903 1381 933 minationem
1404 914 1434 938 V,
1451 906 1502 938 10,
1519 907 1539 934 9
1572 903 1733 934 sanitatem
1756 905 1798 941 xi,
1813 908 1844 940 8,
1860 908 1881 936 9

1183 945 1316 984 recipere
1332 945 1363 974 in
1379 946 1556 975 societatem
1571 956 1656 986 reges
1678 946 1720 982 xi,
1737 950 1788 981 10,
1799 949 1818 978 7
1834 957 1882 977 re-

1183 987 1290 1025 giones
1305 987 1369 1016 sine
1386 987 1551 1017 certamine
1564 989 1635 1027 (pro
1648 989 1816 1028 occupare)
1837 989 1880 1025 xi,

1180 1031 1238 1063 11,
1265 1032 1281 1059 l
1320 1028 1422 1060 Vorst.
1467 1029 1602 1068 recipere
1631 1030 1664 1059 in
1693 1039 1725 1059 se
1753 1030 1881 1060 tutelam

1183 1070 1286 1106 xxviii,
1315 1073 1345 1106 1,
1371 1074 1384 1101 l
1424 1071 1560 1111 recipere
1588 1070 1620 1101 in
1653 1072 1881 1102 matrimonium

1183 1113 1260 1151 (hoc
1286 1117 1343 1147 est,
1360 1112 1486 1150 ducere)
1509 1113 1528 1148 i,
1546 1115 1598 1149 10,
1614 1116 1666 1144 14.
1689 1114 1730 1148 ix,
1747 1118 1777 1148 5,
1793 1117 1825 1145 9.
1848 1125 1881 1150 x,

1183 1156 1215 1188 2,
1232 1157 1262 1184 2.
1284 1155 1335 1190 xii,
1354 1158 1404 1189 10,
1421 1158 1451 1185 9.
1474 1155 1544 1189 ΧΧῖῖ,
1563 1158 1592 1190 l,
1611 1158 1662 1186 13.
1694 1156 1796 1192 xxxvi,
1814 1159 1844 1192 1,
1859 1159 1881 1187 9

1183 1194 1319 1225 Freinsh.
1357 1196 1443 1236 regni
1471 1197 1765 1227 administrationem
1787 1198 1820 1228 in
1847 1208 1880 1228 se

1183 1238 1318 1277 recipere
1348 1238 1451 1273 xxviii,
1466 1241 1496 1273 1,
1508 1241 1524 1268 l

1225 1279 1409 1319 Reciperare
1425 1282 1497 1320 (pro
1512 1280 1653 1321 recipere*
1666 1285 1720 1310 aut
1741 1280 1882 1321 accipere

1181 1321 1213 1350 in
1229 1322 1397 1352 mercedem
1413 1322 1491 1361 ejus,
1512 1323 1594 1362 quod
1608 1323 1745 1359 dederat,
1767 1324 1881 1362 darge-

1178 1373 1241 1402 gen
1256 1363 1444 1401 bekommen)
1461 1364 1531 1400 xxii,
1547 1367 1578 1400 2,
1594 1367 1614 1395 6
1629 1365 1689 1405 (ita
1706 1364 1882 1405 Repromit-

1181 1410 1244 1435 tere
1259 1406 1354 1444 infra)
1371 1405 1507 1436 Freinsh.
1539 1406 1706 1446 reciperare
1719 1408 1881 1437 sanitatem

1181 1447 1273 1482 xxxii,
1291 1451 1321 1483 3,
1337 1451 1357 1478 9
1381 1448 1507 1487 patriam
1530 1448 1574 1483 iii,
1588 1452 1619 1483 4,
1635 1451 1687 1479 14.
1708 1459 1738 1484 V,
1755 1451 1786 1484 9,
1798 1452 1816 1479 5
1844 1449 1882 1479 li·

1181 1489 1328 1519 bertatem
1351 1490 1404 1525 xii,
1422 1493 1452 1525 l,
1468 1493 1488 1520 6
1511 1490 1646 1529 gladium
1672 1490 1775 1526 xxxiii,
1800 1493 1833 1528 2,
1858 1493 1880 1522 4

1180 1532 1349 1571 reciperato
1365 1542 1458 1572 regno
1484 1531 1584 1567 xxxvi,
1602 1535 1632 1568 1,
1649 1534 1665 1563 1

1223 1573 1421 1614 Recipe-ratio
1446 1584 1514 1609 xxx,
1532 1577 1561 1608 l,
1576 1577 1595 1604 7

1223 1614 1464 1655 Reciprocantes
1480 1616 1570 1645 undae
1595 1615 1667 1651 xliv,
1684 1617 1716 1650 4,
1731 1617 1752 1646 7

1224 1657 1369 1687 Recitare
1385 1658 1545 1697 epistolam
1572 1658 1645 1697 (pro
1671 1656 1788 1697 legere)
1815 1656 1879 1692 xiii,

1186 1703 1217 1734 5,
1234 1701 1252 1730 3
1275 1700 1401 1729 recitare
1417 1698 1584 1729 sententias
1606 1698 1678 1735 xxii,
1693 1702 1724 1735 3,
1740 1702 1761 1730 6
1777 1699 1879 1730 Vorst.

1227 1740 1408 1771 Reclamare
1431 1741 1513 1776 xxiv,
1527 1744 1559 1775 2,
1575 1743 1615 1772 10

1226 1782 1401 1813 Recludere
1416 1783 1446 1812 in
1463 1792 1613 1813 carcerem
1635 1781 1716 1817 xxvi,
1732 1784 1793 1817 1,7

1227 1824 1463 1865 Recognoscere
1492 1824 1658 1855 exercitum
1683 1824 1746 1864 (est
1774 1833 1879 1853 recen-

1183 1877 1258 1901 sere,
1276 1867 1402 1897 lustrare
1418 1873 1449 1896 et
1463 1867 1493 1896 in
1510 1866 1599 1895 armis
1616 1875 1764 1896 exercere.
1797 1864 1879 1894 Nos-

1185 1909 1231 1943 tri,
1248 1913 1406 1939 munstren
1420 1914 1451 1939 et
1466 1909 1569 1939 trillen
1594 1906 1723 1947 vocant)
1751 1907 1794 1942 iii,
1812 1909 1841 1942 1,
1857 1910 1876 1938 7

1182 1950 1318 1980 Freinsh.
1355 1950 1489 1990 (Auctor
1518 1950 1611 1979 habet
1639 1954 1646 1967 ‘
1660 1958 1878 1989 recognoscere

1181 2002 1340 2021 numerum
1358 1992 1487 2021 militum
1503 1996 1535 2021 et
1549 1993 1580 2020 in
1595 1991 1683 2021 armis
1698 1989 1876 2020 industriam

1181 2033 1407 2072 singulorum’).
1432 2033 1525 2062 Porro
1542 2045 1548 2062 :
1569 2042 1784 2072 recognoscere
1801 2042 1877 2072 prae—

1181 2075 1250 2103 dam
1276 2075 1316 2109 xi,
1344 2078 1395 2109 14,
1420 2078 1440 2105 8
1475 2075 1576 2104 Vorst.
1612 2073 1788 2114 peregrinos
1814 2075 1878 2114 (est

1180 2117 1343 2156 diligenter
1358 2117 1432 2156 quid
1449 2122 1480 2146 et
1507 2117 1589 2146 unde
1608 2115 1747 2145 venerint
1772 2115 1878 2155 exqui-

1180 2158 1261 2197 rere)
1275 2158 1347 2194 xliii,
1362 2161 1393 2193 4,
1414 2161 1449 2189 11
1469 2158 1556 2198 (nam
1573 2162 1581 2174 ‘
1596 2156 1821 2197 recognoscere'
1831 2161 1878 2186 est

1179 2210 1240 2229 rem
1257 2210 1325 2229 cum
1341 2210 1413 2230 cura
1427 2199 1608 2230 examinare.
1633 2199 1683 2229 Ita
1696 2199 1729 2228 in
1744 2198 1877 2229 Prooem.

1180 2241 1282 2271 Iustit.
1297 2241 1366 2281 fin.)
1381 2241 1516 2271 Freinsh.

1225 2282 1415 2322 Recolligere
1432 2283 1589 2323 parvulum
1611 2281 1693 2317 xxiii,
1710 2284 1741 2315 4,
1757 2283 1776 2311 8
1811 2281 1875 2320 gla-

1181 2324 1264 2354 dium
1289 2325 1390 2360 xxxiii‚
1407 2328 1439 2360 2,
1455 2328 1474 2355 4
1492 2324 1717 2354 multitudinem
1734 2322 1797 2358 xlii,
1810 2326 1842 2359 3,
1856 2325 1876 2354 8

1181 2367 1319 2405 captivos
1343 2367 1406 2400 xlii,
1423 2371 1453 2401 5,
1471 2369 1508 2397 11

1223 2407 1436 2438 Reconciliare
1462 2407 1588 2448 gratiam
1613 2407 1698 2446 pacis
1723 2416 1792 2437 cum
1820 2404 1878 2435 ali-

1181 2459 1242 2489 quo
1270 2460 1323 2489 per
1349 2449 1481 2490 aliquem
1504 2450 1557 2485 vii,
1580 2453 1610 2484 5,
1627 2453 1646 2480 2
1680 2447 1877 2478 reconciliata

1179 2491 1247 2531 ejus
1261 2492 1354 2531 gratia
1371 2502 1440 2521 cum
1457 2492 1560 2531 aliquo
1583 2491 1664 2526 xxxi,
1680 2493 1711 2525 4,
1726 2492 1747 2521 9

1222 2533 1449 2563 Reconciliatio
1472 2534 1534 2568 xvi,
1552 2536 1580 2567 1,
1597 2536 1626 2563 8.
1651 2531 1733 2567 ΧΧΧῖ,
1749 2534 1781 2565 4,
1797 2533 1817 2561 9

1221 2575 1388 2604 Recordari
1406 2576 1523 2605 ruinam
1548 2574 1642 2607 urbis,
1664 2573 1875 2612 captivitatem

1177 2622 1209 2646 et
1225 2616 1398 2646 servitutem
1415 2616 1551 2646 omnium
1577 2627 1606 2651 v,
1623 2618 1654 2650 7,
1672 2618 1711 2646 10
1745 2614 1804 2653 (Et
1830 2614 1873 2643 lo-

1177 2658 1280 2698 quitur
1296 2659 1337 2687 ita
1353 2660 1391 2688 dc
1407 2660 1495 2688 rebus
1512 2658 1613 2687 adhuc
1629 2657 1756 2695 futuris)
1774 2656 1875 2686 Vorst.

1220 2699 1405 2730 Recordatio
1429 2705 1562 2740 paternae
1586 2698 1743 2738 dignitatis
1780 2696 1874 2732 xxvii,

1175 2744 1205 2775 l,
1222 2746 1240 2772 5
1271 2741 1439 2772 recordatio
1452 2752 1547 2771 rerum
1565 2741 1642 2770 bene
1658 2745 1808 2778 gestarum
1820 2739 1876 2769 de-

1173 2783 1320 2813 siderium
1339 2784 1485 2813 libertatis
1501 2788 1593 2822 auget
1615 2782 1705 2816 xxxii,
1722 2784 1752 2816 1,
1769 2783 1788 2811 3

1216 2824 1367 2856 Recreare
1382 2825 1517 2866 inopiam
1534 2828 1607 2865 (pro
1624 2823 1739 2864 levare)
1752 2823 1792 2858 ix,
1812 2824 1840 2857 1,
1852 2824 1873 2852 6

1171 2866 1306 2897 Freinsh.

1213 2908 1312 2939 Recte
1335 2909 1367 2946 ii,
1381 2912 1478 2946 15‚2.
1501 2907 1576 2945 xliii,
1589 2910 1620 2944 4,
1636 2909 1675 2939 12
1697 2905 1809 2937 rectius
1829 2904 1872 2941 xi,

1172 2952 1223 2986 10,
1241 2953 1278 2981 11
