<?xml version="1.0" encoding="UTF-8"?>
<!DOCTYPE html PUBLIC "-//W3C//DTD XHTML 1.0 Transitional//EN"
    "http://www.w3.org/TR/xhtml1/DTD/xhtml1-transitional.dtd">
<html xmlns="http://www.w3.org/1999/xhtml" xml:lang="en" lang="en">
 <head>
  <title>
</title>
<meta http-equiv="Content-Type" content="text/html;charset=utf-8" />
  <meta name='ocr-system' content='tesseract 3.04.00' />
  <meta name='ocr-capabilities' content='ocr_page ocr_carea ocr_par ocr_line ocrx_word'/>
</head>
<body>
  <div class='ocr_page' id='page_1' title='image "./historiaephilipp02just/historiaephilipp02just_0032.png"; bbox 0 0 2174 3424; ppageno 0'>
   <div class='ocr_carea' id='block_1_1' title="bbox 475 346 560 388">
    <p class='ocr_par' dir='ltr' id='par_1_1' title="bbox 475 346 560 388">
     <span class='ocr_line' id='line_1_1' title="bbox 475 346 560 388; baseline -0.024 0"><span class='ocrx_word' id='word_1_1' title='bbox 475 346 560 388; x_wconf 80' lang='lat'>634</span> 
     </span>
    </p>
   </div>
   <div class='ocr_carea' id='block_1_2' title="bbox 475 447 1180 2948">
    <p class='ocr_par' dir='ltr' id='par_1_2' title="bbox 475 447 1172 582">
     <span class='ocr_line' id='line_1_2' title="bbox 476 447 1172 489; baseline -0.003 -9"><span class='ocrx_word' id='word_1_2' title='bbox 476 459 531 489; x_wconf 83' lang='lat' dir='ltr'>ap.</span> <span class='ocrx_word' id='word_1_3' title='bbox 548 447 658 478; x_wconf 88' lang='lat' dir='ltr'>AEsch.</span> <span class='ocrx_word' id='word_1_4' title='bbox 674 451 727 479; x_wconf 91' lang='lat' dir='ltr'>est</span> <span class='ocrx_word' id='word_1_5' title='bbox 740 448 911 488; x_wconf 85' lang='lat' dir='ltr'>Cyaxares</span> <span class='ocrx_word' id='word_1_6' title='bbox 924 447 1172 489; x_wconf 84' lang='lat' dir='ltr'>Xenophontis,</span> 
     </span>
     <span class='ocr_line' id='line_1_3' title="bbox 475 498 1170 539; baseline 0.001 -10"><span class='ocrx_word' id='word_1_7' title='bbox 475 504 514 530; x_wconf 86' lang='lat' dir='ltr'>ut</span> <span class='ocrx_word' id='word_1_8' title='bbox 529 498 681 539; x_wconf 87' lang='lat' dir='ltr'>pluribus</span> <span class='ocrx_word' id='word_1_9' title='bbox 699 498 800 530; x_wconf 88' lang='lat' dir='ltr'>docet</span> <span class='ocrx_word' id='word_1_10' title='bbox 814 498 970 530; x_wconf 86' lang='lat' dir='ltr'>laudatus</span> <span class='ocrx_word' id='word_1_11' title='bbox 985 499 1170 530; x_wconf 86' lang='lat' dir='ltr'>Marsham.</span> 
     </span>
     <span class='ocr_line' id='line_1_4' title="bbox 475 549 1169 582; baseline -0.003 -1"><span class='ocrx_word' id='word_1_12' title='bbox 475 550 509 581; x_wconf 94' lang='lat' dir='ltr'>in</span> <span class='ocrx_word' id='word_1_13' title='bbox 527 550 610 580; x_wconf 88' lang='lat' dir='ltr'>Can.</span> <span class='ocrx_word' id='word_1_14' title='bbox 628 551 752 582; x_wconf 85' lang='lat' dir='ltr'>Chron.</span> <span class='ocrx_word' id='word_1_15' title='bbox 775 550 807 580; x_wconf 90' lang='lat' dir='ltr'>in</span> <span class='ocrx_word' id='word_1_16' title='bbox 826 550 913 580; x_wconf 78' lang='lat' dir='ltr'>Saec.</span> <span class='ocrx_word' id='word_1_17' title='bbox 930 557 1042 580; x_wconf 81' lang='lat' dir='ltr'>xvln.</span> <span class='ocrx_word' id='word_1_18' title='bbox 1062 549 1169 579; x_wconf 78' lang='lat' dir='ltr'>Groev.</span> 
     </span>
    </p>

    <p class='ocr_par' dir='ltr' id='par_1_3' title="bbox 477 599 1167 690">
     <span class='ocr_line' id='line_1_5' title="bbox 520 599 1167 640; baseline 0 -10"><span class='ocrx_word' id='word_1_19' title='bbox 520 600 619 640; x_wconf 82' lang='lat' dir='ltr'>Coept.</span> <span class='ocrx_word' id='word_1_20' title='bbox 636 599 763 639; x_wconf 83' lang='lat' dir='ltr'>socium]</span> <span class='ocrx_word' id='word_1_21' title='bbox 784 600 873 630; x_wconf 79' lang='lat' dir='ltr'>Saxo</span> <span class='ocrx_word' id='word_1_22' title='bbox 886 608 950 631; x_wconf 83' lang='lat' dir='ltr'>vu.</span> <span class='ocrx_word' id='word_1_23' title='bbox 973 609 1006 639; x_wconf 89' lang='lat' dir='ltr'>p.</span> <span class='ocrx_word' id='word_1_24' title='bbox 1025 602 1097 630; x_wconf 82' lang='lat'>131.</span> <span class='ocrx_word' id='word_1_25' title='bbox 1113 599 1167 630; x_wconf 83' lang='grc'>42.</span> 
     </span>
     <span class='ocr_line' id='line_1_6' title="bbox 477 649 831 690; baseline 0.003 -10"><span class='ocrx_word' id='word_1_26' title='bbox 477 650 486 667; x_wconf 89' lang='lat'>‘</span> <span class='ocrx_word' id='word_1_27' title='bbox 498 650 695 690; x_wconf 84' lang='lat' dir='ltr'>Coeptorum</span> <span class='ocrx_word' id='word_1_28' title='bbox 709 649 831 681; x_wconf 60' lang='lat' dir='ltr'>sociael</span> 
     </span>
    </p>

    <p class='ocr_par' dir='ltr' id='par_1_4' title="bbox 475 699 1180 2838">
     <span class='ocr_line' id='line_1_7' title="bbox 519 699 1172 741; baseline 0 -11"><span class='ocrx_word' id='word_1_29' title='bbox 519 701 536 741; x_wconf 55' lang='grc' dir='ltr'><strong>ς</strong></span> <span class='ocrx_word' id='word_1_30' title='bbox 561 702 579 730; x_wconf 82' lang='grc'>3</span> <span class='ocrx_word' id='word_1_31' title='bbox 607 700 685 730; x_wconf 85' lang='lat' dir='ltr'>Cum.</span> <span class='ocrx_word' id='word_1_32' title='bbox 699 701 844 731; x_wconf 79' lang='lat' dir='ltr'>adversus</span> <span class='ocrx_word' id='word_1_33' title='bbox 860 700 1048 741; x_wconf 79' lang='lat' dir='ltr'>Babylonios</span> <span class='ocrx_word' id='word_1_34' title='bbox 1063 699 1172 730; x_wconf 83' lang='lat' dir='ltr'>bellum</span> 
     </span>
     <span class='ocr_line' id='line_1_8' title="bbox 475 749 1172 790; baseline 0 -10"><span class='ocrx_word' id='word_1_35' title='bbox 475 749 612 790; x_wconf 83' lang='lat' dir='ltr'><strong><em>gereret]</em></strong></span> <span class='ocrx_word' id='word_1_36' title='bbox 635 750 686 780; x_wconf 92' lang='lat' dir='ltr'>De</span> <span class='ocrx_word' id='word_1_37' title='bbox 702 749 963 790; x_wconf 81' lang='lat' dir='ltr'>Babyloniorum</span> <span class='ocrx_word' id='word_1_38' title='bbox 991 759 1096 789; x_wconf 87' lang='lat' dir='ltr'>regno</span> <span class='ocrx_word' id='word_1_39' title='bbox 1123 749 1172 780; x_wconf 91' lang='lat' dir='ltr'>ni-</span> 
     </span>
     <span class='ocr_line' id='line_1_9' title="bbox 475 799 1171 832; baseline -0.003 0"><span class='ocrx_word' id='word_1_40' title='bbox 475 801 522 832; x_wconf 91' lang='lat' dir='ltr'>hil</span> <span class='ocrx_word' id='word_1_41' title='bbox 539 801 781 832; x_wconf 84' lang='lat' dir='ltr'>commemorat</span> <span class='ocrx_word' id='word_1_42' title='bbox 807 800 935 832; x_wconf 88' lang='lat' dir='ltr'>Justin.</span> <span class='ocrx_word' id='word_1_43' title='bbox 959 800 1022 830; x_wconf 91' lang='lat' dir='ltr'>nisi</span> <span class='ocrx_word' id='word_1_44' title='bbox 1039 800 1111 830; x_wconf 83' lang='lat' dir='ltr'>haec</span> <span class='ocrx_word' id='word_1_45' title='bbox 1127 799 1171 830; x_wconf 90' lang='lat' dir='ltr'>de</span> 
     </span>
     <span class='ocr_line' id='line_1_10' title="bbox 475 849 1171 890; baseline -0.003 -9"><span class='ocrx_word' id='word_1_46' title='bbox 475 850 564 881; x_wconf 90' lang='lat' dir='ltr'>illius</span> <span class='ocrx_word' id='word_1_47' title='bbox 580 850 714 881; x_wconf 88' lang='lat' dir='ltr'>excidio</span> <span class='ocrx_word' id='word_1_48' title='bbox 730 855 766 881; x_wconf 86' lang='lat' dir='ltr'>et</span> <span class='ocrx_word' id='word_1_49' title='bbox 782 854 857 890; x_wconf 83' lang='lat' dir='ltr'>post</span> <span class='ocrx_word' id='word_1_50' title='bbox 874 850 1093 880; x_wconf 87' lang='lat' dir='ltr'>rebellionem</span> <span class='ocrx_word' id='word_1_51' title='bbox 1110 849 1171 880; x_wconf 92' lang='lat' dir='ltr'>sub</span> 
     </span>
     <span class='ocr_line' id='line_1_11' title="bbox 477 899 1172 941; baseline -0.003 -9"><span class='ocrx_word' id='word_1_52' title='bbox 477 901 583 932; x_wconf 89' lang='lat' dir='ltr'>Dario</span> <span class='ocrx_word' id='word_1_53' title='bbox 600 900 784 941; x_wconf 89' lang='lat' dir='ltr'>Hystaspis</span> <span class='ocrx_word' id='word_1_54' title='bbox 800 899 846 930; x_wconf 87' lang='lat' dir='ltr'>fil.</span> <span class='ocrx_word' id='word_1_55' title='bbox 863 909 939 940; x_wconf 79' lang='lat' dir='ltr'>cap.</span> <span class='ocrx_word' id='word_1_56' title='bbox 956 900 1017 930; x_wconf 91' lang='lat' dir='ltr'>ult.</span> <span class='ocrx_word' id='word_1_57' title='bbox 1033 900 1101 940; x_wconf 87' lang='lat' dir='ltr'>huj.</span> <span class='ocrx_word' id='word_1_58' title='bbox 1113 899 1172 930; x_wconf 91' lang='lat' dir='ltr'>lib.</span> 
     </span>
     <span class='ocr_line' id='line_1_12' title="bbox 478 949 1171 991; baseline -0.001 -11"><span class='ocrx_word' id='word_1_59' title='bbox 478 951 561 991; x_wconf 83' lang='lat' dir='ltr'>Ejus</span> <span class='ocrx_word' id='word_1_60' title='bbox 573 950 699 990; x_wconf 83' lang='lat' dir='ltr'>origiue</span> <span class='ocrx_word' id='word_1_61' title='bbox 711 949 793 980; x_wconf 89' lang='lat' dir='ltr'>nihil</span> <span class='ocrx_word' id='word_1_62' title='bbox 807 954 860 980; x_wconf 89' lang='lat' dir='ltr'>est</span> <span class='ocrx_word' id='word_1_63' title='bbox 874 949 1060 989; x_wconf 85' lang='lat' dir='ltr'>obscurius,</span> <span class='ocrx_word' id='word_1_64' title='bbox 1073 959 1171 990; x_wconf 84' lang='lat' dir='ltr'>quam</span> 
     </span>
     <span class='ocr_line' id='line_1_13' title="bbox 478 1000 1172 1038; baseline 0.001 -7"><span class='ocrx_word' id='word_1_65' title='bbox 478 1005 594 1031; x_wconf 84' lang='lat' dir='ltr'>tamen</span> <span class='ocrx_word' id='word_1_66' title='bbox 622 1000 769 1038; x_wconf 88' lang='lat' dir='ltr'>erudite,</span> <span class='ocrx_word' id='word_1_67' title='bbox 795 1004 833 1030; x_wconf 90' lang='lat' dir='ltr'>ut</span> <span class='ocrx_word' id='word_1_68' title='bbox 861 1004 989 1038; x_wconf 86' lang='lat' dir='ltr'>cetera,</span> <span class='ocrx_word' id='word_1_69' title='bbox 1019 1009 1061 1029; x_wconf 86' lang='lat' dir='ltr'>ex</span> <span class='ocrx_word' id='word_1_70' title='bbox 1088 1000 1172 1032; x_wconf 88' lang='lat' dir='ltr'>Can.</span> 
     </span>
     <span class='ocr_line' id='line_1_14' title="bbox 479 1049 1172 1090; baseline -0.001 -9"><span class='ocrx_word' id='word_1_71' title='bbox 479 1050 604 1082; x_wconf 76' lang='lat' dir='ltr'>Chron.</span> <span class='ocrx_word' id='word_1_72' title='bbox 632 1059 747 1090; x_wconf 85' lang='lat' dir='ltr'>regum</span> <span class='ocrx_word' id='word_1_73' title='bbox 775 1049 1037 1090; x_wconf 85' lang='lat' dir='ltr'>Babyloniorum</span> <span class='ocrx_word' id='word_1_74' title='bbox 1055 1049 1172 1080; x_wconf 88' lang='lat' dir='ltr'>Ptole-</span> 
     </span>
     <span class='ocr_line' id='line_1_15' title="bbox 482 1099 1173 1139; baseline -0.001 -8"><span class='ocrx_word' id='word_1_75' title='bbox 482 1100 560 1131; x_wconf 87' lang='lat' dir='ltr'>maei</span> <span class='ocrx_word' id='word_1_76' title='bbox 573 1099 662 1131; x_wconf 91' lang='lat' dir='ltr'>eruit</span> <span class='ocrx_word' id='word_1_77' title='bbox 675 1100 1028 1139; x_wconf 83' lang='lat' dir='ltr'>Marsham.praeclare</span> <span class='ocrx_word' id='word_1_78' title='bbox 1041 1099 1083 1130; x_wconf 92' lang='lat' dir='ltr'>de</span> <span class='ocrx_word' id='word_1_79' title='bbox 1096 1099 1173 1130; x_wconf 87' lang='lat' dir='ltr'>doc-</span> 
     </span>
     <span class='ocr_line' id='line_1_16' title="bbox 478 1149 1173 1190; baseline -0.001 -10"><span class='ocrx_word' id='word_1_80' title='bbox 478 1150 566 1180; x_wconf 89' lang='lat' dir='ltr'>trina</span> <span class='ocrx_word' id='word_1_81' title='bbox 594 1154 795 1190; x_wconf 88' lang='lat' dir='ltr'>temporum,</span> <span class='ocrx_word' id='word_1_82' title='bbox 816 1149 843 1179; x_wconf 90' lang='lat' dir='ltr'>si</span> <span class='ocrx_word' id='word_1_83' title='bbox 860 1150 1045 1189; x_wconf 84' lang='lat' dir='ltr'>quisquam,</span> <span class='ocrx_word' id='word_1_84' title='bbox 1073 1149 1173 1179; x_wconf 90' lang='lat' dir='ltr'>meri-</span> 
     </span>
     <span class='ocr_line' id='line_1_17' title="bbox 478 1198 1174 1238; baseline -0.001 -9"><span class='ocrx_word' id='word_1_85' title='bbox 478 1203 544 1229; x_wconf 89' lang='lat' dir='ltr'>tus.</span> <span class='ocrx_word' id='word_1_86' title='bbox 578 1198 610 1229; x_wconf 81' lang='lat' dir='ltr'>Is</span> <span class='ocrx_word' id='word_1_87' title='bbox 626 1198 742 1229; x_wconf 90' lang='lat' dir='ltr'>Canon</span> <span class='ocrx_word' id='word_1_88' title='bbox 758 1198 996 1238; x_wconf 83' lang='lat' dir='ltr'>complectitur</span> <span class='ocrx_word' id='word_1_89' title='bbox 1011 1198 1174 1238; x_wconf 83' lang='lat' dir='ltr'>epocham</span> 
     </span>
     <span class='ocr_line' id='line_1_18' title="bbox 479 1248 1174 1289; baseline 0 -9"><span class='ocrx_word' id='word_1_90' title='bbox 479 1259 506 1280; x_wconf 83' lang='lat' dir='ltr'>s.</span> <span class='ocrx_word' id='word_1_91' title='bbox 539 1259 643 1280; x_wconf 91' lang='lat' dir='ltr'>annos</span> <span class='ocrx_word' id='word_1_92' title='bbox 676 1248 920 1288; x_wconf 84' lang='lat' dir='ltr'>Nabonassari,</span> <span class='ocrx_word' id='word_1_93' title='bbox 953 1248 1053 1289; x_wconf 89' lang='lat' dir='ltr'>primi</span> <span class='ocrx_word' id='word_1_94' title='bbox 1088 1249 1174 1289; x_wconf 89' lang='lat' dir='ltr'>regis</span> 
     </span>
     <span class='ocr_line' id='line_1_19' title="bbox 479 1298 1176 1339; baseline 0 -9"><span class='ocrx_word' id='word_1_95' title='bbox 479 1299 756 1339; x_wconf 79' lang='lat' dir='ltr'>Babyloniorum.</span> <span class='ocrx_word' id='word_1_96' title='bbox 794 1298 827 1329; x_wconf 88' lang='lat' dir='ltr'>Is</span> <span class='ocrx_word' id='word_1_97' title='bbox 842 1298 906 1329; x_wconf 87' lang='lat' dir='ltr'>fuit</span> <span class='ocrx_word' id='word_1_98' title='bbox 922 1298 1080 1339; x_wconf 88' lang='lat' dir='ltr'>Assyrius</span> <span class='ocrx_word' id='word_1_99' title='bbox 1097 1309 1176 1338; x_wconf 89' lang='lat' dir='ltr'>gen·</span> 
     </span>
     <span class='ocr_line' id='line_1_20' title="bbox 477 1348 1177 1389; baseline 0.001 -9"><span class='ocrx_word' id='word_1_100' title='bbox 477 1354 525 1380; x_wconf 93' lang='lat' dir='ltr'>te.</span> <span class='ocrx_word' id='word_1_101' title='bbox 571 1349 601 1380; x_wconf 87' lang='lat' dir='ltr'><strong>A</strong></span> <span class='ocrx_word' id='word_1_102' title='bbox 618 1354 770 1389; x_wconf 80' lang='lat' dir='ltr'>tempore</span> <span class='ocrx_word' id='word_1_103' title='bbox 788 1349 1017 1380; x_wconf 84' lang='lat' dir='ltr'>Nabonassari</span> <span class='ocrx_word' id='word_1_104' title='bbox 1042 1348 1177 1381; x_wconf 85' lang='lat' dir='ltr'>fuerant</span> 
     </span>
     <span class='ocr_line' id='line_1_21' title="bbox 479 1400 1176 1441; baseline 0 -11"><span class='ocrx_word' id='word_1_105' title='bbox 479 1400 633 1441; x_wconf 84' lang='lat' dir='ltr'>duplices</span> <span class='ocrx_word' id='word_1_106' title='bbox 651 1410 748 1441; x_wconf 84' lang='lat' dir='ltr'>reges</span> <span class='ocrx_word' id='word_1_107' title='bbox 762 1400 902 1441; x_wconf 81' lang='lat' dir='ltr'>Assyrii.</span> <span class='ocrx_word' id='word_1_108' title='bbox 946 1400 1026 1440; x_wconf 88' lang='lat' dir='ltr'>Alii,</span> <span class='ocrx_word' id='word_1_109' title='bbox 1041 1401 1097 1441; x_wconf 91' lang='lat' dir='ltr'>qui</span> <span class='ocrx_word' id='word_1_110' title='bbox 1118 1401 1176 1431; x_wconf 87' lang='lat' dir='ltr'>Ni-</span> 
     </span>
     <span class='ocr_line' id='line_1_22' title="bbox 479 1451 1174 1492; baseline 0.001 -12"><span class='ocrx_word' id='word_1_111' title='bbox 479 1452 512 1481; x_wconf 90' lang='lat' dir='ltr'>ni</span> <span class='ocrx_word' id='word_1_112' title='bbox 530 1451 645 1482; x_wconf 85' lang='lat' dir='ltr'>sedem</span> <span class='ocrx_word' id='word_1_113' title='bbox 663 1451 795 1492; x_wconf 90' lang='lat' dir='ltr'>imperii</span> <span class='ocrx_word' id='word_1_114' title='bbox 811 1451 1011 1489; x_wconf 82' lang='lat' dir='ltr'>habuerant,</span> <span class='ocrx_word' id='word_1_115' title='bbox 1039 1451 1095 1481; x_wconf 86' lang='lat' dir='ltr'>alii</span> <span class='ocrx_word' id='word_1_116' title='bbox 1118 1452 1174 1492; x_wconf 91' lang='lat' dir='ltr'>qui</span> 
     </span>
     <span class='ocr_line' id='line_1_23' title="bbox 478 1501 1176 1542; baseline -0.001 -10"><span class='ocrx_word' id='word_1_117' title='bbox 478 1502 654 1542; x_wconf 85' lang='lat' dir='ltr'>Babylone</span> <span class='ocrx_word' id='word_1_118' title='bbox 687 1507 880 1542; x_wconf 86' lang='lat' dir='ltr'>regnarant.</span> <span class='ocrx_word' id='word_1_119' title='bbox 938 1501 1029 1532; x_wconf 88' lang='lat' dir='ltr'>Hinc</span> <span class='ocrx_word' id='word_1_120' title='bbox 1067 1501 1176 1541; x_wconf 88' lang='lat' dir='ltr'>prima</span> 
     </span>
     <span class='ocr_line' id='line_1_24' title="bbox 479 1550 1177 1592; baseline 0 -11"><span class='ocrx_word' id='word_1_121' title='bbox 479 1561 558 1591; x_wconf 86' lang='lat' dir='ltr'>pars</span> <span class='ocrx_word' id='word_1_122' title='bbox 583 1551 727 1582; x_wconf 88' lang='lat' dir='ltr'>Canonis</span> <span class='ocrx_word' id='word_1_123' title='bbox 753 1552 907 1582; x_wconf 87' lang='lat' dir='ltr'>continet</span> <span class='ocrx_word' id='word_1_124' title='bbox 930 1560 1045 1591; x_wconf 83' lang='lat' dir='ltr'>regum</span> <span class='ocrx_word' id='word_1_125' title='bbox 1074 1550 1177 1592; x_wconf 86' lang='lat' dir='ltr'>Assy-</span> 
     </span>
     <span class='ocr_line' id='line_1_25' title="bbox 478 1601 1175 1642; baseline 0.001 -10"><span class='ocrx_word' id='word_1_126' title='bbox 478 1601 604 1632; x_wconf 78' lang='lat' dir='ltr'>riorum</span> <span class='ocrx_word' id='word_1_127' title='bbox 621 1607 657 1633; x_wconf 85' lang='lat' dir='ltr'>et</span> <span class='ocrx_word' id='word_1_128' title='bbox 673 1602 850 1633; x_wconf 84' lang='lat' dir='ltr'>Medorum</span> <span class='ocrx_word' id='word_1_129' title='bbox 862 1601 998 1641; x_wconf 87' lang='lat' dir='ltr'>seriem,</span> <span class='ocrx_word' id='word_1_130' title='bbox 1011 1611 1115 1642; x_wconf 86' lang='lat' dir='ltr'>usque</span> <span class='ocrx_word' id='word_1_131' title='bbox 1134 1602 1175 1633; x_wconf 90' lang='lat' dir='ltr'>ad</span> 
     </span>
     <span class='ocr_line' id='line_1_26' title="bbox 477 1652 1176 1694; baseline 0.001 -12"><span class='ocrx_word' id='word_1_132' title='bbox 477 1652 612 1683; x_wconf 88' lang='lat' dir='ltr'>initium</span> <span class='ocrx_word' id='word_1_133' title='bbox 630 1653 723 1694; x_wconf 86' lang='lat' dir='ltr'>Cyri.</span> <span class='ocrx_word' id='word_1_134' title='bbox 769 1653 833 1683; x_wconf 84' lang='lat' dir='ltr'>Illa</span> <span class='ocrx_word' id='word_1_135' title='bbox 859 1653 1099 1693; x_wconf 79' lang='lat' dir='ltr'>complectitur</span> <span class='ocrx_word' id='word_1_136' title='bbox 1120 1662 1176 1684; x_wconf 90' lang='lat' dir='ltr'>an-</span> 
     </span>
     <span class='ocr_line' id='line_1_27' title="bbox 479 1704 1177 1745; baseline 0.003 -11"><span class='ocrx_word' id='word_1_137' title='bbox 479 1713 539 1735; x_wconf 85' lang='lat' dir='ltr'>nos</span> <span class='ocrx_word' id='word_1_138' title='bbox 570 1707 641 1736; x_wconf 78' lang='lat'>159.</span> <span class='ocrx_word' id='word_1_139' title='bbox 699 1704 818 1736; x_wconf 82' lang='lat' dir='ltr'>Altera</span> <span class='ocrx_word' id='word_1_140' title='bbox 857 1705 1038 1736; x_wconf 77' lang='lat' dir='ltr'>Persarum</span> <span class='ocrx_word' id='word_1_141' title='bbox 1069 1715 1177 1745; x_wconf 82' lang='lat' dir='ltr'>reges,</span> 
     </span>
     <span class='ocr_line' id='line_1_28' title="bbox 482 1755 1178 1797; baseline 0.003 -11"><span class='ocrx_word' id='word_1_142' title='bbox 482 1764 588 1796; x_wconf 88' lang='lat' dir='ltr'>usque</span> <span class='ocrx_word' id='word_1_143' title='bbox 620 1755 661 1786; x_wconf 89' lang='lat' dir='ltr'>ad</span> <span class='ocrx_word' id='word_1_144' title='bbox 678 1761 819 1787; x_wconf 89' lang='lat' dir='ltr'>mortem</span> <span class='ocrx_word' id='word_1_145' title='bbox 846 1755 1033 1787; x_wconf 83' lang='lat' dir='ltr'>Alexandri</span> <span class='ocrx_word' id='word_1_146' title='bbox 1050 1757 1178 1797; x_wconf 87' lang='lat' dir='ltr'>Magni,</span> 
     </span>
     <span class='ocr_line' id='line_1_29' title="bbox 481 1806 1176 1847; baseline 0.001 -11"><span class='ocrx_word' id='word_1_147' title='bbox 481 1815 585 1836; x_wconf 75' lang='lat' dir='ltr'>annos</span> <span class='ocrx_word' id='word_1_148' title='bbox 601 1808 674 1836; x_wconf 85' lang='lat'>215.</span> <span class='ocrx_word' id='word_1_149' title='bbox 698 1810 736 1836; x_wconf 89' lang='lat' dir='ltr'>ut</span> <span class='ocrx_word' id='word_1_150' title='bbox 750 1806 855 1836; x_wconf 89' lang='lat' dir='ltr'>totius</span> <span class='ocrx_word' id='word_1_151' title='bbox 869 1806 964 1845; x_wconf 86' lang='lat' dir='ltr'>regni</span> <span class='ocrx_word' id='word_1_152' title='bbox 978 1806 1176 1847; x_wconf 91' lang='lat' dir='ltr'>Babylonici</span> 
     </span>
     <span class='ocr_line' id='line_1_30' title="bbox 481 1854 1176 1895; baseline 0.004 -10"><span class='ocrx_word' id='word_1_153' title='bbox 481 1855 639 1895; x_wconf 84' lang='lat' dir='ltr'>periodus</span> <span class='ocrx_word' id='word_1_154' title='bbox 659 1854 763 1886; x_wconf 86' lang='lat' dir='ltr'>fuerit</span> <span class='ocrx_word' id='word_1_155' title='bbox 779 1865 940 1886; x_wconf 88' lang='lat' dir='ltr'>annorum</span> <span class='ocrx_word' id='word_1_156' title='bbox 956 1858 1030 1887; x_wconf 70' lang='lat'>424.</span> <span class='ocrx_word' id='word_1_157' title='bbox 1075 1857 1176 1888; x_wconf 88' lang='lat' dir='ltr'>Unde</span> 
     </span>
     <span class='ocr_line' id='line_1_31' title="bbox 481 1905 1176 1947; baseline 0.001 -10"><span class='ocrx_word' id='word_1_158' title='bbox 481 1910 615 1937; x_wconf 85' lang='lat' dir='ltr'>constat</span> <span class='ocrx_word' id='word_1_159' title='bbox 631 1915 764 1947; x_wconf 87' lang='lat' dir='ltr'>quoque</span> <span class='ocrx_word' id='word_1_160' title='bbox 780 1905 1003 1946; x_wconf 88' lang='lat' dir='ltr'>Babyloniam</span> <span class='ocrx_word' id='word_1_161' title='bbox 1020 1916 1084 1937; x_wconf 90' lang='lat' dir='ltr'>non</span> <span class='ocrx_word' id='word_1_162' title='bbox 1100 1916 1176 1938; x_wconf 89' lang='lat' dir='ltr'>esse</span> 
     </span>
     <span class='ocr_line' id='line_1_32' title="bbox 479 1955 1176 1996; baseline 0 -9"><span class='ocrx_word' id='word_1_163' title='bbox 479 1960 585 1987; x_wconf 83' lang='lat' dir='ltr'>tantae</span> <span class='ocrx_word' id='word_1_164' title='bbox 603 1955 828 1996; x_wconf 85' lang='lat' dir='ltr'>antiquitatis,</span> <span class='ocrx_word' id='word_1_165' title='bbox 846 1960 883 1986; x_wconf 91' lang='lat' dir='ltr'>ut</span> <span class='ocrx_word' id='word_1_166' title='bbox 897 1956 996 1996; x_wconf 88' lang='lat' dir='ltr'>vulgo</span> <span class='ocrx_word' id='word_1_167' title='bbox 1013 1956 1176 1996; x_wconf 88' lang='lat' dir='ltr'>creditur,</span> 
     </span>
     <span class='ocr_line' id='line_1_33' title="bbox 481 2004 1177 2045; baseline 0 -8"><span class='ocrx_word' id='word_1_168' title='bbox 481 2010 517 2037; x_wconf 86' lang='lat' dir='ltr'>et</span> <span class='ocrx_word' id='word_1_169' title='bbox 534 2004 684 2045; x_wconf 88' lang='lat' dir='ltr'>superius</span> <span class='ocrx_word' id='word_1_170' title='bbox 701 2005 849 2035; x_wconf 87' lang='lat' dir='ltr'>traditur</span> <span class='ocrx_word' id='word_1_171' title='bbox 871 2014 890 2035; x_wconf 88' lang='lat' dir='ltr'>a</span> <span class='ocrx_word' id='word_1_172' title='bbox 905 2005 1053 2037; x_wconf 83' lang='lat' dir='ltr'>Justino.</span> <span class='ocrx_word' id='word_1_173' title='bbox 1100 2007 1177 2037; x_wconf 89' lang='lat' dir='ltr'>Ori-</span> 
     </span>
     <span class='ocr_line' id='line_1_34' title="bbox 481 2054 1178 2096; baseline 0.001 -11"><span class='ocrx_word' id='word_1_174' title='bbox 481 2056 593 2096; x_wconf 88' lang='lat' dir='ltr'>ginem</span> <span class='ocrx_word' id='word_1_175' title='bbox 619 2055 724 2086; x_wconf 91' lang='lat' dir='ltr'>debet</span> <span class='ocrx_word' id='word_1_176' title='bbox 750 2054 988 2086; x_wconf 88' lang='lat' dir='ltr'>Nabonassari.</span> <span class='ocrx_word' id='word_1_177' title='bbox 1035 2056 1068 2086; x_wconf 91' lang='lat' dir='ltr'>Is</span> <span class='ocrx_word' id='word_1_178' title='bbox 1092 2056 1178 2087; x_wconf 85' lang='lat' dir='ltr'>vixit</span> 
     </span>
     <span class='ocr_line' id='line_1_35' title="bbox 481 2105 1177 2145; baseline 0.003 -10"><span class='ocrx_word' id='word_1_179' title='bbox 481 2105 594 2136; x_wconf 88' lang='lat' dir='ltr'>seculo</span> <span class='ocrx_word' id='word_1_180' title='bbox 612 2108 663 2136; x_wconf 74' lang='lat'>17.</span> <span class='ocrx_word' id='word_1_181' title='bbox 689 2109 764 2145; x_wconf 88' lang='lat' dir='ltr'>post</span> <span class='ocrx_word' id='word_1_182' title='bbox 779 2105 953 2144; x_wconf 90' lang='lat' dir='ltr'>diluvium,</span> <span class='ocrx_word' id='word_1_183' title='bbox 979 2115 1065 2137; x_wconf 90' lang='lat' dir='ltr'>anno</span> <span class='ocrx_word' id='word_1_184' title='bbox 1082 2106 1177 2137; x_wconf 91' lang='lat' dir='ltr'>circi-</span> 
     </span>
     <span class='ocr_line' id='line_1_36' title="bbox 482 2154 1178 2186; baseline 0.003 -2"><span class='ocrx_word' id='word_1_185' title='bbox 482 2159 535 2184; x_wconf 89' lang='lat' dir='ltr'>ter</span> <span class='ocrx_word' id='word_1_186' title='bbox 550 2157 624 2185; x_wconf 85' lang='lat'>750.</span> <span class='ocrx_word' id='word_1_187' title='bbox 643 2159 712 2185; x_wconf 91' lang='lat' dir='ltr'>ant.</span> <span class='ocrx_word' id='word_1_188' title='bbox 742 2154 819 2185; x_wconf 88' lang='lat' dir='ltr'>Chr.</span> <span class='ocrx_word' id='word_1_189' title='bbox 846 2159 975 2186; x_wconf 88' lang='lat' dir='ltr'>natum.</span> <span class='ocrx_word' id='word_1_190' title='bbox 1021 2155 1178 2186; x_wconf 90' lang='lat' dir='ltr'>Naboco-</span> 
     </span>
     <span class='ocr_line' id='line_1_37' title="bbox 481 2203 1178 2245; baseline 0.004 -11"><span class='ocrx_word' id='word_1_191' title='bbox 481 2204 625 2234; x_wconf 85' lang='lat' dir='ltr'>lassarus</span> <span class='ocrx_word' id='word_1_192' title='bbox 641 2203 904 2245; x_wconf 89' lang='lat' dir='ltr'>Nabopolassari</span> <span class='ocrx_word' id='word_1_193' title='bbox 920 2204 966 2236; x_wconf 88' lang='lat' dir='ltr'>fil.</span> <span class='ocrx_word' id='word_1_194' title='bbox 982 2206 1036 2245; x_wconf 90' lang='lat' dir='ltr'>qui</span> <span class='ocrx_word' id='word_1_195' title='bbox 1048 2206 1178 2237; x_wconf 76' lang='lat' dir='ltr'>Ebraeis</span> 
     </span>
     <span class='ocr_line' id='line_1_38' title="bbox 483 2252 1177 2296; baseline 0.006 -13"><span class='ocrx_word' id='word_1_196' title='bbox 483 2252 609 2284; x_wconf 85' lang='lat' dir='ltr'>dicitur</span> <span class='ocrx_word' id='word_1_197' title='bbox 639 2252 907 2284; x_wconf 85' lang='lat' dir='ltr'>Nabucodnosor</span> <span class='ocrx_word' id='word_1_198' title='bbox 942 2264 1094 2296; x_wconf 88' lang='lat' dir='ltr'>magnus,</span> <span class='ocrx_word' id='word_1_199' title='bbox 1123 2257 1177 2287; x_wconf 90' lang='lat' dir='ltr'>vel</span> 
     </span>
     <span class='ocr_line' id='line_1_39' title="bbox 482 2303 1179 2345; baseline 0.006 -12"><span class='ocrx_word' id='word_1_200' title='bbox 482 2303 662 2344; x_wconf 77' lang='lat' dir='ltr'>secunduS,</span> <span class='ocrx_word' id='word_1_201' title='bbox 683 2312 757 2334; x_wconf 86' lang='lat' dir='ltr'>eam</span> <span class='ocrx_word' id='word_1_202' title='bbox 773 2303 923 2335; x_wconf 82' lang='lat' dir='ltr'>mirificis</span> <span class='ocrx_word' id='word_1_203' title='bbox 940 2305 1099 2345; x_wconf 88' lang='lat' dir='ltr'>operibus</span> <span class='ocrx_word' id='word_1_204' title='bbox 1124 2315 1179 2337; x_wconf 84' lang='lat' dir='ltr'>ex-</span> 
     </span>
     <span class='ocr_line' id='line_1_40' title="bbox 483 2353 1177 2388; baseline 0.006 -4"><span class='ocrx_word' id='word_1_205' title='bbox 483 2354 626 2384; x_wconf 87' lang='lat' dir='ltr'>ornavit.</span> <span class='ocrx_word' id='word_1_206' title='bbox 685 2353 763 2384; x_wconf 89' lang='lat' dir='ltr'>Vid.</span> <span class='ocrx_word' id='word_1_207' title='bbox 797 2354 977 2386; x_wconf 76' lang='lat' dir='ltr'>Marsuam.</span> <span class='ocrx_word' id='word_1_208' title='bbox 1016 2356 1056 2386; x_wconf 89' lang='lat' dir='ltr'>ad</span> <span class='ocrx_word' id='word_1_209' title='bbox 1091 2357 1177 2388; x_wconf 75' lang='lat' dir='ltr'>Saec.</span> 
     </span>
     <span class='ocr_line' id='line_1_41' title="bbox 482 2404 1178 2445; baseline 0.003 -11"><span class='ocrx_word' id='word_1_210' title='bbox 482 2413 576 2435; x_wconf 82' lang='lat' dir='ltr'>xvn.</span> <span class='ocrx_word' id='word_1_211' title='bbox 630 2404 779 2435; x_wconf 90' lang='lat' dir='ltr'>Ultimus</span> <span class='ocrx_word' id='word_1_212' title='bbox 816 2404 1079 2445; x_wconf 87' lang='lat' dir='ltr'>Babyloniorum</span> <span class='ocrx_word' id='word_1_213' title='bbox 1118 2416 1178 2437; x_wconf 85' lang='lat' dir='ltr'>rex</span> 
     </span>
     <span class='ocr_line' id='line_1_42' title="bbox 482 2452 1180 2497; baseline 0.004 -13"><span class='ocrx_word' id='word_1_214' title='bbox 482 2452 549 2485; x_wconf 90' lang='lat' dir='ltr'>fuit</span> <span class='ocrx_word' id='word_1_215' title='bbox 587 2454 821 2493; x_wconf 81' lang='lat' dir='ltr'>Nabonadius‚</span> <span class='ocrx_word' id='word_1_216' title='bbox 857 2465 956 2496; x_wconf 91' lang='lat' dir='ltr'>quem</span> <span class='ocrx_word' id='word_1_217' title='bbox 986 2461 1180 2497; x_wconf 84' lang='lat' dir='ltr'>expugnata</span> 
     </span>
     <span class='ocr_line' id='line_1_43' title="bbox 484 2504 1177 2545; baseline 0.004 -11"><span class='ocrx_word' id='word_1_218' title='bbox 484 2504 660 2543; x_wconf 85' lang='lat' dir='ltr'>Babylone</span> <span class='ocrx_word' id='word_1_219' title='bbox 675 2505 769 2545; x_wconf 90' lang='lat' dir='ltr'>cepit</span> <span class='ocrx_word' id='word_1_220' title='bbox 786 2505 907 2545; x_wconf 87' lang='lat' dir='ltr'>Cyrus,</span> <span class='ocrx_word' id='word_1_221' title='bbox 929 2509 965 2536; x_wconf 91' lang='lat' dir='ltr'>et</span> <span class='ocrx_word' id='word_1_222' title='bbox 988 2506 1177 2538; x_wconf 82' lang='lat' dir='ltr'>Carmaniae</span> 
     </span>
     <span class='ocr_line' id='line_1_44' title="bbox 483 2553 1179 2597; baseline 0.007 -14"><span class='ocrx_word' id='word_1_223' title='bbox 483 2553 650 2594; x_wconf 77' lang='lat' dir='ltr'>praefecit,</span> <span class='ocrx_word' id='word_1_224' title='bbox 674 2559 712 2585; x_wconf 91' lang='lat' dir='ltr'>ut</span> <span class='ocrx_word' id='word_1_225' title='bbox 736 2559 853 2586; x_wconf 83' lang='lat' dir='ltr'>auctor</span> <span class='ocrx_word' id='word_1_226' title='bbox 880 2558 932 2585; x_wconf 91' lang='lat' dir='ltr'>est</span> <span class='ocrx_word' id='word_1_227' title='bbox 955 2555 1098 2587; x_wconf 85' lang='lat' dir='ltr'>Berosus</span> <span class='ocrx_word' id='word_1_228' title='bbox 1125 2567 1179 2597; x_wconf 92' lang='lat' dir='ltr'>ap.</span> 
     </span>
     <span class='ocr_line' id='line_1_45' title="bbox 482 2603 1178 2645; baseline 0.001 -9"><span class='ocrx_word' id='word_1_229' title='bbox 482 2604 624 2644; x_wconf 77' lang='lat' dir='ltr'>Joseph.</span> <span class='ocrx_word' id='word_1_230' title='bbox 648 2603 704 2634; x_wconf 89' lang='lat' dir='ltr'>lib.</span> <span class='ocrx_word' id='word_1_231' title='bbox 721 2613 745 2634; x_wconf 87' lang='lat'>1.</span> <span class='ocrx_word' id='word_1_232' title='bbox 762 2609 874 2635; x_wconf 90' lang='lat' dir='ltr'>contr.</span> <span class='ocrx_word' id='word_1_233' title='bbox 891 2604 1015 2645; x_wconf 86' lang='lat' dir='ltr'>Apion.</span> <span class='ocrx_word' id='word_1_234' title='bbox 1052 2606 1120 2637; x_wconf 88' lang='lat' dir='ltr'>Sed</span> <span class='ocrx_word' id='word_1_235' title='bbox 1136 2606 1178 2637; x_wconf 89' lang='lat' dir='ltr'>de</span> 
     </span>
     <span class='ocr_line' id='line_1_46' title="bbox 484 2654 1180 2696; baseline 0.007 -13"><span class='ocrx_word' id='word_1_236' title='bbox 484 2654 619 2694; x_wconf 85' lang='lat' dir='ltr'>regibus</span> <span class='ocrx_word' id='word_1_237' title='bbox 634 2654 843 2695; x_wconf 84' lang='lat' dir='ltr'>Babyloniae,</span> <span class='ocrx_word' id='word_1_238' title='bbox 866 2665 1005 2696; x_wconf 88' lang='lat' dir='ltr'>quorum</span> <span class='ocrx_word' id='word_1_239' title='bbox 1027 2657 1180 2688; x_wconf 91' lang='lat' dir='ltr'>meminit</span> 
     </span>
     <span class='ocr_line' id='line_1_47' title="bbox 485 2705 1179 2748; baseline 0.006 -14"><span class='ocrx_word' id='word_1_240' title='bbox 485 2705 602 2735; x_wconf 89' lang='lat' dir='ltr'>Canon</span> <span class='ocrx_word' id='word_1_241' title='bbox 620 2705 811 2744; x_wconf 74' lang='lat' dir='ltr'>Ptolemaei,</span> <span class='ocrx_word' id='word_1_242' title='bbox 841 2710 879 2736; x_wconf 91' lang='lat' dir='ltr'>ut</span> <span class='ocrx_word' id='word_1_243' title='bbox 909 2710 944 2736; x_wconf 88' lang='lat' dir='ltr'>et</span> <span class='ocrx_word' id='word_1_244' title='bbox 960 2706 1001 2737; x_wconf 90' lang='lat' dir='ltr'>de</span> <span class='ocrx_word' id='word_1_245' title='bbox 1025 2706 1078 2746; x_wconf 91' lang='lat' dir='ltr'>iis,</span> <span class='ocrx_word' id='word_1_246' title='bbox 1098 2717 1179 2748; x_wconf 90' lang='lat' dir='ltr'>quos</span> 
     </span>
     <span class='ocr_line' id='line_1_48' title="bbox 488 2754 1179 2796; baseline 0.009 -13"><span class='ocrx_word' id='word_1_247' title='bbox 488 2754 610 2785; x_wconf 85' lang='lat' dir='ltr'>Daniel</span> <span class='ocrx_word' id='word_1_248' title='bbox 627 2761 880 2796; x_wconf 89' lang='lat' dir='ltr'>commemorat,</span> <span class='ocrx_word' id='word_1_249' title='bbox 905 2756 972 2786; x_wconf 92' lang='lat' dir='ltr'>vid.</span> <span class='ocrx_word' id='word_1_250' title='bbox 995 2757 1179 2789; x_wconf 85' lang='lat' dir='ltr'>Marsham.</span> 
     </span>
     <span class='ocr_line' id='line_1_49' title="bbox 485 2803 1047 2838; baseline 0.005 -4"><span class='ocrx_word' id='word_1_251' title='bbox 485 2803 527 2834; x_wconf 76' lang='lat' dir='ltr'>ad</span> <span class='ocrx_word' id='word_1_252' title='bbox 544 2806 632 2835; x_wconf 85' lang='lat' dir='ltr'>Saec.</span> <span class='ocrx_word' id='word_1_253' title='bbox 649 2813 738 2835; x_wconf 81' lang='lat' dir='ltr'>xvrr.</span> <span class='ocrx_word' id='word_1_254' title='bbox 754 2809 790 2836; x_wconf 91' lang='lat' dir='ltr'>et</span> <span class='ocrx_word' id='word_1_255' title='bbox 806 2814 913 2837; x_wconf 82' lang='lat' dir='ltr'>xvrrr.</span> <span class='ocrx_word' id='word_1_256' title='bbox 940 2806 1047 2838; x_wconf 82' lang='lat' dir='ltr'>Groev.</span> 
     </span>
    </p>

    <p class='ocr_par' dir='ltr' id='par_1_5' title="bbox 488 2854 1180 2948">
     <span class='ocr_line' id='line_1_50' title="bbox 532 2854 1180 2897; baseline 0.008 -13"><span class='ocrx_word' id='word_1_257' title='bbox 532 2854 602 2884; x_wconf 75' lang='lat' dir='ltr'>Rex</span> <span class='ocrx_word' id='word_1_258' title='bbox 624 2855 783 2894; x_wconf 75' lang='lat' dir='ltr'>Lydorum</span> <span class='ocrx_word' id='word_1_259' title='bbox 801 2857 936 2897; x_wconf 82' lang='lat' dir='ltr'>Croesus]</span> <span class='ocrx_word' id='word_1_260' title='bbox 960 2857 1086 2889; x_wconf 88' lang='lat' dir='ltr'>Omnes</span> <span class='ocrx_word' id='word_1_261' title='bbox 1112 2862 1180 2889; x_wconf 89' lang='lat' dir='ltr'>tra-</span> 
     </span>
     <span class='ocr_line' id='line_1_51' title="bbox 488 2905 1179 2948; baseline 0.009 -13"><span class='ocrx_word' id='word_1_262' title='bbox 488 2905 585 2946; x_wconf 89' lang='lat' dir='ltr'>dunt,</span> <span class='ocrx_word' id='word_1_263' title='bbox 607 2905 676 2945; x_wconf 81' lang='lat' dir='ltr'>jam</span> <span class='ocrx_word' id='word_1_264' title='bbox 702 2910 771 2937; x_wconf 89' lang='lat' dir='ltr'>tum</span> <span class='ocrx_word' id='word_1_265' title='bbox 799 2908 959 2948; x_wconf 82' lang='lat' dir='ltr'>temporis</span> <span class='ocrx_word' id='word_1_266' title='bbox 985 2907 1138 2940; x_wconf 84' lang='lat' dir='ltr'>Croesum</span> <span class='ocrx_word' id='word_1_267' title='bbox 1161 2918 1179 2940; x_wconf 80' lang='lat' dir='ltr'>a</span> 
     </span>
    </p>
   </div>
   <div class='ocr_carea' id='block_1_3' title="bbox 941 353 1463 386">
    <p class='ocr_par' dir='ltr' id='par_1_6' title="bbox 941 353 1463 386">
     <span class='ocr_line' id='line_1_52' title="bbox 941 353 1463 386; baseline -0.006 0"><span class='ocrx_word' id='word_1_268' title='bbox 941 354 1081 386; x_wconf 77' lang='lat' dir='ltr'>NOTAE</span> <span class='ocrx_word' id='word_1_269' title='bbox 1115 353 1375 385; x_wconf 83' lang='lat' dir='ltr'>VARIORUM</span> <span class='ocrx_word' id='word_1_270' title='bbox 1412 353 1463 383; x_wconf 79' lang='grc' dir='ltr'>ΙΝ</span> 
     </span>
    </p>
   </div>
   <div class='ocr_carea' id='block_1_4' title="bbox 1219 444 1960 2951">
    <p class='ocr_par' dir='ltr' id='par_1_7' title="bbox 1220 444 1960 1134">
     <span class='ocr_line' id='line_1_53' title="bbox 1222 444 1960 488; baseline -0.004 -9"><span class='ocrx_word' id='word_1_271' title='bbox 1222 448 1310 488; x_wconf 91' lang='lat' dir='ltr'>Cyro</span> <span class='ocrx_word' id='word_1_272' title='bbox 1324 447 1451 478; x_wconf 84' lang='lat' dir='ltr'>victum</span> <span class='ocrx_word' id='word_1_273' title='bbox 1473 449 1678 487; x_wconf 86' lang='lat' dir='ltr'>captumque</span> <span class='ocrx_word' id='word_1_274' title='bbox 1700 444 1818 486; x_wconf 86' lang='lat' dir='ltr'>fuisse,</span> <span class='ocrx_word' id='word_1_275' title='bbox 1840 454 1915 477; x_wconf 90' lang='lat' dir='ltr'>cum</span> <span class='ocrx_word' id='word_1_276' title='bbox 1956 467 1960 472; x_wconf 73' lang='lat'>.</span> 
     </span>
     <span class='ocr_line' id='line_1_54' title="bbox 1220 498 1916 541; baseline -0.006 -9"><span class='ocrx_word' id='word_1_277' title='bbox 1220 501 1419 541; x_wconf 84' lang='lat' dir='ltr'>Babyloniis</span> <span class='ocrx_word' id='word_1_278' title='bbox 1455 500 1578 531; x_wconf 85' lang='lat' dir='ltr'>bellum</span> <span class='ocrx_word' id='word_1_279' title='bbox 1613 498 1766 531; x_wconf 87' lang='lat' dir='ltr'>inferret.</span> <span class='ocrx_word' id='word_1_280' title='bbox 1825 499 1916 532; x_wconf 83' lang='lat' dir='ltr'>Quo-</span> 
     </span>
     <span class='ocr_line' id='line_1_55' title="bbox 1221 549 1916 591; baseline -0.006 -7"><span class='ocrx_word' id='word_1_281' title='bbox 1221 553 1322 584; x_wconf 86' lang='lat' dir='ltr'>modo</span> <span class='ocrx_word' id='word_1_282' title='bbox 1349 561 1429 591; x_wconf 86' lang='lat' dir='ltr'>ergo</span> <span class='ocrx_word' id='word_1_283' title='bbox 1451 551 1490 581; x_wconf 87' lang='lat' dir='ltr'>iis</span> <span class='ocrx_word' id='word_1_284' title='bbox 1515 560 1614 590; x_wconf 88' lang='lat' dir='ltr'>opem</span> <span class='ocrx_word' id='word_1_285' title='bbox 1632 550 1762 588; x_wconf 91' lang='lat' dir='ltr'>tulerit,</span> <span class='ocrx_word' id='word_1_286' title='bbox 1785 559 1852 581; x_wconf 90' lang='lat' dir='ltr'>non</span> <span class='ocrx_word' id='word_1_287' title='bbox 1870 549 1916 580; x_wconf 87' lang='lat' dir='ltr'>vi-</span> 
     </span>
     <span class='ocr_line' id='line_1_56' title="bbox 1222 600 1918 640; baseline -0.006 -6"><span class='ocrx_word' id='word_1_288' title='bbox 1222 603 1298 634; x_wconf 89' lang='lat' dir='ltr'>deo.</span> <span class='ocrx_word' id='word_1_289' title='bbox 1344 602 1412 633; x_wconf 91' lang='lat' dir='ltr'>Sed</span> <span class='ocrx_word' id='word_1_290' title='bbox 1438 600 1574 631; x_wconf 87' lang='lat' dir='ltr'>videtur</span> <span class='ocrx_word' id='word_1_291' title='bbox 1599 601 1738 640; x_wconf 87' lang='lat' dir='ltr'>Trogus,</span> <span class='ocrx_word' id='word_1_292' title='bbox 1760 604 1799 631; x_wconf 89' lang='lat' dir='ltr'>ut</span> <span class='ocrx_word' id='word_1_293' title='bbox 1814 609 1918 640; x_wconf 71' lang='lat' dir='ltr'>saepe,</span> 
     </span>
     <span class='ocr_line' id='line_1_57' title="bbox 1222 650 1917 683; baseline -0.006 0"><span class='ocrx_word' id='word_1_294' title='bbox 1222 653 1308 683; x_wconf 89' lang='lat' dir='ltr'>alios</span> <span class='ocrx_word' id='word_1_295' title='bbox 1338 655 1474 683; x_wconf 90' lang='lat' dir='ltr'>secutus</span> <span class='ocrx_word' id='word_1_296' title='bbox 1504 650 1609 681; x_wconf 82' lang='lat' dir='ltr'>fuisse</span> <span class='ocrx_word' id='word_1_297' title='bbox 1640 654 1806 681; x_wconf 86' lang='lat' dir='ltr'>auctores.</span> <span class='ocrx_word' id='word_1_298' title='bbox 1833 650 1917 682; x_wconf 82' lang='lat' dir='ltr'>Voss.</span> 
     </span>
     <span class='ocr_line' id='line_1_58' title="bbox 1223 699 1919 741; baseline -0.003 -9"><span class='ocrx_word' id='word_1_299' title='bbox 1223 701 1354 732; x_wconf 87' lang='lat' dir='ltr'>Herod.</span> <span class='ocrx_word' id='word_1_300' title='bbox 1385 701 1445 732; x_wconf 91' lang='lat' dir='ltr'>lib.</span> <span class='ocrx_word' id='word_1_301' title='bbox 1471 710 1496 731; x_wconf 90' lang='lat'>1.</span> <span class='ocrx_word' id='word_1_302' title='bbox 1519 699 1684 740; x_wconf 86' lang='lat' dir='ltr'>prodidit,</span> <span class='ocrx_word' id='word_1_303' title='bbox 1709 699 1854 741; x_wconf 87' lang='lat' dir='ltr'>Assyriis</span> <span class='ocrx_word' id='word_1_304' title='bbox 1881 703 1919 731; x_wconf 83' lang='lat' dir='ltr'>et</span> 
     </span>
     <span class='ocr_line' id='line_1_59' title="bbox 1224 749 1915 791; baseline -0.003 -9"><span class='ocrx_word' id='word_1_305' title='bbox 1224 751 1392 791; x_wconf 87' lang='lat' dir='ltr'>Babyloni</span> <span class='ocrx_word' id='word_1_306' title='bbox 1409 760 1428 781; x_wconf 86' lang='lat' dir='ltr'>a</span> <span class='ocrx_word' id='word_1_307' title='bbox 1445 750 1535 790; x_wconf 89' lang='lat' dir='ltr'>Cyro</span> <span class='ocrx_word' id='word_1_308' title='bbox 1552 754 1622 781; x_wconf 90' lang='lat' dir='ltr'>tum</span> <span class='ocrx_word' id='word_1_309' title='bbox 1639 749 1773 781; x_wconf 88' lang='lat' dir='ltr'>demum</span> <span class='ocrx_word' id='word_1_310' title='bbox 1789 750 1915 781; x_wconf 87' lang='lat' dir='ltr'>bellum</span> 
     </span>
     <span class='ocr_line' id='line_1_60' title="bbox 1223 800 1920 842; baseline -0.004 -8"><span class='ocrx_word' id='word_1_311' title='bbox 1223 803 1366 842; x_wconf 91' lang='lat' dir='ltr'>illatum,</span> <span class='ocrx_word' id='word_1_312' title='bbox 1389 812 1465 833; x_wconf 86' lang='lat' dir='ltr'>cum</span> <span class='ocrx_word' id='word_1_313' title='bbox 1489 803 1640 833; x_wconf 79' lang='lat' dir='ltr'>Croesum</span> <span class='ocrx_word' id='word_1_314' title='bbox 1666 801 1755 832; x_wconf 90' lang='lat' dir='ltr'>idem</span> <span class='ocrx_word' id='word_1_315' title='bbox 1775 800 1847 841; x_wconf 91' lang='lat' dir='ltr'>jam</span> <span class='ocrx_word' id='word_1_316' title='bbox 1873 800 1920 831; x_wconf 91' lang='lat' dir='ltr'>vi-</span> 
     </span>
     <span class='ocr_line' id='line_1_61' title="bbox 1223 850 1920 893; baseline -0.003 -10"><span class='ocrx_word' id='word_1_317' title='bbox 1223 853 1338 892; x_wconf 83' lang='lat' dir='ltr'>cisset,</span> <span class='ocrx_word' id='word_1_318' title='bbox 1359 861 1543 893; x_wconf 87' lang='lat' dir='ltr'>omnesque</span> <span class='ocrx_word' id='word_1_319' title='bbox 1577 856 1697 890; x_wconf 84' lang='lat' dir='ltr'>terras,</span> <span class='ocrx_word' id='word_1_320' title='bbox 1720 861 1794 892; x_wconf 87' lang='lat' dir='ltr'>quae</span> <span class='ocrx_word' id='word_1_321' title='bbox 1822 850 1920 881; x_wconf 85' lang='lat' dir='ltr'>ditio-</span> 
     </span>
     <span class='ocr_line' id='line_1_62' title="bbox 1222 900 1919 943; baseline -0.003 -10"><span class='ocrx_word' id='word_1_322' title='bbox 1222 903 1273 933; x_wconf 88' lang='lat' dir='ltr'>nis</span> <span class='ocrx_word' id='word_1_323' title='bbox 1289 903 1362 943; x_wconf 83' lang='lat' dir='ltr'>ejus</span> <span class='ocrx_word' id='word_1_324' title='bbox 1384 902 1536 942; x_wconf 89' lang='lat' dir='ltr'>fuerant,</span> <span class='ocrx_word' id='word_1_325' title='bbox 1557 906 1772 942; x_wconf 86' lang='lat' dir='ltr'>occupasset.</span> <span class='ocrx_word' id='word_1_326' title='bbox 1818 900 1919 933; x_wconf 84' lang='lat' dir='ltr'>Quod</span> 
     </span>
     <span class='ocr_line' id='line_1_63' title="bbox 1223 951 1922 992; baseline -0.003 -9"><span class='ocrx_word' id='word_1_327' title='bbox 1223 953 1250 983; x_wconf 91' lang='lat' dir='ltr'>si</span> <span class='ocrx_word' id='word_1_328' title='bbox 1268 963 1394 992; x_wconf 87' lang='lat' dir='ltr'>verum,</span> <span class='ocrx_word' id='word_1_329' title='bbox 1419 957 1455 983; x_wconf 92' lang='lat' dir='ltr'>ut</span> <span class='ocrx_word' id='word_1_330' title='bbox 1471 962 1549 983; x_wconf 87' lang='lat' dir='ltr'>sane</span> <span class='ocrx_word' id='word_1_331' title='bbox 1565 952 1710 987; x_wconf 88' lang='lat' dir='ltr'>videtur,</span> <span class='ocrx_word' id='word_1_332' title='bbox 1725 960 1792 982; x_wconf 88' lang='lat' dir='ltr'>non</span> <span class='ocrx_word' id='word_1_333' title='bbox 1808 951 1922 991; x_wconf 84' lang='lat' dir='ltr'>potuit</span> 
     </span>
     <span class='ocr_line' id='line_1_64' title="bbox 1221 1001 1919 1042; baseline -0.003 -8"><span class='ocrx_word' id='word_1_334' title='bbox 1221 1004 1356 1035; x_wconf 77' lang='lat' dir='ltr'>Croesus</span> <span class='ocrx_word' id='word_1_335' title='bbox 1385 1003 1417 1034; x_wconf 91' lang='lat' dir='ltr'>in</span> <span class='ocrx_word' id='word_1_336' title='bbox 1445 1003 1605 1034; x_wconf 86' lang='lat' dir='ltr'>auxilium</span> <span class='ocrx_word' id='word_1_337' title='bbox 1633 1002 1749 1033; x_wconf 89' lang='lat' dir='ltr'>venire</span> <span class='ocrx_word' id='word_1_338' title='bbox 1772 1001 1919 1042; x_wconf 88' lang='lat' dir='ltr'>Babylo-</span> 
     </span>
     <span class='ocr_line' id='line_1_65' title="bbox 1223 1051 1921 1093; baseline -0.003 -9"><span class='ocrx_word' id='word_1_339' title='bbox 1223 1054 1297 1085; x_wconf 83' lang='lat' dir='ltr'>niis.</span> <span class='ocrx_word' id='word_1_340' title='bbox 1320 1053 1398 1084; x_wconf 85' lang='lat' dir='ltr'>Vid.</span> <span class='ocrx_word' id='word_1_341' title='bbox 1411 1057 1445 1084; x_wconf 86' lang='lat' dir='ltr'>et</span> <span class='ocrx_word' id='word_1_342' title='bbox 1456 1053 1578 1093; x_wconf 84' lang='lat' dir='ltr'>Scalig.</span> <span class='ocrx_word' id='word_1_343' title='bbox 1592 1052 1634 1083; x_wconf 89' lang='lat' dir='ltr'>de</span> <span class='ocrx_word' id='word_1_344' title='bbox 1648 1051 1791 1083; x_wconf 85' lang='lat' dir='ltr'>Emend.</span> <span class='ocrx_word' id='word_1_345' title='bbox 1802 1052 1921 1092; x_wconf 86' lang='lat' dir='ltr'>Temp.</span> 
     </span>
     <span class='ocr_line' id='line_1_66' title="bbox 1223 1103 1453 1134; baseline -0.009 0"><span class='ocrx_word' id='word_1_346' title='bbox 1223 1103 1280 1134; x_wconf 86' lang='lat' dir='ltr'>lib.</span> <span class='ocrx_word' id='word_1_347' title='bbox 1297 1113 1346 1134; x_wconf 83' lang='lat' dir='ltr'>vr.</span> <span class='ocrx_word' id='word_1_348' title='bbox 1381 1103 1453 1134; x_wconf 84' lang='lat' dir='ltr'>Vor.</span> 
     </span>
    </p>

    <p class='ocr_par' dir='ltr' id='par_1_8' title="bbox 1225 1151 1920 1283">
     <span class='ocr_line' id='line_1_67' title="bbox 1269 1151 1919 1192; baseline -0.002 -9"><span class='ocrx_word' id='word_1_349' title='bbox 1269 1153 1376 1191; x_wconf 76' lang='lat' dir='ltr'>Cujus,</span> <span class='ocrx_word' id='word_1_350' title='bbox 1403 1151 1470 1192; x_wconf 59' lang='lat' dir='ltr'>tiso]</span> <span class='ocrx_word' id='word_1_351' title='bbox 1503 1151 1591 1182; x_wconf 89' lang='lat' dir='ltr'>Saxo</span> <span class='ocrx_word' id='word_1_352' title='bbox 1609 1159 1683 1182; x_wconf 84' lang='lat' dir='ltr'>xlv.</span> <span class='ocrx_word' id='word_1_353' title='bbox 1709 1161 1743 1192; x_wconf 90' lang='lat' dir='ltr'>p.</span> <span class='ocrx_word' id='word_1_354' title='bbox 1765 1153 1840 1182; x_wconf 87' lang='grc'>268.</span> <span class='ocrx_word' id='word_1_355' title='bbox 1866 1153 1919 1182; x_wconf 82' lang='lat'>41.</span> 
     </span>
     <span class='ocr_line' id='line_1_68' title="bbox 1225 1201 1920 1243; baseline -0.004 -9"><span class='ocrx_word' id='word_1_356' title='bbox 1225 1203 1234 1220; x_wconf 85' lang='lat'>‘</span> <span class='ocrx_word' id='word_1_357' title='bbox 1253 1203 1355 1243; x_wconf 78' lang='lat' dir='ltr'>Cujus</span> <span class='ocrx_word' id='word_1_358' title='bbox 1380 1202 1528 1242; x_wconf 86' lang='lat' dir='ltr'>insignes</span> <span class='ocrx_word' id='word_1_359' title='bbox 1551 1212 1591 1232; x_wconf 87' lang='lat' dir='ltr'>ea</span> <span class='ocrx_word' id='word_1_360' title='bbox 1608 1206 1813 1242; x_wconf 87' lang='lat' dir='ltr'>tempestate</span> <span class='ocrx_word' id='word_1_361' title='bbox 1829 1201 1920 1232; x_wconf 81' lang='lat' dir='ltr'>vires</span> 
     </span>
     <span class='ocr_line' id='line_1_69' title="bbox 1225 1251 1346 1283; baseline -0.008 0"><span class='ocrx_word' id='word_1_362' title='bbox 1225 1251 1346 1283; x_wconf 64' lang='lat' dir='ltr'>fuere!</span> 
     </span>
    </p>

    <p class='ocr_par' dir='ltr' id='par_1_9' title="bbox 1219 1301 1926 2951">
     <span class='ocr_line' id='line_1_70' title="bbox 1273 1301 1920 1342; baseline -0.002 -9"><span class='ocrx_word' id='word_1_363' title='bbox 1273 1302 1438 1342; x_wconf 77' lang='lat' dir='ltr'>Victusque</span> <span class='ocrx_word' id='word_1_364' title='bbox 1452 1301 1523 1340; x_wconf 78' lang='lat' dir='ltr'>jam</span> <span class='ocrx_word' id='word_1_365' title='bbox 1543 1302 1580 1332; x_wconf 81' lang='lat' dir='ltr'>de</span> <span class='ocrx_word' id='word_1_366' title='bbox 1605 1311 1637 1332; x_wconf 87' lang='lat' dir='ltr'>se</span> <span class='ocrx_word' id='word_1_367' title='bbox 1658 1301 1812 1342; x_wconf 77' lang='lat' dir='ltr'>solicitus]</span> <span class='ocrx_word' id='word_1_368' title='bbox 1835 1301 1920 1332; x_wconf 89' lang='lat' dir='ltr'>Per-</span> 
     </span>
     <span class='ocr_line' id='line_1_71' title="bbox 1225 1352 1919 1392; baseline 0 -10"><span class='ocrx_word' id='word_1_369' title='bbox 1225 1352 1384 1383; x_wconf 83' lang='lat' dir='ltr'>tinaciter</span> <span class='ocrx_word' id='word_1_370' title='bbox 1417 1353 1625 1392; x_wconf 89' lang='lat' dir='ltr'>pertendunt</span> <span class='ocrx_word' id='word_1_371' title='bbox 1663 1352 1766 1383; x_wconf 88' lang='lat' dir='ltr'>etiam</span> <span class='ocrx_word' id='word_1_372' title='bbox 1794 1356 1919 1383; x_wconf 80' lang='lat' dir='ltr'>nostrae</span> 
     </span>
     <span class='ocr_line' id='line_1_72' title="bbox 1226 1401 1921 1441; baseline 0 -9"><span class='ocrx_word' id='word_1_373' title='bbox 1226 1401 1439 1432; x_wconf 84' lang='lat' dir='ltr'>Membrauae</span> <span class='ocrx_word' id='word_1_374' title='bbox 1462 1402 1618 1441; x_wconf 78' lang='lat' dir='ltr'>victusque</span> <span class='ocrx_word' id='word_1_375' title='bbox 1639 1401 1668 1439; x_wconf 76' lang='lat' dir='ltr'>j.</span> <span class='ocrx_word' id='word_1_376' title='bbox 1690 1411 1725 1431; x_wconf 80' lang='lat' dir='ltr'>ac</span> <span class='ocrx_word' id='word_1_377' title='bbox 1747 1402 1921 1437; x_wconf 75' lang='lat' dir='ltr'>desolatu83</span> 
     </span>
     <span class='ocr_line' id='line_1_73' title="bbox 1226 1452 1920 1493; baseline 0.003 -12"><span class='ocrx_word' id='word_1_378' title='bbox 1226 1461 1291 1493; x_wconf 91' lang='lat' dir='ltr'>qua</span> <span class='ocrx_word' id='word_1_379' title='bbox 1320 1461 1404 1482; x_wconf 87' lang='lat' dir='ltr'>voce</span> <span class='ocrx_word' id='word_1_380' title='bbox 1434 1452 1499 1483; x_wconf 91' lang='lat' dir='ltr'>etsi</span> <span class='ocrx_word' id='word_1_381' title='bbox 1528 1462 1604 1482; x_wconf 86' lang='lat' dir='ltr'>usus</span> <span class='ocrx_word' id='word_1_382' title='bbox 1628 1452 1752 1492; x_wconf 78' lang='lat' dir='ltr'>Virgil.</span> <span class='ocrx_word' id='word_1_383' title='bbox 1782 1452 1920 1493; x_wconf 84' lang='lat' dir='ltr'>ejusque</span> 
     </span>
     <span class='ocr_line' id='line_1_74' title="bbox 1225 1501 1922 1542; baseline 0.001 -10"><span class='ocrx_word' id='word_1_384' title='bbox 1225 1501 1341 1533; x_wconf 88' lang='lat' dir='ltr'>similis</span> <span class='ocrx_word' id='word_1_385' title='bbox 1355 1502 1467 1542; x_wconf 86' lang='lat' dir='ltr'>Silius,</span> <span class='ocrx_word' id='word_1_386' title='bbox 1491 1506 1527 1533; x_wconf 92' lang='lat' dir='ltr'>et</span> <span class='ocrx_word' id='word_1_387' title='bbox 1543 1506 1622 1533; x_wconf 89' lang='lat' dir='ltr'>ante</span> <span class='ocrx_word' id='word_1_388' title='bbox 1638 1502 1725 1533; x_wconf 91' lang='lat' dir='ltr'>huuc</span> <span class='ocrx_word' id='word_1_389' title='bbox 1748 1502 1820 1533; x_wconf 90' lang='lat' dir='ltr'>Liv.</span> <span class='ocrx_word' id='word_1_390' title='bbox 1841 1502 1922 1533; x_wconf 90' lang='lat' dir='ltr'>nihil</span> 
     </span>
     <span class='ocr_line' id='line_1_75' title="bbox 1228 1551 1922 1584; baseline 0.001 -1"><span class='ocrx_word' id='word_1_391' title='bbox 1228 1558 1340 1584; x_wconf 82' lang='lat' dir='ltr'>tamen</span> <span class='ocrx_word' id='word_1_392' title='bbox 1367 1558 1472 1584; x_wconf 88' lang='lat' dir='ltr'>muto.</span> <span class='ocrx_word' id='word_1_393' title='bbox 1507 1553 1595 1583; x_wconf 83' lang='lat' dir='ltr'>Mod.</span> <span class='ocrx_word' id='word_1_394' title='bbox 1646 1553 1723 1584; x_wconf 90' lang='lat' dir='ltr'>Val.</span> <span class='ocrx_word' id='word_1_395' title='bbox 1746 1551 1922 1584; x_wconf 81' lang='lat' dir='ltr'>Acidalius</span> 
     </span>
     <span class='ocr_line' id='line_1_76' title="bbox 1228 1602 1924 1638; baseline 0.001 -5"><span class='ocrx_word' id='word_1_396' title='bbox 1228 1603 1269 1633; x_wconf 89' lang='lat' dir='ltr'>ad</span> <span class='ocrx_word' id='word_1_397' title='bbox 1298 1603 1384 1633; x_wconf 90' lang='lat' dir='ltr'>Vell.</span> <span class='ocrx_word' id='word_1_398' title='bbox 1411 1603 1473 1633; x_wconf 90' lang='lat' dir='ltr'>sub</span> <span class='ocrx_word' id='word_1_399' title='bbox 1500 1602 1614 1638; x_wconf 84' lang='lat' dir='ltr'>finem,</span> <span class='ocrx_word' id='word_1_400' title='bbox 1638 1607 1678 1633; x_wconf 92' lang='lat' dir='ltr'>ut</span> <span class='ocrx_word' id='word_1_401' title='bbox 1704 1603 1738 1633; x_wconf 90' lang='lat' dir='ltr'>in</span> <span class='ocrx_word' id='word_1_402' title='bbox 1765 1606 1849 1634; x_wconf 86' lang='lat' dir='ltr'>vett.</span> <span class='ocrx_word' id='word_1_403' title='bbox 1874 1602 1924 1634; x_wconf 87' lang='lat' dir='ltr'>ita</span> 
     </span>
     <span class='ocr_line' id='line_1_77' title="bbox 1227 1652 1923 1694; baseline 0.001 -11"><span class='ocrx_word' id='word_1_404' title='bbox 1227 1652 1397 1683; x_wconf 87' lang='lat' dir='ltr'>scribend.</span> <span class='ocrx_word' id='word_1_405' title='bbox 1415 1653 1468 1684; x_wconf 84' lang='lat' dir='ltr'>hic</span> <span class='ocrx_word' id='word_1_406' title='bbox 1486 1658 1601 1684; x_wconf 89' lang='lat' dir='ltr'>monet</span> <span class='ocrx_word' id='word_1_407' title='bbox 1616 1653 1777 1694; x_wconf 79' lang='lat' dir='ltr'>victisque,</span> <span class='ocrx_word' id='word_1_408' title='bbox 1801 1662 1923 1694; x_wconf 91' lang='lat' dir='ltr'>nempe</span> 
     </span>
     <span class='ocr_line' id='line_1_78' title="bbox 1228 1703 1923 1745; baseline 0.001 -12"><span class='ocrx_word' id='word_1_409' title='bbox 1228 1703 1441 1743; x_wconf 78' lang='lat' dir='ltr'>Babyloniis,</span> <span class='ocrx_word' id='word_1_410' title='bbox 1464 1703 1586 1745; x_wconf 84' lang='lat' dir='ltr'>quibus</span> <span class='ocrx_word' id='word_1_411' title='bbox 1613 1703 1737 1734; x_wconf 88' lang='lat' dir='ltr'>auxilio</span> <span class='ocrx_word' id='word_1_412' title='bbox 1761 1707 1923 1734; x_wconf 85' lang='lat' dir='ltr'>venerat:</span> 
     </span>
     <span class='ocr_line' id='line_1_79' title="bbox 1228 1752 1923 1794; baseline 0.001 -11"><span class='ocrx_word' id='word_1_413' title='bbox 1228 1763 1294 1783; x_wconf 92' lang='lat' dir='ltr'>non</span> <span class='ocrx_word' id='word_1_414' title='bbox 1313 1754 1388 1794; x_wconf 85' lang='lat' dir='ltr'>ipse</span> <span class='ocrx_word' id='word_1_415' title='bbox 1405 1754 1526 1785; x_wconf 88' lang='lat' dir='ltr'>victus.</span> <span class='ocrx_word' id='word_1_416' title='bbox 1558 1755 1630 1794; x_wconf 80' lang='lat' dir='ltr'>Ego</span> <span class='ocrx_word' id='word_1_417' title='bbox 1646 1754 1744 1784; x_wconf 75' lang='lat' dir='ltr'>victus</span> <span class='ocrx_word' id='word_1_418' title='bbox 1759 1752 1923 1794; x_wconf 83' lang='lat' dir='ltr'>praefero:</span> 
     </span>
     <span class='ocr_line' id='line_1_80' title="bbox 1228 1802 1924 1845; baseline -0.001 -11"><span class='ocrx_word' id='word_1_419' title='bbox 1228 1813 1306 1834; x_wconf 85' lang='lat' dir='ltr'>nam</span> <span class='ocrx_word' id='word_1_420' title='bbox 1328 1814 1404 1835; x_wconf 89' lang='lat' dir='ltr'>mox</span> <span class='ocrx_word' id='word_1_421' title='bbox 1432 1804 1596 1845; x_wconf 82' lang='lat' dir='ltr'>sequitur,</span> <span class='ocrx_word' id='word_1_422' title='bbox 1618 1804 1627 1820; x_wconf 90' lang='lat'>‘</span> <span class='ocrx_word' id='word_1_423' title='bbox 1643 1802 1780 1834; x_wconf 89' lang='lat' dir='ltr'>fortuna</span> <span class='ocrx_word' id='word_1_424' title='bbox 1803 1803 1924 1843; x_wconf 79' lang='lat' dir='ltr'>prioris</span> 
     </span>
     <span class='ocr_line' id='line_1_81' title="bbox 1228 1853 1923 1894; baseline -0.001 -10"><span class='ocrx_word' id='word_1_425' title='bbox 1228 1854 1335 1894; x_wconf 80' lang='lat' dir='ltr'>praelii</span> <span class='ocrx_word' id='word_1_426' title='bbox 1353 1855 1544 1894; x_wconf 88' lang='lat' dir='ltr'>perculsum</span> <span class='ocrx_word' id='word_1_427' title='bbox 1556 1854 1574 1885; x_wconf 86' lang='lat'>:’</span> <span class='ocrx_word' id='word_1_428' title='bbox 1591 1856 1653 1885; x_wconf 74' lang='grc' dir='ltr'>διε.</span> <span class='ocrx_word' id='word_1_429' title='bbox 1678 1854 1811 1885; x_wconf 85' lang='lat' dir='ltr'>Bernec.</span> <span class='ocrx_word' id='word_1_430' title='bbox 1845 1853 1923 1885; x_wconf 85' lang='lat' dir='ltr'>Jam</span> 
     </span>
     <span class='ocr_line' id='line_1_82' title="bbox 1230 1902 1922 1944; baseline 0.001 -11"><span class='ocrx_word' id='word_1_431' title='bbox 1230 1903 1359 1944; x_wconf 88' lang='lat' dir='ltr'>pridem</span> <span class='ocrx_word' id='word_1_432' title='bbox 1384 1904 1513 1935; x_wconf 88' lang='lat' dir='ltr'>monuit</span> <span class='ocrx_word' id='word_1_433' title='bbox 1533 1904 1683 1935; x_wconf 90' lang='lat' dir='ltr'>Gronov.</span> <span class='ocrx_word' id='word_1_434' title='bbox 1699 1903 1782 1935; x_wconf 91' lang='lat' dir='ltr'>Obs.</span> <span class='ocrx_word' id='word_1_435' title='bbox 1799 1902 1855 1934; x_wconf 91' lang='lat' dir='ltr'>lib.</span> <span class='ocrx_word' id='word_1_436' title='bbox 1873 1912 1922 1934; x_wconf 83' lang='lat' dir='ltr'>iv.</span> 
     </span>
     <span class='ocr_line' id='line_1_83' title="bbox 1228 1955 1926 1994; baseline -0.003 -8"><span class='ocrx_word' id='word_1_437' title='bbox 1228 1955 1474 1987; x_wconf 89' lang='lat' dir='ltr'>restituendum</span> <span class='ocrx_word' id='word_1_438' title='bbox 1497 1965 1569 1987; x_wconf 87' lang='lat' dir='ltr'>esse</span> <span class='ocrx_word' id='word_1_439' title='bbox 1595 1964 1636 1985; x_wconf 86' lang='lat' dir='ltr'>ex</span> <span class='ocrx_word' id='word_1_440' title='bbox 1662 1955 1745 1986; x_wconf 88' lang='lat' dir='ltr'>Mss.</span> <span class='ocrx_word' id='word_1_441' title='bbox 1766 1955 1926 1994; x_wconf 74' lang='lat' dir='ltr'>victusque</span> 
     </span>
     <span class='ocr_line' id='line_1_84' title="bbox 1219 2003 1923 2044; baseline -0.003 -8"><span class='ocrx_word' id='word_1_442' title='bbox 1219 2005 1249 2044; x_wconf 81' lang='lat' dir='ltr'>J&#39;.</span> <span class='ocrx_word' id='word_1_443' title='bbox 1268 2015 1303 2035; x_wconf 83' lang='lat' dir='ltr'>ac</span> <span class='ocrx_word' id='word_1_444' title='bbox 1327 2006 1490 2044; x_wconf 76' lang='lat' dir='ltr'>desolatus,</span> <span class='ocrx_word' id='word_1_445' title='bbox 1514 2005 1545 2035; x_wconf 92' lang='lat' dir='ltr'>h.</span> <span class='ocrx_word' id='word_1_446' title='bbox 1571 2014 1602 2035; x_wconf 93' lang='lat' dir='ltr'>e.</span> <span class='ocrx_word' id='word_1_447' title='bbox 1626 2004 1796 2044; x_wconf 86' lang='lat' dir='ltr'>desertus,</span> <span class='ocrx_word' id='word_1_448' title='bbox 1818 2003 1923 2034; x_wconf 91' lang='lat' dir='ltr'>nuda-</span> 
     </span>
     <span class='ocr_line' id='line_1_85' title="bbox 1229 2054 1925 2094; baseline 0 -9"><span class='ocrx_word' id='word_1_449' title='bbox 1229 2059 1297 2093; x_wconf 86' lang='lat' dir='ltr'>tuS,</span> <span class='ocrx_word' id='word_1_450' title='bbox 1320 2059 1441 2086; x_wconf 84' lang='lat' dir='ltr'>exutus</span> <span class='ocrx_word' id='word_1_451' title='bbox 1471 2055 1639 2092; x_wconf 82' lang='lat' dir='ltr'>exercitu,</span> <span class='ocrx_word' id='word_1_452' title='bbox 1662 2055 1797 2093; x_wconf 87' lang='lat' dir='ltr'>castris,</span> <span class='ocrx_word' id='word_1_453' title='bbox 1818 2054 1925 2094; x_wconf 84' lang='lat' dir='ltr'>copiis</span> 
     </span>
     <span class='ocr_line' id='line_1_86' title="bbox 1229 2104 1924 2136; baseline -0.001 -1"><span class='ocrx_word' id='word_1_454' title='bbox 1229 2104 1391 2136; x_wconf 88' lang='lat' dir='ltr'>omnibus.</span> <span class='ocrx_word' id='word_1_455' title='bbox 1436 2105 1515 2135; x_wconf 87' lang='lat' dir='ltr'>Vid.</span> <span class='ocrx_word' id='word_1_456' title='bbox 1532 2115 1561 2136; x_wconf 91' lang='lat' dir='ltr'>c.</span> <span class='ocrx_word' id='word_1_457' title='bbox 1574 2107 1628 2135; x_wconf 82' lang='lat'>20.</span> <span class='ocrx_word' id='word_1_458' title='bbox 1643 2104 1731 2134; x_wconf 90' lang='lat' dir='ltr'>illius</span> <span class='ocrx_word' id='word_1_459' title='bbox 1749 2104 1805 2135; x_wconf 89' lang='lat' dir='ltr'>lib.</span> <span class='ocrx_word' id='word_1_460' title='bbox 1843 2104 1924 2135; x_wconf 86' lang='lat' dir='ltr'>Cer-</span> 
     </span>
     <span class='ocr_line' id='line_1_87' title="bbox 1230 2155 1924 2196; baseline 0 -10"><span class='ocrx_word' id='word_1_461' title='bbox 1230 2155 1358 2186; x_wconf 88' lang='lat' dir='ltr'>tissima</span> <span class='ocrx_word' id='word_1_462' title='bbox 1374 2159 1427 2187; x_wconf 92' lang='lat' dir='ltr'>est</span> <span class='ocrx_word' id='word_1_463' title='bbox 1443 2156 1516 2187; x_wconf 78' lang='lat' dir='ltr'>haec</span> <span class='ocrx_word' id='word_1_464' title='bbox 1532 2160 1616 2187; x_wconf 89' lang='lat' dir='ltr'>vett.</span> <span class='ocrx_word' id='word_1_465' title='bbox 1644 2156 1802 2187; x_wconf 89' lang='lat' dir='ltr'>librorum</span> <span class='ocrx_word' id='word_1_466' title='bbox 1819 2155 1924 2196; x_wconf 89' lang='lat' dir='ltr'>scrip-</span> 
     </span>
     <span class='ocr_line' id='line_1_88' title="bbox 1230 2205 1925 2246; baseline 0 -10"><span class='ocrx_word' id='word_1_467' title='bbox 1230 2209 1308 2236; x_wconf 80' lang='lat' dir='ltr'>tura</span> <span class='ocrx_word' id='word_1_468' title='bbox 1323 2207 1486 2246; x_wconf 82' lang='lat' dir='ltr'>desolatus,</span> <span class='ocrx_word' id='word_1_469' title='bbox 1509 2206 1540 2237; x_wconf 88' lang='lat' dir='ltr'>h.</span> <span class='ocrx_word' id='word_1_470' title='bbox 1564 2215 1594 2237; x_wconf 92' lang='lat' dir='ltr'>e.</span> <span class='ocrx_word' id='word_1_471' title='bbox 1619 2205 1770 2236; x_wconf 88' lang='lat' dir='ltr'>desertus</span> <span class='ocrx_word' id='word_1_472' title='bbox 1798 2215 1818 2236; x_wconf 90' lang='lat' dir='ltr'>a</span> <span class='ocrx_word' id='word_1_473' title='bbox 1844 2205 1925 2245; x_wconf 86' lang='lat' dir='ltr'>suis,</span> 
     </span>
     <span class='ocr_line' id='line_1_89' title="bbox 1230 2255 1924 2297; baseline 0.003 -12"><span class='ocrx_word' id='word_1_474' title='bbox 1230 2256 1285 2296; x_wconf 90' lang='lat' dir='ltr'>qui</span> <span class='ocrx_word' id='word_1_475' title='bbox 1303 2255 1369 2286; x_wconf 85' lang='lat' dir='ltr'>fusi</span> <span class='ocrx_word' id='word_1_476' title='bbox 1384 2261 1493 2295; x_wconf 87' lang='lat' dir='ltr'>erant,</span> <span class='ocrx_word' id='word_1_477' title='bbox 1516 2260 1551 2287; x_wconf 91' lang='lat' dir='ltr'>et</span> <span class='ocrx_word' id='word_1_478' title='bbox 1577 2255 1672 2296; x_wconf 85' lang='lat' dir='ltr'>fuga,</span> <span class='ocrx_word' id='word_1_479' title='bbox 1696 2266 1761 2297; x_wconf 88' lang='lat' dir='ltr'>qua</span> <span class='ocrx_word' id='word_1_480' title='bbox 1782 2256 1924 2297; x_wconf 86' lang='lat' dir='ltr'>quisque</span> 
     </span>
     <span class='ocr_line' id='line_1_90' title="bbox 1231 2306 1924 2347; baseline 0.003 -11"><span class='ocrx_word' id='word_1_481' title='bbox 1231 2310 1379 2346; x_wconf 85' lang='lat' dir='ltr'>poterat,</span> <span class='ocrx_word' id='word_1_482' title='bbox 1396 2317 1462 2337; x_wconf 83' lang='lat' dir='ltr'>suae</span> <span class='ocrx_word' id='word_1_483' title='bbox 1480 2307 1700 2338; x_wconf 86' lang='lat' dir='ltr'>consulebant</span> <span class='ocrx_word' id='word_1_484' title='bbox 1715 2306 1827 2344; x_wconf 88' lang='lat' dir='ltr'>saluti,</span> <span class='ocrx_word' id='word_1_485' title='bbox 1843 2316 1924 2347; x_wconf 83' lang='lat' dir='ltr'>rege</span> 
     </span>
     <span class='ocr_line' id='line_1_91' title="bbox 1231 2356 1925 2398; baseline 0.003 -12"><span class='ocrx_word' id='word_1_486' title='bbox 1231 2356 1363 2387; x_wconf 88' lang='lat' dir='ltr'>relicto.</span> <span class='ocrx_word' id='word_1_487' title='bbox 1389 2357 1495 2389; x_wconf 81' lang='lat' dir='ltr'>Groev.</span> <span class='ocrx_word' id='word_1_488' title='bbox 1540 2357 1622 2397; x_wconf 86' lang='lat' dir='ltr'>Legi</span> <span class='ocrx_word' id='word_1_489' title='bbox 1648 2361 1811 2398; x_wconf 88' lang='lat' dir='ltr'>oportere</span> <span class='ocrx_word' id='word_1_490' title='bbox 1836 2357 1925 2388; x_wconf 90' lang='lat' dir='ltr'>arbi-</span> 
     </span>
     <span class='ocr_line' id='line_1_92' title="bbox 1230 2405 1925 2446; baseline -0.001 -8"><span class='ocrx_word' id='word_1_491' title='bbox 1230 2411 1314 2445; x_wconf 90' lang='lat' dir='ltr'>tror,</span> <span class='ocrx_word' id='word_1_492' title='bbox 1337 2408 1375 2438; x_wconf 81' lang='lat' dir='ltr'>de</span> <span class='ocrx_word' id='word_1_493' title='bbox 1388 2417 1420 2438; x_wconf 85' lang='lat' dir='ltr'>se</span> <span class='ocrx_word' id='word_1_494' title='bbox 1436 2407 1584 2444; x_wconf 70' lang='lat' dir='ltr'>solicitus,</span> <span class='ocrx_word' id='word_1_495' title='bbox 1599 2407 1634 2438; x_wconf 83' lang='lat' dir='ltr'>in</span> <span class='ocrx_word' id='word_1_496' title='bbox 1648 2417 1777 2446; x_wconf 81' lang='lat' dir='ltr'>regnum</span> <span class='ocrx_word' id='word_1_497' title='bbox 1792 2405 1925 2446; x_wconf 76' lang='lat' dir='ltr'>refugit.</span> 
     </span>
     <span class='ocr_line' id='line_1_93' title="bbox 1230 2457 1924 2498; baseline 0 -11"><span class='ocrx_word' id='word_1_498' title='bbox 1230 2457 1275 2487; x_wconf 88' lang='lat' dir='ltr'>Et</span> <span class='ocrx_word' id='word_1_499' title='bbox 1291 2457 1354 2488; x_wconf 88' lang='lat' dir='ltr'>hoc</span> <span class='ocrx_word' id='word_1_500' title='bbox 1371 2457 1620 2488; x_wconf 88' lang='lat' dir='ltr'>Latinissimum</span> <span class='ocrx_word' id='word_1_501' title='bbox 1636 2461 1699 2487; x_wconf 83' lang='lat' dir='ltr'>est.</span> <span class='ocrx_word' id='word_1_502' title='bbox 1746 2457 1868 2498; x_wconf 89' lang='lat' dir='ltr'>Neque</span> <span class='ocrx_word' id='word_1_503' title='bbox 1883 2465 1924 2487; x_wconf 91' lang='lat' dir='ltr'>eo</span> 
     </span>
     <span class='ocr_line' id='line_1_94' title="bbox 1230 2506 1924 2548; baseline 0 -11"><span class='ocrx_word' id='word_1_504' title='bbox 1230 2516 1313 2547; x_wconf 89' lang='lat' dir='ltr'>opus</span> <span class='ocrx_word' id='word_1_505' title='bbox 1344 2507 1386 2538; x_wconf 89' lang='lat' dir='ltr'>sit</span> <span class='ocrx_word' id='word_1_506' title='bbox 1403 2507 1491 2548; x_wconf 89' lang='lat' dir='ltr'>quod</span> <span class='ocrx_word' id='word_1_507' title='bbox 1507 2507 1538 2537; x_wconf 94' lang='lat' dir='ltr'>in</span> <span class='ocrx_word' id='word_1_508' title='bbox 1556 2506 1708 2548; x_wconf 89' lang='lat' dir='ltr'>quibusd.</span> <span class='ocrx_word' id='word_1_509' title='bbox 1725 2507 1782 2538; x_wconf 91' lang='lat' dir='ltr'>lib.</span> <span class='ocrx_word' id='word_1_510' title='bbox 1798 2506 1924 2547; x_wconf 89' lang='lat' dir='ltr'>legitur</span> 
     </span>
     <span class='ocr_line' id='line_1_95' title="bbox 1228 2557 1926 2598; baseline 0 -10"><span class='ocrx_word' id='word_1_511' title='bbox 1228 2558 1393 2597; x_wconf 81' lang='lat' dir='ltr'>desolatus,</span> <span class='ocrx_word' id='word_1_512' title='bbox 1415 2567 1476 2598; x_wconf 88' lang='lat' dir='ltr'>pro</span> <span class='ocrx_word' id='word_1_513' title='bbox 1501 2559 1539 2589; x_wconf 85' lang='lat' dir='ltr'>de</span> <span class='ocrx_word' id='word_1_514' title='bbox 1559 2568 1591 2589; x_wconf 83' lang='lat' dir='ltr'>se</span> <span class='ocrx_word' id='word_1_515' title='bbox 1615 2558 1763 2589; x_wconf 81' lang='lat' dir='ltr'>solicitus.</span> <span class='ocrx_word' id='word_1_516' title='bbox 1806 2557 1837 2588; x_wconf 88' lang='lat' dir='ltr'>T</span> <span class='ocrx_word' id='word_1_517' title='bbox 1841 2567 1860 2587; x_wconf 92' lang='lat' dir='ltr'>u</span> <span class='ocrx_word' id='word_1_518' title='bbox 1877 2562 1926 2588; x_wconf 88' lang='lat' dir='ltr'>ta·</span> 
     </span>
     <span class='ocr_line' id='line_1_96' title="bbox 1230 2607 1924 2639; baseline 0.001 -1"><span class='ocrx_word' id='word_1_519' title='bbox 1230 2618 1307 2639; x_wconf 90' lang='lat' dir='ltr'>men</span> <span class='ocrx_word' id='word_1_520' title='bbox 1324 2613 1360 2639; x_wconf 88' lang='lat' dir='ltr'>et</span> <span class='ocrx_word' id='word_1_521' title='bbox 1374 2608 1474 2638; x_wconf 88' lang='lat' dir='ltr'>Voss.</span> <span class='ocrx_word' id='word_1_522' title='bbox 1491 2608 1605 2639; x_wconf 90' lang='lat' dir='ltr'>videto</span> <span class='ocrx_word' id='word_1_523' title='bbox 1622 2612 1657 2639; x_wconf 92' lang='lat' dir='ltr'>et</span> <span class='ocrx_word' id='word_1_524' title='bbox 1674 2608 1789 2639; x_wconf 86' lang='lat' dir='ltr'>Graev.</span> <span class='ocrx_word' id='word_1_525' title='bbox 1812 2607 1924 2639; x_wconf 72' lang='lat' dir='ltr'>faber.</span> 
     </span>
     <span class='ocr_line' id='line_1_97' title="bbox 1231 2659 1923 2701; baseline -0.001 -10"><span class='ocrx_word' id='word_1_526' title='bbox 1231 2660 1379 2691; x_wconf 88' lang='lat' dir='ltr'>Omnino</span> <span class='ocrx_word' id='word_1_527' title='bbox 1401 2659 1534 2700; x_wconf 84' lang='lat' dir='ltr'>legend.</span> <span class='ocrx_word' id='word_1_528' title='bbox 1557 2669 1575 2691; x_wconf 93' lang='lat' dir='ltr'>e</span> <span class='ocrx_word' id='word_1_529' title='bbox 1600 2659 1708 2691; x_wconf 89' lang='lat' dir='ltr'>Codd.</span> <span class='ocrx_word' id='word_1_530' title='bbox 1731 2660 1816 2690; x_wconf 90' lang='lat' dir='ltr'>Mss.</span> <span class='ocrx_word' id='word_1_531' title='bbox 1841 2669 1923 2701; x_wconf 89' lang='lat' dir='ltr'>quos</span> 
     </span>
     <span class='ocr_line' id='line_1_98' title="bbox 1230 2709 1923 2751; baseline 0 -11"><span class='ocrx_word' id='word_1_532' title='bbox 1230 2709 1317 2741; x_wconf 84' lang='lat' dir='ltr'>vidit</span> <span class='ocrx_word' id='word_1_533' title='bbox 1340 2711 1448 2750; x_wconf 84' lang='lat' dir='ltr'>Bong.</span> <span class='ocrx_word' id='word_1_534' title='bbox 1478 2710 1634 2751; x_wconf 78' lang='lat' dir='ltr'>victusque</span> <span class='ocrx_word' id='word_1_535' title='bbox 1651 2710 1681 2749; x_wconf 80' lang='lat' dir='ltr'>j.</span> <span class='ocrx_word' id='word_1_536' title='bbox 1704 2719 1739 2740; x_wconf 82' lang='lat' dir='ltr'>nc</span> <span class='ocrx_word' id='word_1_537' title='bbox 1761 2710 1923 2740; x_wconf 78' lang='lat' dir='ltr'>desolatus.</span> 
     </span>
     <span class='ocr_line' id='line_1_99' title="bbox 1231 2760 1923 2792; baseline -0.001 -1"><span class='ocrx_word' id='word_1_538' title='bbox 1231 2761 1307 2792; x_wconf 82' lang='lat' dir='ltr'>Qua</span> <span class='ocrx_word' id='word_1_539' title='bbox 1333 2760 1375 2791; x_wconf 87' lang='lat' dir='ltr'>de</span> <span class='ocrx_word' id='word_1_540' title='bbox 1404 2769 1439 2791; x_wconf 91' lang='lat' dir='ltr'>re</span> <span class='ocrx_word' id='word_1_541' title='bbox 1465 2764 1501 2791; x_wconf 85' lang='lat' dir='ltr'>et</span> <span class='ocrx_word' id='word_1_542' title='bbox 1526 2761 1675 2791; x_wconf 84' lang='lat' dir='ltr'>Gronov.</span> <span class='ocrx_word' id='word_1_543' title='bbox 1692 2769 1742 2790; x_wconf 93' lang='lat' dir='ltr'>1v.</span> <span class='ocrx_word' id='word_1_544' title='bbox 1771 2760 1923 2791; x_wconf 84' lang='lat' dir='ltr'>Obs.21.</span> 
     </span>
     <span class='ocr_line' id='line_1_100' title="bbox 1230 2809 1924 2850; baseline 0 -10"><span class='ocrx_word' id='word_1_545' title='bbox 1230 2809 1371 2840; x_wconf 86' lang='lat' dir='ltr'>monuit.</span> <span class='ocrx_word' id='word_1_546' title='bbox 1405 2810 1516 2850; x_wconf 83' lang='lat' dir='ltr'>Vulgo</span> <span class='ocrx_word' id='word_1_547' title='bbox 1530 2810 1655 2850; x_wconf 88' lang='lat' dir='ltr'>legitur</span> <span class='ocrx_word' id='word_1_548' title='bbox 1668 2809 1823 2850; x_wconf 78' lang='lat' dir='ltr'>victusque</span> <span class='ocrx_word' id='word_1_549' title='bbox 1839 2810 1869 2848; x_wconf 80' lang='lat' dir='ltr'>j.</span> <span class='ocrx_word' id='word_1_550' title='bbox 1887 2811 1924 2840; x_wconf 81' lang='lat' dir='ltr'>de</span> 
     </span>
     <span class='ocr_line' id='line_1_101' title="bbox 1229 2857 1924 2890; baseline -0.001 0"><span class='ocrx_word' id='word_1_551' title='bbox 1229 2869 1261 2890; x_wconf 76' lang='lat' dir='ltr'>se</span> <span class='ocrx_word' id='word_1_552' title='bbox 1283 2859 1430 2890; x_wconf 70' lang='lat' dir='ltr'>solicitus.</span> <span class='ocrx_word' id='word_1_553' title='bbox 1476 2860 1538 2890; x_wconf 86' lang='lat' dir='ltr'>Est</span> <span class='ocrx_word' id='word_1_554' title='bbox 1563 2863 1677 2890; x_wconf 85' lang='lat' dir='ltr'>autem</span> <span class='ocrx_word' id='word_1_555' title='bbox 1699 2863 1708 2876; x_wconf 89' lang='lat'>‘</span> <span class='ocrx_word' id='word_1_556' title='bbox 1731 2857 1924 2890; x_wconf 82' lang='lat' dir='ltr'>desolatns’</span> 
     </span>
     <span class='ocr_line' id='line_1_102' title="bbox 1230 2908 1922 2951; baseline 0 -10"><span class='ocrx_word' id='word_1_557' title='bbox 1230 2909 1319 2941; x_wconf 86' lang='lat' dir='ltr'>idem</span> <span class='ocrx_word' id='word_1_558' title='bbox 1333 2908 1435 2951; x_wconf 88' lang='lat' dir='ltr'>quod,</span> <span class='ocrx_word' id='word_1_559' title='bbox 1448 2908 1615 2949; x_wconf 84' lang='lat' dir='ltr'>desertus,</span> <span class='ocrx_word' id='word_1_560' title='bbox 1631 2908 1787 2950; x_wconf 88' lang='lat' dir='ltr'>nudatus,</span> <span class='ocrx_word' id='word_1_561' title='bbox 1800 2913 1922 2941; x_wconf 88' lang='lat' dir='ltr'>exutus</span> 
     </span>
    </p>
   </div>
  </div>
 </body>
</html>
