2101 3419
544 358 738 391 JUSTlNl
772 359 865 390 Lm.
898 358 1031 391 xxii.
1064 361 1169 392 cAP.
1198 352 1239 393 7.

207 463 262 485 res
273 452 363 494 typis
374 461 468 494 expr.
477 452 621 484 Bechar.
636 456 670 484 et
682 456 772 483 teste
785 452 901 484 Graev.

207 505 387 538 Juntarum
409 503 443 534 in
465 504 570 543 quinto
593 503 711 543 lapide.-
737 502 903 544 quomodo

206 563 322 585 rursus
338 558 374 585 et
386 553 421 584 in
434 553 518 584 Mss.
532 562 605 584 esse
620 554 727 594 Bong.
743 557 902 585 testatur.

207 604 334 635 Mirum
350 603 453 643 igitur
466 603 612 644 quodid.
625 603 903 644 praepositionem

205 654 392 695 expunxit:
414 652 448 683 id
460 653 549 694 quod
565 662 628 684 nec
645 653 817 684 Gronovio
832 653 902 693 pla-

205 714 284 735 cere
299 713 341 735 ex
353 703 439 734 libro
454 703 522 743 huj.
538 702 581 733 de
594 703 679 733 Pec.
695 703 773 733 Vet.
788 702 903 733 videre

206 757 270 785 est.
312 752 348 784 Si
371 753 518 783 maxime
534 752 654 783 vocula
668 752 702 783 in
717 762 784 783 non
801 752 903 792 adsit,

206 809 259 836 est
274 809 385 836 tamen
402 803 476 835 ead.
500 803 720 836 subaudiend.
766 806 829 836 Est
849 814 905 836 au-

207 861 276 886 tem
289 855 323 885 in
338 855 445 895 quinto
461 854 563 895 lapide
580 864 653 894 pro,
682 854 725 885 ad
749 855 903 896 quin-tum

206 904 366 946 lapidem.
394 904 498 936 Vorst.
544 904 699 935 Probant
721 904 814 936 docti
831 905 907 945 viri,

208 955 297 996 qnod
325 955 359 985 in
382 955 465 986 Mss.
489 954 673 994 reperitur,
694 954 727 985 in
742 955 848 994 quinto
863 956 907 986 lo-

204 1006 290 1046 pide.
334 1004 420 1035 Mihi
440 1004 547 1035 adhuc
568 1004 687 1035 melius
710 1004 857 1042 videtur,
880 1005 907 1036 si

208 1064 251 1085 ex
262 1054 327 1085 Ms.
339 1054 403 1085 alio
413 1054 562 1094 legamus
574 1054 608 1085 in
619 1054 758 1094 quintum
767 1056 908 1096 lapidem,

209 1107 248 1136 ut
262 1104 296 1135 in
307 1104 451 1144 quintum
460 1104 604 1144 positum
618 1104 662 1135 sit
676 1113 749 1144 pro,
761 1104 802 1135 ad
815 1105 909 1145 quin-

209 1157 292 1193 tum,
305 1153 393 1185 sicut
404 1162 495 1196 saepe
509 1154 519 1172 ‘
533 1153 584 1185 in’
595 1163 670 1195 pro,
679 1154 731 1192 ad,
746 1154 909 1186 occurrit.

210 1204 315 1242 Schef.

259 1255 301 1288 Ut
316 1256 427 1285 damna
441 1255 667 1286 carissimorum
681 1255 798 1295 rerum]
823 1255 907 1287 Eod.

211 1305 393 1345 respiciens
419 1304 587 1336 Antonius
611 1315 666 1345 ap.
682 1306 762 1337 Τειο.
790 1305 833 1337 H.
848 1314 907 1337 111.

212 1357 264 1385 30.
286 1356 295 1371 ‘
313 1354 402 1395 Rapi
424 1355 532 1395 ignes,
551 1354 738 1396 inferrique
756 1357 908 1387 amoenis-

211 1404 303 1435 simis
319 1409 419 1436 extra
430 1405 545 1436 urbem
561 1405 712 1436 aedificiis
731 1405 856 1445 jubet3
881 1405 910 1436 si

213 1454 334 1485 damno
362 1463 473 1485 rerum
501 1464 636 1485 suarum
663 1455 909 1486 Cremonenses

214 1504 256 1535 ad
293 1504 492 1535 mutandam
533 1504 635 1541 fidem
671 1505 911 1537 traherentur.'

214 1554 315 1587 Quod
343 1554 452 1594 ipsum
489 1559 603 1585 tamen
640 1555 910 1586 comminandum

213 1604 324 1644 potius
336 1613 434 1644 quam
444 1603 651 1644 faciendum,
661 1614 722 1636 nec
737 1605 778 1635 ad
792 1605 912 1645 despe-

214 1653 378 1684 rationem
394 1654 507 1684 hostes
533 1654 730 1693 adigendos,
755 1655 912 1694 proecipit

212 1713 287 1735 cum
305 1703 503 1735 Onosandro
526 1705 631 1735 Strat.
646 1714 674 1735 c.
687 1708 720 1736 6.
741 1705 912 1746 Thucydi-

214 1754 274 1785 des
290 1762 315 1784 1.
331 1756 382 1784 13.
398 1756 429 1785 7.
447 1759 482 1784 et
498 1763 537 1785 ιι.
552 1756 584 1785 6.
599 1757 629 1784 5.
651 1754 752 1785 Bern.

258 1805 275 1844 ς
291 1806 330 1834 11
357 1804 470 1834 Omnes
484 1804 652 1834 admiratio
671 1803 813 1843 incessit]
837 1804 911 1835 Liv.

210 1862 240 1884 1.
257 1856 310 1884 56.
341 1854 351 1870 ‘
368 1853 514 1884 Incessit
541 1863 656 1884 omnes
683 1853 807 1893 cupido
821 1852 843 1883 :'
877 1857 914 1884 et

215 1911 280 1935 vu.
297 1905 348 1934 39.
372 1904 381 1920 ‘
399 1903 502 1934 Haud
518 1902 637 1933 dubius
655 1903 755 1934 timor
776 1903 914 1934 incessit

215 1953 366 1985 animos.'
395 1954 476 1984 Tac.
492 1962 516 1984 1.
533 1956 585 1983 16.
608 1954 617 1970 ‘
635 1952 850 1984 Pannonicas
866 1953 912 1984 le-

215 2003 331 2043 giones
346 2003 468 2034 seditio
483 2002 642 2033 incessit!
666 2002 766 2033 Gron.

260 2054 277 2093 ς
294 2055 334 2083 12
362 2053 471 2083 Verum
486 2053 580 2083 eliam
595 2051 684 2083 urbes
697 2052 912 2093 nobilissimae]

215 2102 312 2135 Junt.
328 2112 357 2134 v.
372 2112 398 2133 e.
414 2102 590 2133 tributaria·
604 2102 671 2133 urb.
685 2102 755 2133 nob.
788 2103 913 2133 Veram

216 2157 299 2193 puto
323 2153 409 2184 hanc
433 2153 514 2184 lect.
539 2162 615 2183 esse
639 2162 783 2193 sequens
809 2157 914 2192 eaput

217 2203 386 2234 ostendit:
410 2203 420 2219 ⁴
434 2203 518 2234 Cum
532 2202 620 2234 domi
632 2201 783 2243 forisque
796 2203 914 2234 eadem

216 2251 353 2283 fortuna
368 2252 699 2293 Carthaginiensium
717 2257 817 2292 esset,
839 2253 914 2293 jam

218 2311 286 2333 uon
299 2302 490 2333 tributariae
515 2307 646 2333 tantum
668 2302 710 2332 ab
732 2303 783 2332 his
798 2302 913 2342 urbes,

218 2361 336 2382 verum
351 2351 453 2383 etiam
479 2352 561 2383 socii
577 2361 671 2392 reges
687 2351 915 2384 deficiebant:

221 2403 329 2433 Groev.
373 2402 471 2435 Junt.
493 2406 582 2433 teste
602 2403 716 2434 GraeV.
740 2412 808 2434 una
829 2412 914 2434 voce

220 2453 378 2493 amplius,
407 2452 583 2484 tributarioe
607 2452 696 2483 urbes
721 2452 792 2483 nob.
845 2451 913 2484 Inf.

221 2511 314 2533 xxn.
329 2505 360 2533 7.
375 2505 406 2533 3.
435 2503 538 2534 Vorst.
582 2503 625 2534 In
649 2502 806 2544 quibusd.
832 2502 915 2542 legi-

220 2557 276 2583 tur
289 2552 378 2583 urbes
392 2552 569 2584 tributaria?
583 2552 650 2584 nob.
666 2552 755 2593 quod
768 2552 916 2593 probant

219 2602 283 2632 viri
297 2602 402 2642 docti,
412 2603 488 2644 quia
500 2612 579 2634 mox
592 2602 631 2634 fit
643 2602 768 2634 mentio
784 2602 916 2633 urbium

221 2651 475 2683 tributariarum
499 2652 534 2682 in
562 2662 634 2693 seq.
657 2652 782 2693 capite.
839 2653 946 2683 Nec*

221 2699 387 2740 improbo.
442 2701 522 2741 Sed,
546 2702 574 2733 si
594 2702 647 2733 hae
670 2701 797 2733 fuerint
818 2701 917 2732 tribu-

222 2750 324 2790 turioe,
345 2751 425 2791 quid
447 2752 495 2783 ita
507 2751 563 2784 hic
583 2757 751 2784 vocantur
766 2753 918 2784 nobilissi-

221 2808 293 2838 mae‚
310 2804 368 2830 aut
383 2800 464 2841 quid
486 2804 620 2833 omnino
637 2802 680 2834 ad
695 2812 763 2834 rem
777 2802 863 2834 facit
877 2802 916 2833 il-

222 2847 280 2878 lud
295 2849 515 2882 nobilissimae?
560 2852 674 2883 Fallor
690 2853 843 2893 multum,
858 2856 917 2884 aut

224 2898 393 2939 scriptura
411 2909 489 2931 vera
510 2901 638 2934 Justini
654 2906 703 2934 est
720 2902 808 2934 urbes
822 2902 915 2934 mobi-

1563 350 1648 392 915

952 453 1088 486 lissimoe.
1121 454 1246 485 Sensus
1259 454 1546 495 elegantissimus3
1570 454 1649 496 quia

952 503 1088 535 fuerunt
1099 505 1298 544 tributariae,
1311 505 1388 536 ideo
1401 505 1499 536 valde
1510 505 1650 536 mobiles

953 559 989 585 et
1003 554 1136 594 cupidae
1154 554 1328 594 novitatis,
1344 555 1370 586 si
1388 554 1411 586 f.
1426 560 1557 586 mutare
1571 564 1650 586 con-

953 604 1117 636 ditionem
1130 614 1221 635 suam
1235 609 1385 645 possent.
1409 604 1510 642 Schef.
1554 604 1652 636 Urbes

951 654 1146 684 nobilissimae
1171 659 1260 693 sunt,
1284 654 1513 686 celeberrimae
1540 659 1574 686 et
1592 653 1653 685 flo-

953 703 1152 734 rentissimae
1170 703 1259 734 inter
1275 703 1484 734 tributarias.
1528 703 1652 734 Nobilis

954 753 1043 784 enim
1074 753 1202 784 Latinis
1234 753 1371 793 proprie
1399 757 1465 792 est,
1499 753 1653 784 celebris.

955 803 1098 835 Phaedr.
1121 804 1131 820 ‘
1150 803 1225 834 Nec
1243 803 1327 834 artis
1349 802 1420 833 ulla
1434 802 1600 833 medicum
1614 811 1651 833 se

956 853 1154 893 prudentia,
1168 854 1296 884 Verum
1319 858 1459 893 stupore
1476 852 1567 893 vulgi
1584 851 1653 884 fac·

957 907 1028 934 tum
1045 903 1216 934 nobilem.'
1240 903 1346 934 Graev.

999 952 1086 983 CAP.
1110 961 1176 984 vn.
1200 955 1232 984 2.
1279 951 1458 992 Antandro]
1492 952 1549 983 Ita
1573 962 1653 993 quo·

957 1011 1020 1042 que
1032 1002 1134 1034 Diod.
1178 1002 1346 1034 Mendose
1361 1002 1463 1035 Oros.
1476 1006 1563 1035 1v.6.
1587 1003 1653 1036 Au-

955 1052 1059 1083 drone.
1082 1053 1187 1086 Bern.

1000 1103 1018 1144 ξ
1035 1106 1053 1133 3
1077 1104 1173 1134 Domi
1181 1103 1334 1145 forisque,
1350 1105 1417 1145 ἐγὼ]
1443 1104 1537 1136 Curt.
1554 1114 1603 1135 1v.
1621 1107 1652 1137 1.

957 1154 1010 1184 54.
1031 1153 1040 1169 ‘
1053 1153 1181 1185 Eadem
1194 1155 1319 1196 ubique
1331 1154 1468 1186 fortuna
1484 1155 1654 1195 pardum?

957 1202 1048 1233 Flor.
1066 1211 1117 1235 ιν.
1143 1206 1175 1235 2.
1197 1207 1251 1235 43.
1275 1206 1284 1222 ‘
1304 1205 1428 1236 Omnia
1454 1205 1655 1237 felicitatem

958 1252 1104 1283 Caesaris
1121 1254 1371 1294 sequebantur.'
1393 1256 1491 1286 Idem.

1001 1302 1074 1332 Non
1089 1302 1169 1343 fide,
1203 1305 1256 1334 sed
1279 1304 1432 1344 successu]
1466 1305 1475 1322 ‘
1490 1304 1655 1336 Adversis

959 1352 1047 1382 enim
1064 1353 1164 1384 rebus
1190 1354 1300 1385 rarior
1326 1354 1411 1385 fides
1428 1355 1504 1393 est‚'
1528 1355 1577 1385 ait
1591 1356 1658 1386 Ve-

959 1408 1028 1443 get.
1040 1412 1096 1435 111.
1109 1407 1140 1434 9.
1154 1414 1198 1435 m.
1224 1409 1232 1422 ‘
1246 1406 1322 1438 Quo
1336 1415 1371 1436 se
1381 1405 1657 1447 fortuna‚eodem

959 1454 1059 1484 etiam
1074 1453 1174 1485 favor
1187 1455 1357 1487 hominum
1373 1456 1511 1487 inclinat
1524 1456 1544 1488 :’
1570 1456 1658 1488 Nos-

960 1507 1014 1534 ter
1030 1513 1065 1535 v.
1082 1507 1112 1535 1.
1131 1507 1183 1535 ll.
1207 1505 1306 1536 Bern.

1004 1555 1051 1595 §4
1066 1554 1227 1595 Aphellus]
1244 1555 1397 1587 Diodoro
1410 1556 1659 1596 ΧΧ.41.Ὀφέλ-

959 1609 1018 1634 λας
1046 1603 1190 1636 dicitur:
1228 1605 1256 1636 is
1287 1604 1499 1647 περιεβάλετο,
1538 1607 1659 1648 inquit,

960 1655 1028 1684 ταῖς
1043 1652 1147 1684 ἐλπίσι
1162 1654 1290 1694 μείζονα
1306 1655 1496 1695 δυναστείαν,
1520 1656 1529 1674 ‘
1544 1657 1659 1689 animo

962 1703 1188 1744 principatum
1203 1706 1399 1745 complexus
1411 1705 1548 1736 fuerat.7
1571 1706 1659 1736 Bon·

959 1764 1046 1793 gars.
1069 1754 1195 1785 Paulus
1211 1760 1321 1786 tamen
1333 1755 1504 1795 Leopard.
1516 1755 1658 1786 Emend.

963 1813 1059 1835 xvir.
1085 1806 1135 1834 10.
1162 1805 1312 1844 Opheltas
1353 1804 1488 1845 legend.
1520 1810 1661 1836 conten-

962 1854 1025 1893 dit,
1048 1854 1205 1885 firmante
1232 1855 1415 1885 Plutarcho
1443 1855 1476 1885 in
1504 1855 1660 1886 Demetr.

963 1907 1014 1935 16.
1031 1909 1066 1935 et
1079 1904 1181 1935 Paus.
1197 1904 1232 1934 in
1246 1905 1485 1937 Corinthiaci&
1508 1906 1518 1923 ⁴
1533 1905 1662 1946 Ophel-

961 1954 1046 1984 lam'
1076 1959 1177 1986 vocat
1205 1959 1241 1985 et
1262 1954 1472 1994 Ὀλυμπιάδων
1496 1956 1660 1996 ἀναγραφὴ

963 2009 1026 2036 ΟΛ.
1043 2009 1119 2036 ΡΙΔ.
1148 2010 1184 2036 et
1210 2006 1310 2038 Phor.
1333 2009 1407 2038 218.
1423 2005 1447 2038 f.
1479 2007 1661 2038 Berneccer.

963 2055 1043 2086 Non
1074 2055 1248 2087 dubitand.
1287 2055 1330 2087 de
1358 2057 1440 2088 lect.
1470 2057 1662 2097 Bongmsii,

965 2105 1121 2145 Ophellas.
1174 2105 1275 2142 Nam,
1304 2110 1432 2146 praeter
1458 2106 1662 2145 Diodorum,

962 2153 1012 2185 ita
1040 2165 1173 2196 quoque
1211 2155 1337 2187 habent
1365 2156 1588 2196 Theophrast.
1619 2156 1662 2187 de

962 2204 1094 2235 Plantis
1108 2214 1157 2236 iv.
1180 2208 1212 2237 4.
1239 2209 1273 2236 et
1296 2205 1451 2246 Polyaen.
1475 2210 1578 2246 atque
1595 2206 1662 2237 alii.

967 2253 1052 2286 Voss.
1098 2254 1194 2287 Junt.
1223 2255 1385 2295 Opheltas.
1429 2255 1530 2287 Unde
1555 2255 1663 2296 liquet

962 2309 1058 2335 recte
1089 2304 1259 2345 Leopard.
1298 2314 1341 2335 ex
1371 2305 1465 2336 Plut.
1493 2308 1530 2336 et
1559 2305 1661 2336 Paus.

963 2354 1171 2394 emendasse,
1210 2355 1370 2395 Opheltas.
1417 2355 1533 2387 Graev.
1593 2354 1663 2385 Alii

962 2404 1128 2444 Aphellas;
1151 2404 1210 2435 alii
1227 2405 1388 2444 Opheltas,
1403 2404 1492 2445 quod
1508 2414 1569 2445 ego
1585 2413 1662 2435 cum

962 2455 1136 2494 Leopard.
1161 2454 1234 2485 viro
1260 2454 1398 2486 doctiss.
1425 2464 1541 2486 verum
1566 2459 1661 2495 puto.

963 2505 1025 2536 Est
1040 2509 1153 2535 autem
1171 2513 1291 2535 nomen
1307 2505 1520 2536 Laconicum.
1560 2505 1664 2545 Cyre-

963 2554 1030 2585 naei
1046 2563 1127 2585 vero
1143 2554 1273 2594 origine
1288 2555 1437 2585 Lacones
1448 2558 1556 2585 erant.
1599 2555 1663 2585 Ta-

963 2614 1040 2635 men
1067 2604 1102 2635 in
1128 2604 1249 2634 minori
1272 2604 1432 2644 Epitoma
1452 2604 1577 2644 legitur
1592 2603 1662 2634 ‘0-

964 2652 1118 2694 phellas.²
1163 2652 1275 2684 Faber.
1324 2652 1546 2693 Antiquiores
1570 2654 1662 2693 typis

965 2713 1061 2744 expr.
1079 2703 1239 2743 Ophellam
1255 2703 1308 2734 vel
1331 2703 1496 2743 Opheltam
1516 2707 1662 2734 vocant:

965 2754 1132 2795 quomodo
1147 2758 1231 2785 vett.
1245 2763 1380 2795 quoque
1397 2757 1550 2784 auctores
1566 2752 1664 2784 Grae-

965 2815 1036 2844 COS,
1051 2803 1253 2843 Diodorum,
1264 2804 1360 2836 Plut.
1376 2808 1412 2835 et
1423 2805 1525 2835 Paus.
1539 2813 1660 2834 vocare

965 2854 1029 2885 viri
1039 2854 1132 2885 docti
1144 2858 1359 2885 monuerunt.
1397 2853 1438 2884 In
1451 2857 1568 2884 vetere
1581 2852 1660 2884 item

966 2903 1114 2945 Prologo
1129 2903 1200 2944 huj.
1216 2902 1272 2935 lib·
1288 2906 1339 2935 est
1356 2902 1504 2944 Openam.
1526 2902 1607 2935 Vor,
