2174 3424
597 321 790 352 JUSTlNl
824 322 917 352 LlB.

218 418 324 447 tatem
336 413 496 456 pertinet,
506 412 622 457 (aliter
633 413 721 445 enim
735 413 912 445 dicendum

218 464 349 504 fuisset,
382 465 522 495 ‘censet
551 464 699 495 Roxanis
728 468 912 504 expectan-

216 516 296 547 dum
309 525 379 546 esse
393 513 566 555 partum‚’)
580 519 699 555 estque
709 514 811 545 etiam
822 514 911 545 idem

216 566 318 607 quod,
329 566 484 603 suadere,
497 564 696 604 decernere,
710 556 911 605 praecipere.

216 616 343 646 Salust.
359 615 417 647 Ju.
440 615 449 631 ‘
463 615 561 645 Velle
582 620 617 645 et
633 624 773 645 censere
794 615 910 655 [Sena-

214 669 285 696 tum
309 666 535 706 populumque
551 664 663 704 Rom.]
680 675 736 696 eos
753 665 794 696 ab
810 666 909 696 armis

213 715 410 747 discedere)
455 716 528 747 Cic.
544 724 608 746 vn.
623 718 673 746 13.
686 716 779 746 Fam.
802 717 812 733 ‘
825 717 909 747 Tre-

210 765 300 796 viros
313 765 400 796 vites
415 765 559 796 censeo.'
601 765 666 796 Sed
681 766 723 796 de
735 766 798 797 hoc
811 767 909 807 plura

210 815 246 846 in
262 815 334 846 Lib.
354 815 394 846 de
413 816 488 847 Lat.
512 816 611 856 vulgo
629 815 702 846 fere
717 817 805 856 negl.
835 817 908 849 Vor.

254 865 415 906 Roxanes]
439 867 488 897 Ea
504 872 577 897 erat
599 866 760 906 Oxyartis
776 867 908 898 Bactri-

209 915 265 946 ani
280 914 359 947 filia.
404 915 539 948 Arrian.
557 925 623 947 vu.
645 917 722 949 Vid.
738 917 833 950 Curt.
854 927 905 949 lx.

210 965 315 1004 Bong.

254 1015 332 1049 Quoe
365 1018 474 1046 exacto
502 1026 602 1048 mense
631 1015 751 1056 octavo]
793 1017 904 1048 Valde

209 1068 387 1104 suspectus
424 1065 502 1095 mihi
537 1066 591 1097 hic
624 1066 646 1098 l.
683 1067 693 1084 ‘
711 1067 883 1098 Maturam
896 1066 906 1080 '

208 1119 302 1145 certe
326 1114 372 1145 sic
389 1114 545 1146 absolute
571 1117 649 1156 poni
665 1126 741 1156 pro,
757 1116 903 1147 vicinam

208 1164 336 1204 partui,
362 1164 447 1195 baud
474 1166 619 1206 reperio.
664 1168 778 1199 Quare
808 1171 902 1206 puto,

205 1223 268 1254 pro
278 1225 358 1254 quae,
370 1215 419 1245 cui
432 1215 601 1246 scribend.
623 1216 752 1247 Vitium
766 1217 902 1248 videtur

206 1270 316 1296 ortum
332 1275 374 1296 ex
399 1266 588 1307 ignorantia
611 1267 791 1307 scripturae
808 1272 901 1299 vete-

206 1314 251 1345 ris
265 1323 273 1353 ;
297 1315 373 1346 olim
389 1325 532 1357 namque
548 1317 618 1357 quoi
631 1327 692 1357 pro
707 1317 757 1348 cui
772 1318 899 1349 scribe-

205 1363 299 1404 bant,
325 1365 414 1406 quod
440 1365 561 1397 deinde
588 1371 755 1398 mutatum
780 1372 834 1399 est
863 1369 898 1399 in

205 1424 284 1454 quae.
311 1414 424 1446 Schef.

247 1465 265 1504 ς
293 1467 331 1495 ll
366 1466 528 1496 Maternus
554 1467 640 1496 modo
667 1466 786 1508 sordes]
819 1467 896 1498 Vid.

203 1512 298 1544 Plut.
315 1517 383 1545 ext.
406 1515 496 1545 Vitae
510 1514 608 1546 Alex.
632 1516 735 1556 Bong.

245 1561 397 1593 Larissoeo
415 1565 528 1605 scorto]
550 1565 602 1595 Ex
618 1565 773 1597 Pliilinna
788 1567 897 1598 Laris-

203 1621 283 1649 saea,
300 1622 398 1653 quarn
412 1613 618 1645 Ptolemaeus
631 1625 683 1656 ap.
696 1615 897 1648 Athenaeum

202 1661 409 1693 saltatricem
424 1661 525 1694 fuisse
542 1663 658 1695 refert.
683 1666 781 1697 Bern.

247 1711 452 1751 Nasceretur]
475 1714 483 1729 ‘
502 1713 531 1743 N
537 1713 723 1745 asceretur’
749 1725 822 1756 pro,
837 1726 895 1747 na-

202 1763 258 1792 tus
283 1765 385 1792 esset.
430 1761 571 1802 Imperf.
596 1773 658 1803 pro
680 1765 892 1806 plusquamp.

199 1809 283 1842 Aur.
296 1812 414 1842 Victor
425 1811 458 1842 in
473 1811 596 1844 Octav.
619 1813 629 1830 ‘
642 1814 781 1846 Cunctis
792 1816 892 1856 vulgo

194 1860 423 1901 jactantibus,
435 1861 572 1893 Utinam
585 1868 644 1894 aut
657 1873 722 1894 non
737 1873 890 1895 nascere-

199 1915 334 1949 tur‚aut
346 1921 412 1942 non
425 1912 635 1944 moreretur.²
667 1914 743 1945 Val.
758 1915 807 1945 M.
823 1924 890 1946 vn.

197 1963 228 1992 3.
251 1961 330 1992 Ext.
354 1964 385 1993 6.
406 1963 415 1979 ‘
430 1962 566 1993 Nullam
589 1967 720 2003 partem
745 1964 890 1996 defensi-

197 2012 270 2043 onis
283 2011 361 2043 odio
377 2012 543 2044 obseratae
558 2024 656 2045 aures
670 2015 890 2057 reciperent,’

195 2071 271 2103 pro,
300 2063 521 2103 recepissent.
579 2064 658 2096 Vid.
685 2070 815 2098 nostras
845 2067 888 2098 ad

195 2113 310 2143 euml.
335 2113 455 2144 Notas.
484 2113 585 2146 Vorst.

238 2162 371 2202 Propter
396 2164 600 2195 valetudinem
628 2165 787 2206 majorem]
831 2167 887 2199 Sic

193 2211 266 2242 Cic.
283 2212 316 2242 in
341 2213 460 2243 malam
487 2219 618 2254 partem
644 2225 685 2246 ea
709 2226 789 2248 voce
805 2228 885 2249 usus

193 2261 290 2292 estin
316 2262 367 2293 De
385 2262 484 2294 Offic.
510 2264 742 2306 ‘AEsculapius
770 2273 885 2308 potest

193 2312 416 2353 praescribere
434 2323 495 2354 per
509 2324 658 2346 somnum
675 2319 883 2350 curationem

192 2361 394 2393 valetudinis
407 2362 428 2394 :'
451 2367 487 2394 et
511 2364 546 2395 in
574 2365 684 2405 Epist.
715 2368 724 2384 ‘
740 2368 883 2409 Scripsit

193 2411 237 2442 ad
266 2422 319 2443 me
346 2417 380 2444 te
408 2415 550 2445 moleste
579 2414 683 2457 ferre,
709 2419 798 2459 quod
829 2429 881 2450 me

189 2467 332 2503 propter
351 2464 576 2496 valetudinem
595 2470 684 2498 tuam
699 2478 764 2499 non
781 2469 884 2500 vidis-

190 2511 265 2543 ses?
307 2511 376 2543 Alii
403 2518 514 2544 tamen
538 2516 668 2547 malunt
688 2518 741 2549 hic
767 2519 881 2559 legere

185 2565 312 2602 propter
331 2563 567 2595 invaletudinem
582 2566 654 2604 maj.
680 2577 779 2608 quam
802 2569 881 2599 lect.

189 2611 364 2642 stabiliunt
386 2613 580 2644 testimonio
606 2619 641 2645 et
667 2618 823 2658 exemplo
839 2628 880 2649 ex

189 2660 264 2691 eod.
288 2661 358 2693 Cic.
375 2663 603 2704 petito,quem
617 2665 766 2697 scribere
784 2668 880 2699 aiunt

188 2709 224 2741 in
241 2711 355 2750 Laelio,
371 2721 396 2742 S.
420 2712 462 2742 de
478 2711 657 2746 Amicitia:
687 2716 696 2733 ‘
708 2717 806 2748 Quod
822 2728 878 2749 au-

189 2764 257 2790 tem
272 2760 321 2791 his
334 2761 428 2792 nonis
451 2762 484 2793 in
507 2764 652 2805 collegio
674 2772 789 2799 nostro
811 2778 877 2800 non

950 322 1061 353 xm.
1093 323 1200 354 cAP.
1231 312 1273 354 2.
1575 312 1660 354 8:39

962 418 1073 446 tamen
1102 416 1174 456 ipso
1201 417 1276 448 loco
1303 417 1416 458 plures
1442 420 1477 448 et
1504 417 1659 450 meliores

962 465 1044 495 Mss.
1060 465 1186 496 habere
1199 467 1300 497 etiam
1313 468 1518 498 valetudinem
1534 478 1594 508 pro
1609 468 1657 499 in·

961 515 1020 544 val.
1039 519 1073 544 et
1096 515 1152 545 alii
1177 521 1390 554 monuerunt,
1414 521 1449 547 et
1475 526 1538 556 ego
1563 516 1656 548 hisce

961 564 1066 594 oculis
1080 564 1159 595 vidi.
1174 565 1261 597 Mod.
1295 566 1338 596 H.
1351 566 1541 597 e.morbum
1555 567 1656 597 comi-

961 613 1088 652 tialem,
1117 624 1216 655 quem
1243 619 1278 645 et
1305 615 1513 646 Herculeum
1543 622 1578 646 et
1607 627 1656 647 sa-

960 673 1052 695 crum
1075 665 1260 704 appellant.
1306 665 1408 695 Festo
1425 669 1478 695 est
1499 665 1653 696 ‘morbus

958 714 1091 754 major,'
1117 714 1151 744 in
1176 724 1259 745 voce
1283 715 1472 746 Prohibere.-
1505 725 1603 755 quem
1631 716 1652 747 l.

957 764 1082 795 indicio
1126 764 1342 795 Freinshemii
1385 765 1493 796 nostri
1534 765 1652 796 debeo.

958 813 1054 844 Plut.
1074 813 1172 844 Alex.
1197 816 1248 844 16.
1265 819 1301 845 et
1325 816 1398 845 130.
1422 814 1567 845 ‘mentis
1594 815 1654 845 im-

957 867 1090 904 potem'
1112 863 1287 894 Aridaeum
1310 863 1415 894 fuisse
1441 864 1559 903 tradit,
1587 874 1652 895 non

956 918 1091 953 natura,
1107 914 1167 945 sed
1184 914 1364 954 pharmaco
1387 914 1430 944 ab
1446 914 1651 955 Olympiade

956 963 1150 1004 propinato.
1214 964 1323 995 Porro
1361 966 1370 981 ‘
1389 964 1618 995 valetudinem
1642 966 1649 976 '

955 1023 1017 1053 pro
1030 1015 1148 1045 morbo
1170 1013 1257 1045 dixit
1273 1013 1384 1045 Autor
1400 1014 1504 1045 etiam
1526 1024 1600 1046 X1v.
1619 1020 1650 1046 5.

954 1066 985 1094 2.
1011 1069 1046 1095 et
1061 1072 1139 1095 xm.
1155 1067 1185 1096 2.
1203 1067 1231 1095 1.
1257 1063 1311 1095 Ita
1326 1065 1399 1096 Cic.
1418 1065 1460 1095 de
1476 1065 1592 1098 Divin.
1608 1075 1649 1097 11.

953 1115 1006 1144 59.
1038 1112 1202 1144 ‘Curatio
1224 1113 1449 1145 valetudinis?
1501 1115 1648 1147 Quintil.

952 1172 993 1195 11.
1010 1166 1060 1194 16.
1082 1164 1091 1180 ‘
1108 1164 1182 1195 Cibi
1211 1165 1397 1195 attulerunt
1413 1174 1505 1205 saepe
1521 1165 1649 1196 valetu-

952 1213 1038 1244 dinis
1051 1213 1193 1245 causas!
1235 1215 1329 1246 Suet.
1346 1215 1431 1246 Caes.
1447 1218 1500 1246 49.
1523 1215 1531 1231 ‘
1544 1216 1646 1246 Vale—

951 1264 1069 1294 tudine
1082 1265 1204 1295 mentis
1217 1264 1353 1296 liberius
1369 1265 1491 1296 dicax.’
1536 1266 1580 1296 Et
1593 1269 1646 1296 72.

947 1314 1090 1345 ‘Subita
1112 1314 1305 1346 valetudine
1320 1315 1524 1356 correptus!
1567 1316 1645 1347 Vid.

949 1364 996 1395 H.
1014 1365 1128 1403 Steph.
1142 1365 1240 1396 Thes.
1257 1365 1317 1396 Gr.
1331 1369 1410 1397 tom.
1427 1375 1452 1396 1.
1468 1366 1533 1397 col.
1553 1369 1645 1397 1644.

947 1413 979 1445 b.
1001 1424 1031 1445 c.
1055 1415 1184 1446 Bernec.
1229 1414 1449 1456 Antiquiores
1477 1416 1566 1456 typis
1587 1425 1644 1446 ex-

947 1466 1055 1505 pressi
1069 1465 1317 1496 invaletudinem.
1363 1465 1503 1496 Dicitur
1516 1471 1643 1497 utrum-

947 1525 1024 1556 que:
1050 1519 1167 1556 estque
1183 1516 1324 1546 valetudo
1339 1525 1471 1556 quoque
1488 1516 1533 1547 id.
1551 1518 1641 1558 quod

944 1565 1140 1596 invaletudo.-
1172 1565 1274 1605 idque
1302 1574 1356 1605 ap.
1384 1565 1494 1605 ipsum
1527 1566 1642 1599 Nostr.

946 1623 1023 1645 xrv.
1041 1619 1070 1645 5.
1083 1617 1112 1645 2.
1123 1620 1158 1645 et
1173 1623 1251 1645 xm.
1265 1617 1296 1645 2.
1311 1617 1338 1644 1.
1355 1614 1490 1645 Deinde
1505 1614 1642 1656 ‘major’

945 1664 1062 1695 dicunt
1079 1674 1153 1705 pro,
1169 1675 1311 1705 magna:
1337 1665 1503 1706 quomodo
1521 1666 1563 1697 de
1586 1677 1641 1698 ce-

945 1719 1018 1746 tero
1055 1724 1188 1756 quoqne
1226 1714 1352 1755 gradus
1390 1716 1640 1756 comparativus

943 1774 1032 1805 saepe
1045 1774 1107 1805 pro
1119 1764 1265 1804 positivo
1281 1769 1471 1805 usurpatur.
1518 1766 1638 1798 Festus

940 1815 1022 1845 item
1060 1815 1094 1845 in
1125 1814 1292 1845 Prohibere
1324 1815 1480 1846 ‘morbus
1507 1817 1640 1857 major’

940 1865 1024 1896 dicit
1040 1874 1113 1905 pro,
1135 1864 1271 1895 morbus
1285 1873 1443 1905 magnus:
1468 1865 1639 1907 designat-

940 1924 1004 1955 que
1030 1914 1129 1945 eund.
1158 1915 1252 1945 illum
1282 1924 1381 1955 quem
1405 1915 1544 1956 Noster,
1568 1918 1590 1949 i.
1606 1927 1636 1948 e.

939 1975 1037 2007 quem
1056 1964 1273 2004 comitialem,
1296 1964 1515 2004 Herculeum,
1536 1972 1572 1998 et
1587 1977 1637 1998 sa-

938 2025 1030 2047 crum
1053 2015 1237 2055 appellant.
1263 2015 1336 2046 Vor.

981 2067 1054 2106 §12
1079 2065 1308 2105 Subjiciantur]
1339 2065 1422 2106 Pro,
1453 2067 1636 2109 subjiciant

936 2125 985 2155 se,
1001 2116 1202 2147 submittant
1214 2125 1260 2146 se.
1282 2115 1449 2147 Nimirum
1465 2117 1474 2134 ⁴
1488 2118 1611 2158 subjici
1624 2119 1634 2131 ’

937 2171 988 2197 est
999 2166 1053 2196 hic
1070 2175 1144 2206 pro,
1157 2165 1326 2205 subjicere
1341 2175 1390 2205 se,
1407 2171 1444 2197 ut
1460 2169 1560 2208 paulo
1577 2178 1633 2199 an-

936 2220 970 2247 te
992 2214 1182 2246 ‘submitti'
1203 2225 1276 2255 pro,
1291 2215 1491 2248 submittere
1507 2228 1554 2250 se.
1578 2219 1629 2251 Itl.

976 2267 1046 2306 §14
1070 2265 1108 2296 Si
1129 2275 1206 2305 puer
1230 2269 1322 2296 natus
1333 2265 1463 2307 fuisset]
1496 2267 1577 2308 Pro,
1602 2269 1630 2300 si

932 2326 1017 2357 puer
1039 2320 1248 2346 nasceretur.
1294 2316 1344 2347 Ut
1359 2317 1459 2357 paulo
1476 2323 1555 2349 ante
1570 2320 1629 2350 im·

932 2365 1020 2406 perf.
1058 2375 1119 2406 pro
1158 2366 1332 2406 plusquam
1367 2366 1536 2407 perfecto,
1579 2369 1628 2400 ita

931 2425 1019 2447 nunc
1048 2425 1161 2446 rursus
1186 2416 1397 2456 plusquamp.
1420 2426 1481 2456 pro
1505 2418 1626 2458 imper·

930 2465 1023 2496 fecto
1039 2464 1186 2505 ponitur.
1230 2465 1304 2495 Val.
1327 2465 1376 2495 M.
1395 2474 1479 2496 vu1.
1498 2469 1528 2497 7.
1544 2467 1627 2500 Ext.

931 2520 962 2548 4.
983 2517 1081 2548 ‘Quo
1106 2514 1211 2555 magis
1234 2523 1338 2545 vacuo
1370 2516 1477 2546 animo
1502 2517 1622 2549 studiis

930 2567 1104 2597 literarum
1120 2568 1212 2596 esset
1237 2565 1420 2604 operatus‚’
1445 2576 1521 2605 pro,
1545 2577 1624 2608 ope.

931 2622 1077 2648 raretur.
1100 2616 1202 2648 Vorst.
1247 2617 1336 2656 Ergo
1353 2617 1553 2650 constitutio
1570 2624 1621 2650 tu-

930 2672 1040 2699 torum
1056 2666 1120 2697 fuit
1135 2675 1200 2696 non
1215 2665 1246 2696 in
1264 2675 1425 2706 praesens,
1442 2669 1500 2698 sed
1520 2678 1620 2700 even-

928 2722 1010 2753 tum,
1038 2717 1065 2747 si
1086 2721 1183 2746 natus
1207 2720 1300 2746 esset
1322 2725 1416 2756 puer.
1446 2718 1619 2751 Quomodo

925 2767 1028 2808 igitur
1050 2767 1084 2797 in
1106 2770 1236 2797 tutores
1261 2766 1405 2798 incertos
1431 2772 1466 2798 et
1487 2766 1618 2801 futuros

189 2808 349 2851 affuisses,
386 2811 650 2847 invaletudinem
686 2818 875 2858 respondeo
921 2816 1115 2857 juramentO
1151 2825 1186 2846 se
1225 2815 1400 2856 Obligant?
1457 2817 1617 2859 suspicor

190 2869 334 2900 causam,
349 2871 414 2893 non
437 2863 630 2897 moestitiam
646 2865 751 2899 fuisse
765 2868 784 2901 :¹
807 2880 875 2911 quo

924 2867 1098 2908 scripsisse
1131 2866 1291 2898 Nostrum
1322 2866 1374 2898 Pl.
1404 2867 1442 2898 it.
1478 2868 1620 2901 Romanis
