2174 3424
459 362 543 404 743

459 467 580 498 robore
593 466 763 498 debellato
776 466 797 497 :’
821 476 871 498 ιν.
883 470 978 507 p.60.
992 470 1043 499 30.
1059 468 1068 484 ‘
1080 465 1160 498 Om-

460 528 501 548 ne
530 518 663 549 virtutis
691 518 838 548 Sueticae
866 517 1001 548 robur:'
1026 527 1101 549 xlv.
1127 528 1161 559 p.

459 571 533 599 280.
550 567 574 599 f.
628 568 688 598 ‘In
716 578 790 598 eam
820 569 963 599 classem
993 569 1161 600 Danicum

461 619 597 659 penitus
615 619 723 649 coisse
741 618 864 650 robur!

504 669 695 699 Metuentem
710 669 908 709 improvisus]
933 669 1082 710 Legend.
1099 670 1162 700 dis-

461 718 774 760 tinguendumque:
793 723 985 751 metuentem.
1009 721 1090 751 Eam
1104 721 1162 751 im-

456 769 599 808 provisus
613 772 784 809 expugnat,
799 779 962 809 anumque,
977 773 1030 810 85⁶.
1081 771 1163 800 Pro-

461 828 586 849 nomen
602 819 773 850 abstulere
797 820 923 851 litterae
940 820 1065 851 similes
1083 825 1163 851 ante

463 873 499 899 et
515 876 593 908 post
610 869 729 909 ipsam.
756 869 862 907 Sclief.

504 921 521 960 ξ
536 922 556 950 9
581 920 858 960 Exercitussacit]
883 921 937 952 Sic
955 920 1057 962 Angl.
1075 920 1163 962 quod

463 969 622 1009 praefero,
648 971 727 1011 quia
754 971 920 1011 praecedit
943 972 952 988 ‘
967 971 1165 1012 expugnat!

466 1022 519 1051 Id.

507 1072 523 1111 ξ
541 1074 580 1101 10
606 1071 737 1109 Quibus,
751 1071 821 1111 ξω]
846 1072 935 1102 Saxo
951 1080 1026 1102 xw.
1040 1081 1073 1111 p.
1088 1073 1163 1102 252.

467 1124 518 1152 16.
540 1122 549 1138 ‘
564 1122 680 1152 Rebus
696 1123 729 1152 in
746 1122 868 1153 Scania
884 1132 1002 1162 parum
1017 1121 1040 1153 f.
1057 1124 1102 1162 p.’

508 1172 694 1212 Olympiada
708 1172 901 1212 Neoptolemi
921 1173 1004 1211 regis
1017 1172 1165 1202 Molosso-

463 1222 548 1262 rum]
575 1223 584 1239 ‘
597 1222 794 1262 Olympias'
808 1228 909 1252 etiam
925 1222 985 1253 lib.
1004 1222 1164 1253 XVII-sub

464 1270 564 1301 finem
584 1271 803 1311 Neoptolemi
827 1272 895 1302 filia
921 1272 1056 1303 dicitur.
1102 1273 1166 1303 Ce-

464 1326 574 1351 terum
591 1321 667 1352 eod.
684 1322 717 1352 in
734 1322 755 1354 l.
776 1321 928 1362 Arymba
947 1322 1167 1362 Neoptolemi

465 1376 564 1411 pater
592 1372 797 1410 nominatur,
826 1382 864 1402 ac
903 1372 1045 1412 proinde
1084 1382 1166 1403 avus

464 1422 687 1462 Olympiades
716 1432 754 1452 ac
772 1421 959 1452 Alexandri
983 1422 1169 1462 Epirensis.

470 1471 575 1512 Atqui
594 1472 625 1502 h.
643 1472 665 1502 1.
683 1471 907 1512 Olympiades
925 1473 1087 1512 patruelis
1102 1471 1169 1502 fra-

471 1526 526 1552 ter
543 1527 696 1554 vocatur.
742 1523 869 1553 Rursus
896 1522 958 1553 sub
984 1521 1084 1552 finem
1110 1522 1169 1554 lib.

470 1581 551 1603 vu1.
583 1572 782 1603 Alexander
810 1574 984 1613 Epirensis
1008 1573 1168 1614 Arymbae

466 1625 639 1665 privignus
651 1624 824 1664 proditur:
843 1624 1038 1664 duosigitur
1050 1625 1168 1665 Arym-

467 1674 526 1705 bas
546 1674 738 1714 intelligere
755 1679 906 1714 oportet,
929 1683 1027 1704 avum
1051 1674 1169 1714 Olym-

466 1725 601 1765 piados,
626 1729 663 1755 ut
688 1724 744 1755 lib.
766 1733 859 1755 xvn.
878 1724 1021 1754 alterum
1045 1724 1170 1754 sororis

469 1776 703 1816 Olympiados,
735 1785 857 1816 nempe
884 1775 1051 1814 Troados,
1072 1775 1171 1806 mari-

467 1832 552 1865 tum,
569 1828 642 1858 Nec
655 1832 766 1858 tamen
780 1827 859 1856 satis
872 1826 992 1864 claret,
1003 1825 1171 1866 quomodo

471 1877 666 1908 Alexander
691 1876 862 1917 Epirensis
887 1874 991 1906 fuerit
1008 1875 1171 1915 Arymbae

471 1928 663 1968 privignuS,
682 1932 719 1958 ut
746 1927 804 1958 lib.
823 1935 904 1957 vui.
924 1926 985 1956 sub
1001 1925 1101 1957 finem
1117 1926 1173 1956 ha-

470 1977 584 2008 betur.
628 1977 695 2008 Sed
727 1977 835 2007 lector
860 1982 929 2007 tres
954 1976 1055 2007 hosce
1081 1977 1174 2007 locos

471 2037 585 2058 secum
601 2028 703 2059 etiam
730 2033 832 2069 atque
858 2027 963 2059 etiam
987 2032 1175 2069 comparet.

475 2079 568 2109 (ilar.

517 2127 723 2169 Neoptolemi]
739 2133 747 2146 ‘
758 2128 924 2160 Euruchae
936 2127 945 2141 '
962 2127 1067 2159 habet
1077 2127 1176 2160 Oros.

474 2189 528 2211 ιιι.
550 2182 599 2210 12.
623 2180 724 2210 Rern.

516 2231 533 2271 ξ
551 2233 586 2262 tt
612 2230 738 2270 Actor-e]
761 2230 857 2260 Vett.
874 2232 1009 2269 auctore,
1021 2228 1044 2260 f.
1062 2232 1175 2261 tutore.

479 2281 536 2311 De
553 2280 584 2310 h.
608 2281 629 2310 l.
658 2280 767 2310 dicam
788 2288 879 2310 xvu.
908 2283 939 2310 3.
961 2282 992 2311 9.
1018 2280 1174 2318 Bongars.

474 2331 575 2371 Angl.
590 2334 692 2362 tutore
708 2331 852 2370 virginis.
886 2330 1041 2361 Alterum
1058 2330 1176 2361 horum

477 2387 585 2413 estex
604 2382 727 2421 glossa.
775 2381 866 2412 Puto
882 2385 994 2411 tamen
1012 2380 1044 2410 in
1061 2380 1177 2420 vulga-

472 2437 507 2462 to
525 2432 606 2462 nihil
624 2431 772 2462 mutand.
801 2436 837 2462 ut
865 2430 955 2472 quod
981 2430 1095 2469 docet,
1112 2440 1177 2461 non

472 2482 572 2512 modo
604 2482 746 2512 tutelam
786 2481 859 2520 ejus
890 2481 1057 2520 habuisse,
1087 2481 1176 2522 quod

474 2532 642 2572 glossator
670 2532 844 2570 innuebat,
866 2531 927 2562 scd
951 2536 987 2562 et
1011 2531 1177 2563 educasse

476 2585 581 2624 ipsam
598 2584 686 2614 domi
701 2594 778 2615 suae.
805 2583 907 2622 Sclies.

519 2634 734 2673 Arruha,rege
749 2632 967 2673 Molossorum]
985 2633 1084 2665 Hunc
1100 2643 1179 2666 vm.

476 2687 508 2714 6.
525 2687 557 2715 4.
580 2683 769 2724 ‘Arrybam
797 2693 910 2723 regem
934 2684 1031 2724 Epiri
1046 2683 1054 2696 ’
1079 2689 1180 2715 vocat

475 2733 627 2765 Auctor:
651 2734 818 2775 quomodo
833 2735 841 2750 ‘
852 2735 944 2765 Sulla
959 2734 966 2747 ’
984 2740 1020 2766 et
1039 2735 1048 2752 ‘
1059 2735 1178 2776 Sylla‚’

472 2785 481 2800 ⁴
500 2785 666 2816 Purrhns'
691 2790 727 2816 et
748 2785 756 2801 ‘
772 2785 934 2825 Pyrrhus,
948 2784 957 2798 ’
982 2784 1180 2817 indifferen-

477 2841 530 2867 ter
557 2837 728 2867 dixerunt.
760 2837 892 2866 Ber-nec.
939 2836 1071 2867 Graecis
1106 2846 1180 2877 pro.

475 2887 600 2916 misene
617 2887 809 2926 appellatur
823 2885 955 2926 Ἀρύβας
965 2891 1000 2918 et
1014 2885 1178 2927 Ἀρύμβας.

432 2934 436 2938 ”
475 2937 573 2977 Saepe
592 2936 680 2967 euim
703 2936 864 2967 inseritur
879 2936 915 2967 τὸ
927 2949 961 2975 μ,
978 2942 1028 2975 ut,
1051 2939 1059 2955 ‘
1073 2938 1180 2978 Syba-

471 2986 528 3019 ris'
544 2988 552 3003 ‘
564 2987 756 3028 Symbaris,‘
775 2987 935 3028 Thynias'
955 2990 963 3005 ‘
976 2988 1180 3030 Thymnias,‘

916 373 1056 403 NOTAE
1092 373 1353 403 VARIORUM
1388 372 1439 402 IN

1211 468 1220 484 ‘
1232 467 1384 498 Senones
1400 466 1410 480 '
1432 467 1441 484 ⁴
1455 464 1663 505 Semnones,'
1680 468 1716 496 et
1731 467 1805 496 600.
1831 463 1911 495 alia.

1211 516 1446 558 Ap.Frontin.
1462 518 1548 548 male
1572 521 1713 547 vocatur
1740 515 1913 553 Harrz'das,

1212 578 1274 608 pro
1284 568 1416 606 Arabas,
1427 568 1606 608 aliquoties
1620 576 1660 597 11.
1677 571 1708 597 5.
1728 566 1817 597 Voss.
1840 564 1911 596 Inf.

1211 619 1348 659 ‘regem
1377 618 1494 659 Epiri'
1519 623 1640 649 vocat:
1664 616 1754 658 quod
1780 621 1815 647 et
1840 624 1913 645 rec—

1214 670 1279 700 tius
1306 670 1453 700 videtur.
1498 669 1586 700 Nam
1614 668 1671 708 qui
1698 667 1729 697 ei
1749 665 1914 697 successit

1215 719 1419 758 Alexander,
1446 718 1660 759 Olympiadis
1688 716 1809 756 frater,
1835 715 1913 747 itid.

1213 779 1274 800 rex
1291 769 1387 809 Epiri
1414 767 1491 800 fuit.
1537 769 1700 799 Scribitur
1723 771 1834 798 autem
1850 767 1916 797 Ar-

1213 819 1289 849 ruba
1313 828 1386 859 pro,
1416 818 1572 858 Arryba3
1605 823 1644 848 ut
1668 816 1729 848 inf.
1752 821 1915 847 vocatur:

1214 869 1381 910 quomodo
1403 870 1412 885 ⁴
1430 868 1546 899 Sulla'
1579 877 1655 908 pro,
1679 867 1782 908 Sylla.
1809 866 1915 897 Bech.

1215 923 1327 949 tamen
1359 924 1394 949 et
1424 919 1478 949 hic
1509 918 1636 958 Arryba
1666 918 1780 948 habet.
1814 916 1918 948 Vorst.

1214 970 1330 1000 Vorst.
1349 975 1446 1010 putat
1458 970 1584 1000 rectius
1598 979 1670 1008 rege
1684 969 1790 1008 Epiri,
1801 973 1839 998 ut
1854 966 1916 1000 inf.

1215 1020 1280 1050 Sed
1304 1020 1367 1050 hoc
1386 1020 1485 1050 nimis
1509 1019 1592 1058 abit,
1611 1028 1675 1049 uec
1691 1026 1829 1048 necesse
1853 1021 1920 1058 est,

1215 1080 1291 1101 cum
1307 1071 1445 1101 Molossi
1460 1080 1537 1110 pars
1551 1070 1619 1100 sint
1637 1069 1745 1109 Epiri.
1768 1068 1874 1106 Schef.

1261 1120 1414 1150 Troadam
1445 1120 1479 1150 in
1509 1120 1739 1150 matrimonium
1772 1116 1918 1157 habebat]

1219 1169 1367 1200 Troadem
1385 1174 1498 1210 potest
1516 1169 1611 1209 ferri,
1623 1169 1683 1200 sed
1707 1174 1821 1200 tamen
1841 1168 1919 1198 Tro-

1215 1221 1275 1250 ada
1291 1221 1499 1261 praetulerim
1522 1219 1703 1251 inflexione
1729 1219 1854 1250 Graeca
1871 1228 1919 1249 se.

1217 1271 1273 1302 Ita
1289 1271 1368 1301 alibi
1391 1273 1400 1287 ‘
1414 1271 1623 1312 Olympiada
1636 1270 1645 1283 '
1671 1280 1745 1310 pro,
1763 1269 1921 1310 Olympi-

1218 1321 1327 1353 adem.
1351 1322 1419 1353 Sed
1437 1327 1563 1361 tamen,
1578 1332 1653 1352 eum
1671 1322 1705 1352 in
1722 1320 1920 1352 memoriam

1219 1373 1334 1411 redeo,
1360 1383 1530 1414 nunquam
1557 1373 1694 1403 memini
1719 1382 1774 1403 me
1804 1373 1921 1412 legere

1221 1423 1457 1463 Olympiadam5
1474 1423 1542 1464 legi
1556 1429 1671 1454 tamen
1685 1425 1693 1440 ‘
1704 1423 1888 1453 Crotonam
1901 1421 1922 1460 3'

1219 1473 1277 1503 sed
1313 1474 1392 1503 mihi
1423 1473 1561 1504 dubium
1590 1478 1653 1504 est.
1692 1473 1802 1504 Faber.
1862 1472 1919 1503 Ab

1220 1525 1417 1556 accusativo
1446 1525 1569 1556 Graeco
1598 1523 1722 1565 Τρωάδα
1750 1524 1788 1555 fit
1817 1523 1924 1565 ejusd.

1220 1576 1468 1606 terminationis
1492 1576 1736 1606 nominativus:
1760 1575 1850 1605 unde
1867 1574 1926 1605 de·

1220 1625 1337 1666 inceps
1350 1627 1564 1658 accusativus
1580 1627 1730 1657 Troadum
1744 1624 1923 1656 formatur.

1221 1677 1261 1708 In
1284 1677 1519 1708 matrimonium
1543 1677 1670 1708 habebat
1698 1686 1763 1707 nou
1786 1675 1925 1717 quidem

1222 1727 1295 1758 sine
1325 1728 1504 1768 exemp103
1540 1728 1598 1758 sed
1630 1731 1777 1758 testatur
1808 1732 1924 1758 tamen

1221 1778 1331 1819 Bong.
1348 1778 1446 1810 codd.
1464 1788 1541 1809 suos
1566 1779 1649 1809 Mss.
1673 1777 1796 1808 habere
1812 1778 1845 1808 in
1861 1787 1926 1808 ma-

1221 1828 1378 1858 tm‘monio.
1403 1828 1518 1858 Vorst.
1565 1827 1650 1868 Opt.
1669 1827 1779 1858 Faber
1792 1827 1927 1865 Troada,

1223 1884 1258 1911 et
1274 1880 1386 1919 paullo
1410 1885 1487 1919 post
1513 1879 1739 1920 acquisiturum
1764 1888 1796 1909 se
1819 1880 1924 1918 sperat

1223 1932 1358 1971 legend.
1375 1942 1450 1963 esse
1478 1931 1670 1970 contendit,
1691 1930 1924 1971 applaudente

1223 1983 1320 2015 Junt.
1349 1982 1456 2012 Groev.

1269 2034 1348 2068 Qua*
1362 2042 1454 2063 causa
1469 2032 1515 2062 illi
1530 2031 1625 2062 exitii
1639 2031 1845 2071 malorumque
1859 2039 1925 2060 om-

1223 2083 1310 2114 nium
1326 2082 1411 2122 suit]
1448 2082 1553 2113 Manu
1579 2087 1792 2112 exaratorum
1822 2080 1926 2112 codd.

1226 2133 1296 2172 alii,
1324 2137 1360 2163 ut
1388 2132 1524 2172 quidam
1554 2132 1769 2173 profitentur,
1797 2131 1926 2163 habent

1224 2183 1280 2214 Illi
1303 2183 1436 2214 exilium
1461 2184 1667 2224 malorumque
1691 2193 1771 2215 omn.
1792 2183 1926 2222 causas.

1226 2234 1282 2264 alii
1300 2234 1353 2264 Illi
1366 2235 1511 2263 mulorum
1524 2244 1603 2265 omn.
1615 2233 1747 2264 exilium
1755 2233 1787 2271 f.
1803 2233 1925 2273 quibus

1226 2283 1358 2315 vitiosis
1379 2283 1529 2323 quamvis
1553 2283 1729 2323 scripturis
1745 2281 1927 2314 confirmor

1226 2334 1348 2375 magiS,
1372 2340 1409 2364 ut
1427 2333 1563 2374 probem
1586 2333 1766 2364 lectionem
1784 2332 1927 2364 duorum

1229 2384 1325 2416 Fuld.
1345 2384 1422 2414 libr.
1450 2384 1636 2414 membran.
1665 2384 1698 2413 in
1715 2383 1836 2424 quibus
1853 2383 1929 2414 abs-

1227 2445 1293 2476 que
1309 2436 1374 2466 ulla
1392 2435 1496 2466 litura
1512 2441 1563 2466 est
1579 2445 1646 2474 quoe
1661 2444 1751 2465 causa
1770 2435 1818 2464 illi
1833 2434 1928 2465 exilii

1226 2487 1432 2526 malorumque
1447 2496 1528 2516 omn.
1551 2484 1713 2522 initiumf.
1737 2483 1831 2515 Mod.
1876 2485 1929 2515 Ea

1227 2537 1309 2568 lect.
1337 2546 1402 2567 non
1432 2537 1532 2575 longe
1561 2535 1705 2566 discedit
1733 2545 1752 2565 a
1777 2534 1928 2575 vestigiis

1228 2588 1367 2618 aliorum
1382 2587 1464 2618 Mss.
1483 2595 1564 2627 quos
1582 2585 1782 2616 variantium
1797 2585 1929 2616 libellus

1228 2639 1378 2670 exhibet.
1422 2637 1598 2677 Bongarsii
1627 2642 1662 2667 et
1690 2637 1830 2666 aliorum
1848 2635 1927 2667 edd.

1228 2689 1347 2726 omn.f.
1372 2689 1517 2719 Bernec.
1564 2686 1831 2727 Initiamadjecit
1844 2686 1929 2717 Ber-

1230 2749 1328 2770 nece.
1348 2738 1437 2779 quod
1454 2738 1537 2768 duos
1561 2737 1668 2769 Codd.
1692 2736 1793 2767 Fuld.
1809 2737 1856 2767 ita
1871 2737 1930 2767 ha-

1230 2789 1308 2820 bere
1325 2793 1469 2821 testatus
1482 2794 1572 2819 esset
1588 2787 1734 2819 Medius.
1773 2786 1931 2828 Antiqui-

1229 2849 1303 2870 ores
1329 2839 1406 2870 edd.
1432 2842 1467 2869 et
1491 2838 1564 2878 ipsa
1589 2846 1722 2879 quoque
1749 2836 1930 2878 Bongarsii

1232 2900 1349 2921 vocem
1365 2899 1430 2920 non
1443 2889 1581 2920 habent.
1609 2888 1682 2919 ror.

1272 2942 1344 2981 §12
1368 2940 1601 2980 Aequisitm·1nn
1614 2938 1730 2978 sperat]
1754 2937 1849 2977 Lego
1861 2946 1929 2978 aeq.

1228 3001 1260 3022 se
1289 3001 1333 3031 sp.
1380 2991 1423 3022 Et
1451 2990 1498 3020 ita
1520 2989 1552 3019 iu
1575 2989 1729 3030 quibusd.
1758 2988 1929 3029 impressis
