2174 3424
614 324 809 357 JUSTINI
842 325 936 355 Lm.
967 325 998 355 1.
1030 325 1136 356 cAr.
1166 315 1235 356 10.

207 423 310 455 tiores
322 419 457 453 essent!
482 419 570 452 Add.
584 420 681 452 Curt.
702 429 784 452 vnr.
804 423 835 452 6.
849 422 902 452 20.

207 474 289 505 Tac.
308 481 368 503 xv-
385 474 437 503 59.
452 475 483 503 5.
527 471 697 502 Caeterum
715 471 857 502 istorum
871 473 902 502 7.

207 523 420 564 optimatium
444 521 579 553 nomina
594 527 751 553 recenset
773 521 903 553 Herod.

206 583 264 605 111.
294 576 348 605 70.
386 574 423 604 L.
450 571 584 612 Ampel.
616 572 706 603 inter
733 581 816 613 quos
852 575 902 603 ta-

206 633 285 655 men
313 633 379 655 non
401 627 453 655 est
466 623 601 663 Ἀναφᾶς
627 622 773 654 Diodori
798 631 902 654 xxm.

206 673 311 705 Bern-

250 724 314 755 Per·
348 733 515 764 quenquam
550 722 744 763 narraretur]
797 722 903 753 Manu

206 773 339 805 exarati
375 774 476 805 codd.
507 773 632 805 habent
663 782 720 814 per
754 782 903 813 quencun-

206 833 276 864 que.
317 823 480 864 Suspicor
497 833 516 854 a
537 822 647 863 prima
672 831 770 853 manu
797 821 903 853 fuisse

203 883 260 914 per
275 882 451 914 quemquam
465 875 679 904 enarraretur:
695 871 804 903 fuerat
815 872 904 903 enim

203 934 348 956 enai-mre
377 924 516 955 verbum
544 922 722 954 admodum
746 923 903 954 idoneum

207 975 272 1005 hoc
305 974 329 1005 l.
367 983 440 1015 pro,
474 972 665 1011 enuntiare,
700 971 790 1013 quod
822 972 904 1003 alibi

206 1028 363 1064 usurpat,
377 1025 409 1056 h.
425 1033 455 1055 e.
472 1023 590 1055 abdita
604 1023 773 1054 narrando
797 1022 904 1054 divul-

209 1085 289 1116 gare
303 1087 312 1115 ;
335 1075 391 1116 qui
405 1084 520 1105 sensus
535 1074 609 1114 ejus
636 1073 765 1115 primus
782 1072 905 1114 princi-

207 1125 361 1166 palisque
376 1129 440 1156 est.
462 1124 567 1163 Schef.

253 1175 427 1214 Occultato‚
443 1174 511 1215 εγω]
534 1174 623 1205 Saxo
637 1183 660 1205 1.
674 1183 706 1214 p.
721 1175 772 1205 19.
788 1171 812 1204 f.
837 1173 846 1190 ‘
861 1172 904 1204 O.

206 1234 233 1257 S.
255 1235 286 1257 v.
312 1224 337 1256 f.
375 1230 604 1266 opportunum
629 1224 750 1256 sceleri
773 1228 905 1264 tempus

209 1276 456 1317 exspectabat?

252 1327 271 1368 ξ
286 1330 327 1358 20
350 1326 496 1367 Animus,
509 1325 578 1367 δῖα]
602 1326 690 1357 Saxo
700 1335 725 1356 1.
741 1336 775 1366 p.
789 1327 841 1356 18.
853 1327 906 1356 37.

209 1377 220 1394 ‘
234 1378 309 1409 Nec
334 1378 473 1409 Tostoni
495 1379 530 1409 in
554 1377 741 1409 vindictam
765 1376 815 1406 sui
837 1376 906 1406 ani-

210 1437 285 1459 mus
300 1427 431 1460 defuit.’

254 1478 272 1518 ς
288 1480 327 1509 21
351 1479 439 1509 Duos
457 1478 495 1508 de
508 1476 676 1516 conjuratis
699 1474 908 1516 interficiunt]

213 1527 320 1569 Atqui
344 1528 404 1559 hos
430 1537 498 1559 non
523 1526 721 1559 interfectos
748 1536 766 1556 a
783 1526 908 1565 Magis,

212 1577 272 1609 sed
288 1582 420 1609 tantum
435 1579 544 1618 laesos,
565 1577 684 1608 scribit
700 1576 828 1607 Herod.
851 1584 907 1606 ιιι.

211 1629 267 1658 78.
303 1628 399 1668 cujus
433 1628 568 1669 quidem
597 1628 639 1659 ob
668 1627 906 1668 antiquitatem

199 1677 302 1720 ⁸haud
339 1679 451 1719 paullo
480 1679 597 1719 major,
633 1687 732 1719 quam
769 1676 907 1716 Justini,

212 1728 406 1759 auctoritas.
467 1729 512 1759 Et
541 1732 637 1768 patet
663 1737 705 1758 ex
736 1737 829 1768 seqq.
859 1727 907 1757 ibi

212 1778 522 1816 deliberationibus,
534 1778 616 1808 duos
628 1777 701 1808 illos
714 1786 756 1808 ex
769 1778 906 1807 vulnere

212 1828 434 1858 convaluisse.
469 1829 601 1859 Bernec.
666 1828 736 1859 Pro
772 1827 906 1867 interfic.

211 1880 347 1912 videtur
361 1880 450 1911 aliud
470 1880 644 1921 quippiam
657 1880 790 1920 legend.
814 1881 903 1921 quod

212 1930 311 1962 modo
326 1931 518 1962 vulneratos
529 1931 612 1961 duos
625 1931 700 1961 illos
713 1929 903 1971 significet3

212 1981 368 2022 quianon
386 1981 515 2012 Herod.
544 1985 676 2012 tantum
701 1984 732 2013 2.
758 1990 800 2012 ex
826 1991 905 2012 con·

205 2032 328 2072 juratis
351 2031 450 2062 modo
476 2032 574 2062 laesos
589 2031 720 2071 scribit,
748 2032 806 2062 sed
831 2031 904 2070 ipse

211 2091 342 2123 quoque
359 2082 487 2113 Noster
511 2081 544 2111 in
565 2091 659 2122 seqq.
682 2091 748 2112 non
763 2082 904 2113 obscure

212 2132 393 2172 significat,
416 2142 530 2164 omnes
552 2136 582 2165 7.
605 2133 797 2174 conjuratos
822 2134 906 2165 deli-

214 2183 361 2224 berasse,
379 2190 480 2226 atque
497 2191 616 2225 pactos
634 2185 724 2216 inter
741 2195 775 2216 se
791 2185 907 2226 fuisse,

214 2244 279 2275 qua
316 2235 447 2266 ratione
491 2245 632 2275 regnum
662 2235 704 2266 ad
733 2245 834 2267 unum
863 2247 906 2267 ex

211 2284 295 2325 ipsis
312 2285 514 2324 perveniret.
532 2285 636 2317 Vorst.
676 2286 784 2317 Putat
795 2287 908 2317 Vorst.

213 2344 274 2375 pro
289 2334 419 2376 interflc.
444 2335 534 2365 aliud
551 2335 630 2376 quid
647 2335 815 2366 scribend.
832 2346 907 2367 cum

212 2385 343 2417 Herod.
369 2390 509 2416 auctore
530 2384 658 2417 fuerint
683 2391 814 2417 tantum
838 2388 907 2418 vul-

212 2436 334 2467 nerati.
377 2436 505 2466 Verum
521 2445 587 2467 non
613 2445 751 2467 necesse
778 2441 841 2476 est,
868 2442 907 2469 ut

211 2484 343 2525 Trogus
378 2490 515 2516 secutus
551 2485 763 2516 Herodotum
800 2487 906 2518 solum

214 2535 385 2566 credatur.
429 2535 496 2566 Sed
523 2545 585 2566 nec
611 2545 654 2566 ex
681 2546 774 2578 seqq.
799 2542 908 2578 patet,

214 2595 327 2617 omnes
343 2589 374 2616 7.
391 2585 592 2617 deliberasse
615 2586 657 2617 de
680 2596 797 2627 regno,
818 2588 907 2628 quod

214 2637 262 2667 ait
283 2637 402 2668 Vorst.
445 2637 617 2667 Dicuntur
632 2636 767 2677 quidem
792 2646 908 2668 omnes

214 2686 414 2726 perduxisse
427 2695 542 2728 equos,
565 2696 680 2718 omnes
699 2688 909 2728 convenisse,

214 2736 273 2768 sed
296 2737 370 2767 illos
384 2746 498 2768 omnes
513 2737 615 2767 fuisse
631 2739 662 2768 7.
677 2747 827 2777 numero,
843 2739 907 2769 hoc

215 2795 282 2817 non
305 2787 483 2818 indicatur.
528 2787 652 2828 Neque
671 2787 794 2828 juvant
821 2789 905 2820 ista:

214 2837 224 2853 ‘
240 2836 393 2877 Regnum
417 2837 597 2867 Persarum
621 2843 754 2877 septem
775 2838 910 2870 nobilis-

217 2886 373 2917 simorum
391 2887 538 2917 virorum
555 2887 680 2918 virtute
697 2889 873 2929 quaesitum
886 2890 906 2920 :'

216 2935 327 2968 fuerat
352 2937 440 2968 enim
457 2937 602 2968 omnium
618 2940 648 2968 7.
676 2938 804 2970 virtute
819 2949 908 2981 quae-

1559 315 1646 355 645

951 419 1065 458 situm,
1086 419 1169 451 licet
1194 429 1255 460 per
1271 418 1432 450 virtutem
1458 419 1558 451 istam
1582 428 1647 450 non

951 479 1065 501 omnes
1087 473 1120 501 7.
1138 470 1241 500 etiam
1266 470 1302 500 in
1326 470 1396 501 vita
1422 480 1457 501 se
1474 471 1648 510 potuerint

949 529 1096 551 servare.
1120 518 1226 557 Sches.

994 571 1011 610 ξ
1027 572 1068 601 22
1084 569 1241 610 Gobryas]
1257 569 1334 600 Val.
1349 569 1398 600 M.
1416 578 1471 600 111.
1483 572 1513 600 2.
1525 570 1605 600 Ext.
1618 572 1649 601 2.

950 619 1071 651 Paullo
1088 624 1164 660 post
1173 618 1308 657 fortuna
1323 622 1425 650 tamen
1441 619 1488 649 ita
1502 622 1649 657 regente,-

950 671 1062 702 malim
1088 670 1186 701 ictum
1210 679 1278 709 reg.
1322 669 1564 709 Magophoniae
1581 679 1650 700 me-

950 721 1049 753 minit
1065 725 1100 752 et
1111 720 1273 761 Agathias
1289 720 1346 752 lib.
1361 729 1400 751 11.
1422 720 1527 758 Bong.

995 772 1083 803 Med.
1098 771 1176 811 am.]
1221 771 1310 801 Saxo
1335 779 1396 801 xv.
1424 779 1460 810 p.
1476 772 1549 801 367.
1574 770 1648 801 init.

951 820 961 838 ‘
978 819 1174 852 Arusiorum
1192 819 1349 861 pontifex
1366 820 1478 851 Sueno
1500 819 1650 851 medium

951 871 1096 912 [regem]
1114 869 1331 911 complexus!

995 922 1083 953 CAP.
1105 931 1141 954 x.
1168 923 1220 963 §1
1253 922 1376 961 Magna
1403 921 1525 961 quidem
1547 921 1652 960 gloria

951 973 1069 1013 recepti
1082 973 1172 1012 regni
1185 972 1359 1013 principum
1366 971 1452 1012 fuit]
1475 972 1560 1002 Mss.
1576 981 1651 1002 nos-

955 1024 1000 1054 tri
1021 1033 1181 1064 expresse
1204 1023 1352 1054 habent:
1376 1034 1418 1054 m.
1440 1033 1471 1063 q.
1485 1033 1518 1062 g.
1539 1023 1653 1063 recipe-

953 1076 1019 1104 rati
1034 1085 1060 1105 r.
1072 1084 1103 1114 p.
1118 1073 1150 1112 s.
1168 1084 1267 1115 quam
1289 1074 1369 1105 lect.
1385 1083 1499 1105 veram
1516 1079 1652 1114 praesw,

954 1134 1020 1155 non
1036 1125 1246 1163 luctantum,
1267 1124 1326 1155 sed
1343 1128 1378 1154 et
1391 1132 1425 1154 v.
1442 1127 1474 1154 9.
1490 1123 1548 1154 ubi
1569 1123 1650 1153 item

954 1184 1104 1215 repono:
1128 1176 1137 1192 ‘
1151 1174 1279 1206 Omnes
1294 1183 1329 1205 se
1342 1172 1451 1212 Argos
1466 1178 1502 1203 et
1520 1173 1651 1203 Thebas

955 1226 1152 1264 contulere3
1176 1224 1224 1255 ibi
1247 1233 1313 1254 non
1337 1223 1442 1254 solum
1460 1223 1653 1254 tutumexi-

953 1275 1034 1306 lium
1050 1281 1204 1317 egerunt,
1219 1284 1335 1306 verum
1357 1274 1458 1305 etiam
1483 1283 1576 1314 spem
1602 1283 1653 1304 re—

955 1325 1149 1366 ciperandae
1167 1325 1286 1366 patriae
1302 1322 1531 1364 receperunt.'
1563 1323 1651 1354 Item

956 1385 1011 1416 ap.
1037 1376 1111 1406 Liv.
1141 1376 1197 1406 lib.
1223 1384 1256 1406 v.
1292 1375 1301 1392 ‘
1318 1375 1436 1412 Ferro,
1464 1382 1530 1404 non
1558 1383 1653 1409 auro,

955 1425 1137 1465 reciperari
1164 1422 1443 1465 patriamjubet.'
1485 1422 1542 1453 Sic
1563 1423 1652 1453 enim

956 1478 992 1505 et
1007 1475 1052 1505 ibi
1076 1475 1223 1514 reperias
1244 1474 1276 1504 in
1299 1472 1515 1504 membranis,
1560 1473 1652 1504 Quid

957 1529 1071 1555 autem
1086 1525 1129 1555 sit
1152 1524 1336 1564 reciperare,
1362 1523 1489 1554 indicat
1513 1523 1562 1554 his
1581 1532 1653 1554 ver-

956 1575 1008 1605 bis
1032 1575 1174 1605 Festus:
1205 1576 1214 1591 ‘
1233 1573 1430 1614 Reciperutio
1453 1577 1518 1611 est,
1542 1578 1578 1603 ut
1604 1574 1652 1604 ait

957 1625 1076 1656 Gallus
1089 1625 1204 1664 AElius,
1225 1634 1300 1655 cum
1324 1624 1412 1655 iuter
1428 1623 1602 1664 populum,
1618 1628 1653 1654 et

956 1684 1068 1715 reges,
1084 1675 1316 1715 nationesque,
1330 1679 1364 1705 et
1380 1675 1538 1705 civitates
1556 1683 1652 1714 pere-

957 1729 1071 1768 grinas
1102 1728 1156 1757 lex
1183 1727 1354 1765 convenit,
1395 1726 1562 1766 quomodo
1589 1736 1651 1767 per

956 1777 1204 1816 reciperatores
1219 1776 1407 1806 reddantur
1433 1786 1500 1815 res,
1523 1777 1651 1817 recipe-

956 1836 1151 1870 renturque,
1177 1839 1296 1870 resque
1324 1830 1473 1869 privatas
1496 1829 1585 1860 inter
1615 1840 1651 1860 se

955 1878 1227 1920 persequantur!
1252 1879 1340 1910 Mod.

995 1929 1207 1970 Principium]
1220 1929 1446 1969 ‘Principium
1456 1928 1464 1941 '
1481 1928 1568 1960 dixit
1579 1939 1652 1970 pro,

953 1980 1158 2021 principum,
1188 1986 1225 2010 ut
1262 1979 1387 2020 ubique
1416 1980 1425 1996 ‘
1443 1979 1654 2019 civitatium‚’

953 2032 962 2048 ⁴
975 2030 1170 2071 penatium,’
1184 2033 1193 2048 ‘
1204 2030 1342 2071 apium‚'
1356 2029 1568 2071 ‘paludiu1u‚’
1583 2031 1592 2046 ‘
1603 2040 1652 2060 sa-

954 2081 1139 2122 pientium,'
1154 2081 1291 2122 antiquo
1312 2081 1475 2121 genitivo,
1497 2088 1594 2120 quem
1618 2085 1654 2110 et

954 2133 1143 2163 Pandectae
1157 2132 1248 2163 Flor.
1264 2136 1299 2162 et
1312 2131 1464 2172 plerique
1477 2131 1554 2161 libri
1567 2135 1651 2162 vett.

956 2187 1154 2223 agnoscunt.
1198 2181 1383 2212 Hominium
1398 2181 1484 2211 dixit
1497 2181 1577 2212 Sall.
1593 2181 1653 2213 Ju.

956 2236 1051 2265 742.
1075 2235 1083 2250 ‘
1107 2234 1225 2274 Neque
1249 2232 1297 2263 illi
1320 2241 1386 2270 τες,
1406 2241 1516 2272 neque
1543 2234 1652 2263 consi-

955 2285 1050 2325 lium,
1071 2289 1129 2316 aut
1154 2286 1329 2325 quisquam
1351 2284 1546 2322 hominium,
1569 2285 1651 2314 satis

956 2334 1149 2374 placebat:'
1173 2335 1304 2365 monuit
1327 2332 1389 2365 flos
1415 2333 1581 2364 delibatus
1597 2335 1651 2365 lit·
1679 2335 1681 2337 ’

956 2389 1143 2416 teratorum
1159 2385 1319 2424 Scaliger.
1362 2384 1559 2424 Principium
1577 2394 1650 2424 pro,

955 2436 1159 2476 principum,
1185 2435 1360 2475 scripsisse
1390 2434 1552 2465 Licinium
1582 2435 1652 2466 Tit.

956 2487 998 2517 de
1025 2485 1283 2526 Stupratoribus
1309 2484 1425 2515 docuit
1453 2494 1504 2514 me
1530 2484 1650 2516 doctor

956 2547 1049 2568 meus
1064 2537 1140 2569 Jac.
1157 2535 1315 2575 Cujacius
1331 2546 1339 2566 ε
1357 2535 1365 2551 ‘
1383 2536 1428 2566 Et
1441 2540 1556 2575 ageste
1569 2536 1651 2566 illud

956 2589 999 2620 ad
1025 2588 1146 2629 priscis
1161 2587 1392 2619 conditoribus
1419 2588 1520 2618 robur
1541 2587 1653 2618 fracta

956 2640 1106 2671 molliter
1129 2638 1229 2679 plebe
1255 2642 1443 2675 tenuatum,
1461 2638 1650 2668 convicium

956 2691 1080 2729 seculi;
1105 2692 1158 2721 vel
1181 2689 1391 2721 conditorum
1415 2689 1581 2729 inrogare,
1596 2690 1650 2720 vel

957 2740 1183 2782 principium.'
1225 2741 1309 2780 Leg.
1325 2738 1350 2770 f.
1376 2740 1418 2769 Et
1433 2742 1552 2778 agreste
1573 2740 1651 2771 illud

956 2791 994 2822 ab
1008 2791 1216 2822 conditoribus
1227 2789 1328 2821 robur.
1374 2789 1470 2821 Quod
1486 2799 1584 2829 quum
1603 2790 1652 2820 in-

957 2841 1121 2872 dicassem
1144 2840 1317 2880 ingenioso
1333 2844 1368 2870 et
1391 2839 1526 2870 erudito
1541 2841 1648 2872 amico

956 2901 1032 2922 meo
1048 2890 1174 2921 Anton.
1189 2889 1350 2929 Arualdo,
1372 2889 1516 2930 subjecit
1532 2891 1649 2922 eadem

957 2940 1125 2973 sententia
1152 2940 1273 2971 dixisse
1299 2940 1423 2971 Horat.
1449 2948 1505 2971 111.
1528 2940 1593 2972 Od.
1617 2954 1649 2982 ὅ,
