2174 3424
573 342 767 372 JUSTINl
808 342 898 370 mu.
934 342 984 370 ιι.
1017 342 1122 372 0221».
1154 331 1197 371 3.

162 439 195 470 in
219 437 323 469 hosfis
349 435 588 475 adulationem,
613 446 675 466 nec
706 435 795 477 quod
823 436 856 466 in

162 488 280 520 dubios
303 487 381 517 belli
399 486 510 516 exitus
528 491 586 516 aut
602 486 634 516 in
653 486 746 525 leges
765 486 857 525 pacis

161 539 223 570 sibi
249 536 415 567 lenocinia
439 535 633 577 quaereret,’
671 536 702 566 11.
728 545 758 566 e.
781 546 856 576 quae

160 587 291 620 facilius
305 586 370 617 sibi
388 596 506 626 pacem
531 587 598 617 sint
621 586 857 626 conciliatura,

161 643 196 669 et
208 637 339 668 veniam
355 637 598 677 impetratura:
630 642 665 667 et
689 637 857 668 lenocinari

161 697 272 728 saepe:
298 687 369 719 Cic.
387 687 428 717 de
448 687 546 719 Orat.
573 688 582 704 ‘
598 687 678 727 Ipsa
695 687 857 718 sollicitu-

161 739 204 770 do
221 737 433 770 commendat
448 743 619 777 eventum,
642 743 677 768 et
693 739 858 768 lenocina-

163 794 218 821 tur
233 789 401 828 voluptati
415 788 437 818 :’
457 798 517 819 cur
545 798 627 828 ergo
653 798 717 819 uon
737 789 746 805 ‘
760 789 856 819 leno'

163 849 296 881 quoque
319 840 353 869 iu
369 839 489 869 bonam
507 839 697 878 accipiatur
715 846 858 879 partem,

163 901 225 932 pro
256 890 347 930 pacis
371 890 616 920 conciliatore?
660 890 771 929 Igitur
791 900 858 920 non

164 940 372 981 repudianda
397 940 478 970 lect.
502 950 598 980 quam
626 940 659 970 in
684 941 858 977 antiquiss.

163 991 255 1022 libris
276 990 401 1021 eruditi
427 990 488 1020 viri
513 992 725 1022 invenerunt.
752 992 858 1022 Groeze.

163 1040 340 1072 Scribend.
365 1046 418 1071 est
449 1041 572 1079 legatis,
601 1051 664 1071 non
691 1041 857 1072 lenonibus.

164 1091 234 1122 Cur
271 1091 319 1121 ita
349 1091 493 1121 sentiam
524 1091 599 1122 duae
633 1101 686 1122 res
713 1091 858 1123 faciunt.

164 1141 277 1180 Prior,
288 1141 456 1182 quodjam
470 1141 561 1172 dicet
577 1142 746 1180 Justinus,
759 1144 859 1183 ‘Scy-

165 1192 230 1222 thae
246 1192 366 1232 legatis
393 1193 621 1232 respondent,’
647 1193 730 1234 (uon
747 1194 861 1224 lenoni-

164 1240 245 1282 bus).
289 1241 410 1272 Altera
424 1243 510 1282 quod
527 1243 573 1273 ita
587 1243 620 1273 in
635 1243 764 1274 duobus
777 1245 859 1275 Mss.

163 1292 299 1332 legitur.
327 1291 431 1323 Aliud
447 1293 527 1323 item
544 1298 597 1324 est
615 1294 757 1334 amplius
771 1294 860 1335 quod

164 1352 339 1380 moneam3
370 1353 431 1383 pro
453 1343 556 1372 missis
577 1343 707 1383 legend.
720 1344 861 1383 proemis-

164 1393 227 1429 εἶ’-η
243 1398 280 1424 ut
296 1393 354 1424 lib.
370 1401 422 1424 rx.
437 1394 446 1410 ‘
460 1393 622 1432 Scythica
636 1393 725 1423 bella
741 1402 862 1433 aggre-

166 1443 272 1482 ditur,
292 1443 469 1483 praemissis
485 1443 630 1483 legatis.’
675 1444 789 1475 Quare
806 1453 862 1473 au-

167 1498 236 1524 tem
270 1493 382 1524 isthuc
416 1493 517 1534 primo
544 1503 610 1524 non
638 1494 784 1534 placeat,
814 1493 861 1525 fa-

167 1545 232 1575 cile
262 1545 390 1575 videas.
435 1545 471 1575 Si
499 1545 586 1575 enim
621 1545 721 1585 primo
745 1554 864 1585 pon-«15,

167 1595 276 1625 oratio
294 1594 444 1634 postulat
471 1599 509 1625 ut
538 1594 643 1625 addas
668 1605 750 1634 mox,
777 1595 861 1634 dein,

164 1646 334 1685 postpaulei,
359 1650 394 1676 et
425 1654 498 1686 quae
524 1650 603 1676 sunt
627 1646 696 1686 ejus
719 1645 862 1685 generis.

169 1694 282 1726 Faber.
327 1693 543 1736 Antiquiores
559 1695 637 1725 edd.
661 1695 763 1725 missis
776 1695 864 1734 prius

166 1745 300 1784 legatis:
320 1745 378 1776 sed
402 1746 511 1785 Bong.
539 1745 681 1785 subjecit
698 1745 863 1784 lenonibus,

167 1794 258 1836 quod
275 1795 310 1825 in
326 1795 479 1825 omnibus
502 1795 585 1826 Mss.
610 1800 736 1835 praeter
761 1804 862 1825 unum

166 1845 200 1876 id
220 1846 395 1886 reperiret.
439 1845 519 1886 Ipse
535 1850 649 1876 tamen
673 1845 763 1877 Just.
785 1855 862 1876 mox

167 1900 203 1927 et
216 1896 370 1936 ‘legatos
382 1895 391 1909 '
404 1896 569 1936 appellat.
599 1896 672 1927 Vor.

209 1945 324 1985 Legem
348 1946 500 1985 dicerent]
538 1945 625 1976 Eod.
663 1944 763 1976 modo
787 1944 863 1975 Liv.

167 2004 250 2028 xm.
265 1998 316 2028 49.
339 1997 348 2013 ‘
365 1997 545 2028 Neminem
575 1996 675 2027 alium
697 2006 796 2037 quam
814 1997 864 2036 ip-

168 2056 222 2078 sos
237 2048 345 2087 legem
363 2046 556 2078 dicturum!
583 2047 684 2077 Gran.

209 2098 227 2138 ς
253 2101 293 2128 10
328 2097 461 2137 Stolide]
500 2098 565 2128 Ms.
593 2097 722 2128 colendi.
768 2096 865 2127 Unus

165 2147 284 2188 ualida,
301 2148 388 2188 quod
406 2147 448 2178 ad
466 2148 636 2188 vulgatam
662 2148 741 2179 lect.
768 2157 866 2187 prox-

167 2199 233 2229 ime
249 2198 395 2237 accedit,
413 2208 511 2240 quam
528 2202 692 2239 sequutus
706 2202 757 2229 est
780 2197 864 2228 Oro-

168 2249 247 2281 sius.
292 2250 360 2281 Hic
383 2251 477 2281 locus
501 2250 664 2290 explicat,
680 2249 770 2290 quod
784 2250 865 2290 Scy-

168 2302 276 2333 thicus
292 2302 426 2342 legatus
441 2311 496 2342 ap.
512 2301 609 2332 Curt.
627 2303 732 2331 vn.8.
747 2303 799 2331 27.
818 2300 865 2331 ait

167 2352 178 2369 ‘
195 2351 263 2384 suis
279 2352 430 2392 patuisse
457 2352 524 2382 iter
548 2360 656 2392 usque
681 2351 714 2381 in
740 2351 865 2391 AEgyp-

168 2402 263 2434 tum!
283 2403 442 2442 Bongars.
487 2402 571 2434 Mss.
602 2402 714 2442 plures
736 2401 790 2432 hic
807 2402 865 2431 ha-

167 2452 251 2484 bent
278 2453 406 2489 colendi,
434 2452 556 2493 aliquis
581 2457 616 2482 et
639 2451 760 2490 aalide,
775 2449 864 2481 unde

167 2503 363 2543 suspicabar
400 2502 566 2534 Nostrum
591 2500 734 2532 forsitan
760 2500 866 2541 scrip-

169 2554 251 2586 sisse
266 2555 375 2594 calide,
391 2564 431 2585 eo
449 2564 563 2593 sensu,
584 2563 650 2595 quo
671 2552 866 2593 impruden·

169 2608 236 2645 ter,
271 2604 514 2645 incogitanter,
543 2608 579 2636 et
611 2603 867 2644 praecipitauter

168 2653 298 2686 factum
314 2655 469 2695 denotat,
494 2658 529 2685 et
551 2653 718 2696 quomodo
734 2653 743 2670 ⁴
757 2653 867 2684 calida

170 2705 327 2736 consilia’
357 2706 431 2746 ipse
470 2705 542 2737 Cic.
579 2708 732 2745 usurpat.
775 2704 866 2734 Sane

169 2755 252 2787 illud
274 2756 383 2788 stolide
406 2756 520 2787 durius
543 2755 693 2793 videtur,
712 2764 812 2796 quam
828 2757 867 2784 ut

169 2807 306 2846 negotio
318 2807 396 2838 huic
409 2806 602 2838 conveniat.
624 2804 728 2843 Schef.

214 2857 232 2896 ξ
255 2859 293 2888 11
318 2858 403 2888 Belli
431 2856 600 2896 certamen]
646 2856 714 2886 Alii
743 2855 868 2886 habent

172 2904 258 2946 bello,
272 2907 361 2938 unde
385 2907 459 2949 quis
486 2907 660 2948 conjiciat,
678 2907 710 2938 id
730 2906 866 2938 verbum

1520 328 1605 370 659

909 435 962 466 hic
988 435 1152 465 intrusum
1170 444 1210 465 ex
1229 435 1350 474 glossa,
1371 443 1445 465 cum
1463 443 1604 474 praeser-

911 486 968 516 tim
996 486 1095 525 paulo
1113 490 1190 515 ante
1208 484 1383 524 praecedat
1404 484 1490 514 idem
1507 494 1606 515 voca-

909 535 1026 566 bulum
1056 535 1090 565 in
1114 535 1200 574 istis,
1223 535 1429 574 ‘occupasse
1455 533 1606 565 bellum.’

910 585 961 617 Id.

952 636 966 675 ἑ
989 638 1028 666 13
1054 635 1120 666 Nec
1135 636 1220 665 dicta
1236 644 1283 665 res
1295 634 1427 674 morata]
1447 634 1503 665 Ita
1517 635 1608 665 Flor-

910 696 965 718 111.
983 689 1014 717 3.
1029 689 1061 717 9.
1084 687 1092 703 ‘
1110 686 1185 717 Nec
1209 685 1343 725 segnius
1367 695 1467 726 quam
1493 685 1609 716 minati

909 736 1068 775 fuerant:
1084 739 1149 767 &a
1177 736 1361 767 Berneccer.
1406 736 1472 766 Ov.
1490 745 1539 766 xv.
1559 736 1609 766 M.

910 789 983 818 546.
1018 789 1026 803 ‘
1045 787 1111 816 Res
1137 786 1230 817 dicta
1265 790 1408 826 sequuta
1444 785 1519 816 est.’
1567 786 1610 816 Et

911 837 1025 877 Apoll.
1045 837 1108 867 Ru.
1128 846 1176 867 iv.
1195 839 1268 867 103.
1288 835 1369 866 Ἔνθ’
1395 835 1466 867 ἔπος
1491 835 1543 873 ἠδὲ
1561 836 1611 867 καὶ

911 886 1000 928 ἔργον
1015 888 1089 926 ὁμοῦ
1103 886 1199 918 πέλεν
1215 885 1439 924 ἐσσυμένοισιν.
1466 888 1567 917 Gron.

953 940 993 970 Ιιι
1008 950 1136 978 regnum
1152 949 1183 970 se
1208 939 1338 978 recepit]
1373 938 1474 979 Angli
1491 949 1534 970 ex
1551 939 1610 970 tri-

911 989 973 1020 bus
988 990 1071 1021 Mss.
1096 989 1126 1020 in
1144 999 1170 1021 r.
1186 989 1326 1029 trepidus
1347 999 1379 1019 se
1406 999 1465 1020 rec.
1502 989 1558 1020 Sic
1576 994 1612 1020 et

915 1040 970 1070 cd.
985 1040 1082 1071 Junt.
1107 1040 1215 1070 Grcev.

954 1094 992 1121 15
1016 1090 1138 1127 Asiam,
1153 1089 1220 1130 isc]
1250 1088 1441 1129 Hegesipp.
1460 1098 1494 1119 v.
1512 1091 1564 1120 16.
1579 1099 1613 1129 p.

911 1144 986 1172 355.
1005 1142 1058 1171 ed.
1077 1141 1192 1171 Colon.
1217 1141 1225 1156 ‘
1244 1139 1361 1171 Nostri
1384 1139 1614 1170 sacerdotales

912 1189 1035 1221 infulas
1051 1190 1246 1230 Babyloniis
1266 1189 1452 1229 vectigales
1473 1188 1613 1221 fecere.’

911 1241 999 1272 Saxo
1012 1250 1092 1271 vm.
1111 1250 1144 1280 p.
1161 1243 1233 1271 147.
1251 1242 1304 1271 41.
1336 1239 1485 1272 ‘sutiam
1508 1240 1614 1271 vecti-

913 1293 1020 1333 galem
1037 1291 1176 1322 effecit!

954 1345 971 1385 ἦ
997 1347 1036 1375 16
1062 1344 1127 1375 Per
1142 1344 1259 1382 legatos
1274 1341 1545 1381 denuntiantibus]
1582 1341 1612 1373 Ῑ.

913 1406 942 1428 e.
961 1406 1036 1427 cum
1061 1396 1126 1426 illae
1145 1394 1406 1432 denuntiarent3
1435 1393 1534 1434 idque
1553 1401 1614 1433 per

914 1446 1097 1476 ablativum
1129 1444 1271 1475 liberum
1299 1448 1334 1475 et
1357 1443 1559 1480 absolutum,
1576 1447 1615 1473 ut

915 1500 1048 1528 vocant.
1093 1496 1169 1526 Scio
1184 1495 1319 1536 quidem
1333 1505 1374 1525 ex
1390 1494 1515 1534 regulis
1533 1494 1615 1524 artis

915 1545 1086 1577 scribend.
1100 1545 1202 1576 fuisse
1217 1544 1466 1576 denuntiantium
1479 1554 1490 1579 ;
1504 1544 1562 1574 sed
1579 1548 1615 1574 et

915 1597 962 1628 sic
977 1597 1055 1627 alibi
1079 1597 1211 1627 locutus
1229 1601 1280 1626 est
1295 1595 1387 1627 Just.
1403 1599 1441 1625 ut
1458 1603 1566 1625 xvni.
1581 1597 1613 1624 l.

915 1647 924 1663 ‘
937 1646 1073 1677 Additis
1104 1647 1303 1677 Samnitium
1338 1649 1372 1676 et
1404 1646 1613 1676 Lucanorum

917 1697 1085 1737 precibus,
1112 1701 1149 1728 et
1178 1696 1260 1736 ipsis
1287 1695 1412 1726 auxilio
1437 1695 1616 1734 indigenti-

916 1748 1002 1780 bus?
1046 1748 1114 1778 Ubi
1139 1746 1319 1778 manifeste
1343 1746 1458 1777 dicere
1483 1746 1615 1776 debuis-

916 1803 968 1829 set
992 1797 1213 1837 indigentium‚
1240 1797 1267 1827 si
1291 1800 1468 1837 praecepta
1495 1795 1615 1826 Gram-

915 1849 1065 1887 maticae,
1096 1858 1195 1887 quam
1232 1847 1334 1877 animi
1365 1847 1414 1876 sui
1437 1846 1616 1886 judicium,

916 1900 1012 1940 sequi
1029 1899 1202 1929 maluisset
1227 1898 1405 1936 Justinus;
1436 1897 1495 1927 sed
1515 1897 1616 1927 aliter

916 1960 992 1982 eum
1008 1950 1030 1981 l.
1047 1949 1266 1990 interpretari
1292 1948 1397 1979 debes
1413 1959 1422 1986 ;
1450 1948 1498 1978 sic
1516 1947 1616 1978 videl.

916 2011 992 2032 cum
1023 2005 1059 2032 et
1088 2000 1152 2041 ipsi
1180 2000 1308 2032 Lucani
1335 1999 1459 2030 auxilio
1487 1999 1616 2038 indige-

917 2055 1002 2082 rent.
1041 2050 1097 2081 Ita
1113 2059 1162 2082 νι.
1179 2053 1209 2081 2.
1233 2052 1241 2067 ‘
1257 2049 1324 2080 Sed
1341 2049 1513 2080 Cononem
1528 2048 1617 2079 sedi-

918 2102 966 2134 tio
1000 2102 1146 2133 militum
1173 2100 1394 2131 invadit....e0
1430 2099 1614 2130 instantius

917 2152 1034 2184 debita
1045 2151 1274 2193 poscentibus,
1288 2149 1398 2192 quod,'
1409 2150 1469 2181 διο.
1487 2150 1538 2180 En
1553 2149 1616 2180 tibi

918 2207 953 2234 et
970 2203 1060 2233 aliud
1077 2202 1269 2242 exemplum
1283 2210 1374 2232 xxx.
1388 2204 1419 2232 3.
1441 2202 1450 2218 ‘
1466 2200 1545 2231 Huc
1563 2210 1617 2232 ac·

918 2252 1063 2283 cedebat
1079 2251 1168 2293 quod
1185 2251 1343 2289 Romani,
1362 2250 1478 2281 Poenis
1495 2255 1531 2281 et
1547 2249 1617 2281 An-

917 2302 1031 2332 nibale
1061 2306 1236 2342 superato,
1258 2301 1382 2331 nullius
1404 2301 1508 2341 magis
1524 2310 1618 2331 arma

917 2352 1140 2390 metuebant;
1170 2351 1423 2392 reputantibnS,
1454 2356 1617 2392 quantum

916 2406 1042 2433 motum
1067 2401 1218 2442 Pyrrhus
1243 2411 1347 2441 parva
1371 2411 1472 2432 manu
1499 2402 1617 2432 Mace-

918 2451 1043 2483 donum
1080 2452 1114 2482 in
1150 2452 1254 2482 Italia
1289 2450 1452 2482 fecisset!
1496 2450 1618 2489 Vides,

918 2503 927 2519 ‘
942 2501 1111 2540 Romani‚’
1132 2501 1142 2518 ‘
1154 2500 1392 2541 reputantibus
1404 2500 1425 2539 3‘
1438 2500 1527 2542 quod
1541 2510 1618 2541 pos-

918 2552 1023 2583 terius
1054 2552 1264 2583 abstractum
1285 2555 1337 2582 est
1358 2555 1394 2581 et
1410 2551 1576 2582 divulsum
1598 2562 1618 2582 a

919 2612 977 2633 suo
1005 2602 1173 2642 subjecto,
1196 2602 1205 2619 ‘
1221 2602 1361 2632 Romani
1374 2601 1392 2633 :'
1418 2611 1528 2642 neque
1545 2603 1576 2632 h.
1593 2603 1616 2633 l.

918 2653 1050 2684 variant
1065 2652 1142 2684 edd.
1166 2652 1256 2691 ullae,
1276 2661 1387 2692 neque
1404 2651 1512 2682 Codd.
1530 2653 1616 2683 Mss.

920 2705 966 2736 Et
989 2709 1102 2735 tamen
1129 2702 1221 2734 istud
1249 2701 1532 2742 ‘reputantibus’
1555 2712 1617 2743 pro

919 2759 1079 2795 corrupto
1095 2753 1211 2784 haberi
1225 2752 1352 2783 debere
1367 2753 1538 2792 crederes,
1553 2753 1617 2783 nisi

918 2804 1004 2835 hanc
1031 2803 1192 2845 loquendi
1214 2802 1495 2833 consuetudinem
1521 2812 1618 2833 secu-

920 2859 974 2886 tus
1005 2859 1096 2886 esset
1118 2853 1284 2886 Justinus.
1330 2852 1430 2883 Addo
1464 2853 1618 2893 amplius,

920 2905 1008 2946 quod
1033 2914 1094 2946 ego
1108 2903 1260 2945 inprimis
1279 2902 1615 2934 animadvertemlum
