<?xml version="1.0" encoding="UTF-8"?>
<!DOCTYPE html PUBLIC "-//W3C//DTD XHTML 1.0 Transitional//EN"
    "http://www.w3.org/TR/xhtml1/DTD/xhtml1-transitional.dtd">
<html xmlns="http://www.w3.org/1999/xhtml" xml:lang="en" lang="en">
 <head>
  <title>
</title>
<meta http-equiv="Content-Type" content="text/html;charset=utf-8" />
  <meta name='ocr-system' content='tesseract 3.04.00' />
  <meta name='ocr-capabilities' content='ocr_page ocr_carea ocr_par ocr_line ocrx_word'/>
</head>
<body>
  <div class='ocr_page' id='page_1' title='image "./historiaephilipp02just/historiaephilipp02just_0324.png"; bbox 0 0 2101 3419; ppageno 0'>
   <div class='ocr_carea' id='block_1_1' title="bbox 369 356 454 398">
    <p class='ocr_par' dir='ltr' id='par_1_1' title="bbox 369 356 454 398">
     <span class='ocr_line' id='line_1_1' title="bbox 369 356 454 398; baseline 0 0"><span class='ocrx_word' id='word_1_1' title='bbox 369 356 454 398; x_wconf 75' lang='grc'><strong>926</strong></span> 
     </span>
    </p>
   </div>
   <div class='ocr_carea' id='block_1_2' title="bbox 370 460 1091 2912">
    <p class='ocr_par' dir='ltr' id='par_1_2' title="bbox 370 460 1066 593">
     <span class='ocr_line' id='line_1_2' title="bbox 370 460 1066 502; baseline 0 -10"><span class='ocrx_word' id='word_1_2' title='bbox 370 462 379 479; x_wconf 87' lang='lat'><strong><em>⁴</em></strong></span> <span class='ocrx_word' id='word_1_3' title='bbox 392 461 580 492; x_wconf 80' lang='lat' dir='ltr'>Germanos</span> <span class='ocrx_word' id='word_1_4' title='bbox 593 460 741 501; x_wconf 84' lang='lat' dir='ltr'>auspicia</span> <span class='ocrx_word' id='word_1_5' title='bbox 752 465 927 502; x_wconf 84' lang='lat' dir='ltr'>sortesque</span> <span class='ocrx_word' id='word_1_6' title='bbox 936 465 973 492; x_wconf 92' lang='lat' dir='ltr'>ut</span> <span class='ocrx_word' id='word_1_7' title='bbox 983 470 1066 502; x_wconf 87' lang='lat' dir='ltr'>quos</span> 
     </span>
     <span class='ocr_line' id='line_1_3' title="bbox 370 512 1066 545; baseline 0 -3"><span class='ocrx_word' id='word_1_8' title='bbox 370 512 515 542; x_wconf 81' lang='lat' dir='ltr'><strong>maxime</strong></span> <span class='ocrx_word' id='word_1_9' title='bbox 537 512 755 544; x_wconf 81' lang='lat' dir='ltr'>observasse’</span> <span class='ocrx_word' id='word_1_10' title='bbox 780 513 899 544; x_wconf 80' lang='lat' dir='ltr'>scribit</span> <span class='ocrx_word' id='word_1_11' title='bbox 919 514 998 545; x_wconf 87' lang='lat' dir='ltr'>Tac.</span> <span class='ocrx_word' id='word_1_12' title='bbox 1022 513 1066 545; x_wconf 89' lang='lat' dir='ltr'>G.</span> 
     </span>
     <span class='ocr_line' id='line_1_4' title="bbox 373 562 562 593; baseline 0.005 -1"><span class='ocrx_word' id='word_1_13' title='bbox 373 565 426 592; x_wconf 92' lang='grc'>10.</span> <span class='ocrx_word' id='word_1_14' title='bbox 465 562 562 593; x_wconf 82' lang='lat' dir='ltr'>Rern.</span> 
     </span>
    </p>

    <p class='ocr_par' dir='ltr' id='par_1_3' title="bbox 372 611 1079 1705">
     <span class='ocr_line' id='line_1_5' title="bbox 416 611 1066 654; baseline 0.003 -12"><span class='ocrx_word' id='word_1_15' title='bbox 416 611 554 651; x_wconf 82' lang='lat' dir='ltr'>callent]</span> <span class='ocrx_word' id='word_1_16' title='bbox 580 612 719 643; x_wconf 90' lang='lat' dir='ltr'>Mallem</span> <span class='ocrx_word' id='word_1_17' title='bbox 742 613 869 644; x_wconf 77' lang='lat' dir='ltr'>clarent.</span> <span class='ocrx_word' id='word_1_18' title='bbox 901 613 1066 654; x_wconf 85' lang='lat' dir='ltr'>Bongars.</span> 
     </span>
     <span class='ocr_line' id='line_1_6' title="bbox 373 662 1068 702; baseline 0.003 -10"><span class='ocrx_word' id='word_1_19' title='bbox 373 662 441 692; x_wconf 88' lang='lat' dir='ltr'>Sed</span> <span class='ocrx_word' id='word_1_20' title='bbox 468 671 530 702; x_wconf 86' lang='lat' dir='ltr'>pro</span> <span class='ocrx_word' id='word_1_21' title='bbox 558 662 645 701; x_wconf 84' lang='lat' dir='ltr'>vulg.</span> <span class='ocrx_word' id='word_1_22' title='bbox 669 667 739 694; x_wconf 86' lang='lat' dir='ltr'>stat</span> <span class='ocrx_word' id='word_1_23' title='bbox 753 663 829 694; x_wconf 91' lang='lat' dir='ltr'>Val.</span> <span class='ocrx_word' id='word_1_24' title='bbox 851 663 901 693; x_wconf 89' lang='lat' dir='ltr'>M.</span> <span class='ocrx_word' id='word_1_25' title='bbox 918 672 998 695; x_wconf 82' lang='lat' dir='ltr'>vru.</span> <span class='ocrx_word' id='word_1_26' title='bbox 1016 666 1068 694; x_wconf 91' lang='lat'>12.</span> 
     </span>
     <span class='ocr_line' id='line_1_7' title="bbox 372 711 1069 754; baseline 0.004 -12"><span class='ocrx_word' id='word_1_27' title='bbox 372 714 381 729; x_wconf 91' lang='lat'>‘</span> <span class='ocrx_word' id='word_1_28' title='bbox 401 711 456 743; x_wconf 90' lang='lat' dir='ltr'>Ab</span> <span class='ocrx_word' id='word_1_29' title='bbox 472 712 522 743; x_wconf 87' lang='lat' dir='ltr'>his</span> <span class='ocrx_word' id='word_1_30' title='bbox 539 712 572 742; x_wconf 87' lang='lat' dir='ltr'>id</span> <span class='ocrx_word' id='word_1_31' title='bbox 589 713 760 753; x_wconf 85' lang='lat' dir='ltr'>negotium</span> <span class='ocrx_word' id='word_1_32' title='bbox 777 714 889 754; x_wconf 87' lang='lat' dir='ltr'>aptius</span> <span class='ocrx_word' id='word_1_33' title='bbox 903 714 1069 754; x_wconf 88' lang='lat' dir='ltr'>explicari</span> 
     </span>
     <span class='ocr_line' id='line_1_8' title="bbox 373 761 1068 804; baseline 0.004 -12"><span class='ocrx_word' id='word_1_34' title='bbox 373 772 471 803; x_wconf 86' lang='lat' dir='ltr'>posse</span> <span class='ocrx_word' id='word_1_35' title='bbox 497 761 702 802; x_wconf 88' lang='lat' dir='ltr'>confitendo,</span> <span class='ocrx_word' id='word_1_36' title='bbox 725 763 781 804; x_wconf 89' lang='lat' dir='ltr'>qui</span> <span class='ocrx_word' id='word_1_37' title='bbox 803 763 974 794; x_wconf 87' lang='lat' dir='ltr'>cotidiano</span> <span class='ocrx_word' id='word_1_38' title='bbox 997 765 1068 804; x_wconf 84' lang='lat' dir='ltr'>ejus</span> 
     </span>
     <span class='ocr_line' id='line_1_9' title="bbox 375 812 1069 845; baseline 0 -1"><span class='ocrx_word' id='word_1_39' title='bbox 375 822 436 844; x_wconf 90' lang='lat' dir='ltr'>usu</span> <span class='ocrx_word' id='word_1_40' title='bbox 451 812 642 843; x_wconf 64' lang='lat' dir='ltr'>callebant!</span> <span class='ocrx_word' id='word_1_41' title='bbox 661 813 768 843; x_wconf 81' lang='lat' dir='ltr'>Graev.</span> <span class='ocrx_word' id='word_1_42' title='bbox 803 814 922 845; x_wconf 83' lang='lat' dir='ltr'>Callent</span> <span class='ocrx_word' id='word_1_43' title='bbox 938 819 1069 845; x_wconf 85' lang='lat' dir='ltr'>rectum</span> 
     </span>
     <span class='ocr_line' id='line_1_10' title="bbox 375 863 1071 903; baseline 0 -9"><span class='ocrx_word' id='word_1_44' title='bbox 375 868 442 903; x_wconf 84' lang='lat' dir='ltr'>est,</span> <span class='ocrx_word' id='word_1_45' title='bbox 465 866 582 903; x_wconf 87' lang='lat' dir='ltr'>estque</span> <span class='ocrx_word' id='word_1_46' title='bbox 606 863 652 894; x_wconf 89' lang='lat' dir='ltr'>id.</span> <span class='ocrx_word' id='word_1_47' title='bbox 667 863 767 903; x_wconf 91' lang='lat' dir='ltr'>quod,</span> <span class='ocrx_word' id='word_1_48' title='bbox 789 863 944 902; x_wconf 87' lang='lat' dir='ltr'>solertes,</span> <span class='ocrx_word' id='word_1_49' title='bbox 969 864 1071 903; x_wconf 86' lang='lat' dir='ltr'>periti</span> 
     </span>
     <span class='ocr_line' id='line_1_11' title="bbox 375 913 1070 945; baseline 0 -1"><span class='ocrx_word' id='word_1_50' title='bbox 375 918 465 944; x_wconf 91' lang='lat' dir='ltr'>sunt.</span> <span class='ocrx_word' id='word_1_51' title='bbox 521 913 597 944; x_wconf 83' lang='lat' dir='ltr'>Val.</span> <span class='ocrx_word' id='word_1_52' title='bbox 630 914 681 944; x_wconf 95' lang='lat' dir='ltr'>M.</span> <span class='ocrx_word' id='word_1_53' title='bbox 709 922 788 943; x_wconf 85' lang='lat' dir='ltr'>vur.</span> <span class='ocrx_word' id='word_1_54' title='bbox 817 915 868 945; x_wconf 97' lang='lat'>12.</span> <span class='ocrx_word' id='word_1_55' title='bbox 904 913 1070 944; x_wconf 85' lang='lat' dir='ltr'>similiter.</span> 
     </span>
     <span class='ocr_line' id='line_1_12' title="bbox 381 962 1072 1004; baseline 0 -10"><span class='ocrx_word' id='word_1_56' title='bbox 381 964 482 995; x_wconf 79' lang='lat' dir='ltr'>Vorst.</span> <span class='ocrx_word' id='word_1_57' title='bbox 510 964 695 1004; x_wconf 82' lang='lat' dir='ltr'>Vulgatum</span> <span class='ocrx_word' id='word_1_58' title='bbox 707 962 893 994; x_wconf 85' lang='lat' dir='ltr'>defendunt</span> <span class='ocrx_word' id='word_1_59' title='bbox 904 963 967 994; x_wconf 90' lang='lat' dir='ltr'>viri</span> <span class='ocrx_word' id='word_1_60' title='bbox 979 963 1072 995; x_wconf 86' lang='lat' dir='ltr'>docti</span> 
     </span>
     <span class='ocr_line' id='line_1_13' title="bbox 377 1013 1073 1054; baseline -0.001 -10"><span class='ocrx_word' id='word_1_61' title='bbox 377 1023 438 1054; x_wconf 88' lang='lat' dir='ltr'>per</span> <span class='ocrx_word' id='word_1_62' title='bbox 452 1014 535 1044; x_wconf 92' lang='lat' dir='ltr'>illud</span> <span class='ocrx_word' id='word_1_63' title='bbox 551 1015 627 1044; x_wconf 84' lang='lat' dir='ltr'>Val.</span> <span class='ocrx_word' id='word_1_64' title='bbox 654 1014 703 1044; x_wconf 89' lang='lat' dir='ltr'>M.</span> <span class='ocrx_word' id='word_1_65' title='bbox 720 1022 801 1044; x_wconf 81' lang='lat' dir='ltr'>vm.</span> <span class='ocrx_word' id='word_1_66' title='bbox 819 1016 870 1044; x_wconf 88' lang='lat'>12.</span> <span class='ocrx_word' id='word_1_67' title='bbox 916 1013 982 1043; x_wconf 86' lang='lat' dir='ltr'>Sed</span> <span class='ocrx_word' id='word_1_68' title='bbox 1003 1013 1073 1052; x_wconf 90' lang='lat' dir='ltr'>opi-</span> 
     </span>
     <span class='ocr_line' id='line_1_14' title="bbox 376 1063 1072 1095; baseline -0.003 0"><span class='ocrx_word' id='word_1_69' title='bbox 376 1064 478 1095; x_wconf 89' lang='lat' dir='ltr'>nione</span> <span class='ocrx_word' id='word_1_70' title='bbox 494 1073 569 1094; x_wconf 89' lang='lat' dir='ltr'>mea</span> <span class='ocrx_word' id='word_1_71' title='bbox 581 1068 634 1094; x_wconf 88' lang='lat' dir='ltr'>est</span> <span class='ocrx_word' id='word_1_72' title='bbox 646 1064 778 1094; x_wconf 89' lang='lat' dir='ltr'>diversa</span> <span class='ocrx_word' id='word_1_73' title='bbox 793 1063 970 1094; x_wconf 86' lang='lat' dir='ltr'>locutionis</span> <span class='ocrx_word' id='word_1_74' title='bbox 991 1063 1072 1094; x_wconf 87' lang='lat' dir='ltr'>utri-</span> 
     </span>
     <span class='ocr_line' id='line_1_15' title="bbox 376 1113 1073 1155; baseline 0 -11"><span class='ocrx_word' id='word_1_75' title='bbox 376 1124 484 1155; x_wconf 87' lang='lat' dir='ltr'>usque</span> <span class='ocrx_word' id='word_1_76' title='bbox 511 1114 620 1152; x_wconf 82' lang='lat' dir='ltr'>ratio;</span> <span class='ocrx_word' id='word_1_77' title='bbox 658 1123 702 1144; x_wconf 78' lang='lat' dir='ltr'>ex</span> <span class='ocrx_word' id='word_1_78' title='bbox 732 1123 793 1144; x_wconf 92' lang='lat' dir='ltr'>usu</span> <span class='ocrx_word' id='word_1_79' title='bbox 827 1114 953 1154; x_wconf 87' lang='lat' dir='ltr'>quippe</span> <span class='ocrx_word' id='word_1_80' title='bbox 991 1113 1073 1144; x_wconf 88' lang='lat' dir='ltr'>artis</span> 
     </span>
     <span class='ocr_line' id='line_1_16' title="bbox 376 1162 1073 1204; baseline -0.001 -11"><span class='ocrx_word' id='word_1_81' title='bbox 376 1168 494 1204; x_wconf 81' lang='lat' dir='ltr'>potest</span> <span class='ocrx_word' id='word_1_82' title='bbox 508 1163 607 1201; x_wconf 89' lang='lat' dir='ltr'>effici,</span> <span class='ocrx_word' id='word_1_83' title='bbox 623 1168 658 1194; x_wconf 90' lang='lat' dir='ltr'>ut</span> <span class='ocrx_word' id='word_1_84' title='bbox 673 1162 748 1204; x_wconf 90' lang='lat' dir='ltr'>quis</span> <span class='ocrx_word' id='word_1_85' title='bbox 763 1172 836 1194; x_wconf 86' lang='lat' dir='ltr'>eam</span> <span class='ocrx_word' id='word_1_86' title='bbox 857 1163 993 1200; x_wconf 80' lang='lat' dir='ltr'>calleat,</span> <span class='ocrx_word' id='word_1_87' title='bbox 1008 1172 1073 1192; x_wconf 92' lang='lat' dir='ltr'>non</span> 
     </span>
     <span class='ocr_line' id='line_1_17' title="bbox 378 1212 1075 1254; baseline -0.004 -9"><span class='ocrx_word' id='word_1_88' title='bbox 378 1224 459 1245; x_wconf 87' lang='lat' dir='ltr'>vero</span> <span class='ocrx_word' id='word_1_89' title='bbox 481 1215 597 1246; x_wconf 85' lang='lat' dir='ltr'>statim</span> <span class='ocrx_word' id='word_1_90' title='bbox 623 1223 666 1244; x_wconf 81' lang='lat' dir='ltr'>ex</span> <span class='ocrx_word' id='word_1_91' title='bbox 696 1213 825 1244; x_wconf 85' lang='lat' dir='ltr'>studio:</span> <span class='ocrx_word' id='word_1_92' title='bbox 850 1212 983 1254; x_wconf 87' lang='lat' dir='ltr'>quidam</span> <span class='ocrx_word' id='word_1_93' title='bbox 1008 1217 1075 1243; x_wconf 90' lang='lat' dir='ltr'>stu-</span> 
     </span>
     <span class='ocr_line' id='line_1_18' title="bbox 379 1263 1076 1303; baseline 0 -9"><span class='ocrx_word' id='word_1_94' title='bbox 379 1263 472 1294; x_wconf 84' lang='lat' dir='ltr'>dium</span> <span class='ocrx_word' id='word_1_95' title='bbox 503 1263 629 1294; x_wconf 87' lang='lat' dir='ltr'>frustra</span> <span class='ocrx_word' id='word_1_96' title='bbox 662 1264 697 1294; x_wconf 92' lang='lat' dir='ltr'>in</span> <span class='ocrx_word' id='word_1_97' title='bbox 726 1269 835 1294; x_wconf 82' lang='lat' dir='ltr'>arteni</span> <span class='ocrx_word' id='word_1_98' title='bbox 867 1263 1076 1303; x_wconf 86' lang='lat' dir='ltr'>impendunt.</span> 
     </span>
     <span class='ocr_line' id='line_1_19' title="bbox 381 1313 1076 1354; baseline -0.006 -8"><span class='ocrx_word' id='word_1_99' title='bbox 381 1315 498 1347; x_wconf 82' lang='lat' dir='ltr'><strong>Quare</strong></span> <span class='ocrx_word' id='word_1_100' title='bbox 529 1320 612 1354; x_wconf 79' lang='lat' dir='ltr'>puto</span> <span class='ocrx_word' id='word_1_101' title='bbox 642 1323 695 1354; x_wconf 87' lang='lat' dir='ltr'>ap.</span> <span class='ocrx_word' id='word_1_102' title='bbox 727 1314 843 1344; x_wconf 87' lang='lat' dir='ltr'>Nostr.</span> <span class='ocrx_word' id='word_1_103' title='bbox 876 1323 937 1353; x_wconf 88' lang='lat' dir='ltr'>pro</span> <span class='ocrx_word' id='word_1_104' title='bbox 966 1313 1076 1343; x_wconf 77' lang='lat' dir='ltr'><em>callent</em></span> 
     </span>
     <span class='ocr_line' id='line_1_20' title="bbox 380 1363 1076 1395; baseline -0.003 0"><span class='ocrx_word' id='word_1_105' title='bbox 380 1365 551 1395; x_wconf 82' lang='lat' dir='ltr'>scribend.</span> <span class='ocrx_word' id='word_1_106' title='bbox 569 1374 642 1395; x_wconf 85' lang='lat' dir='ltr'>esse</span> <span class='ocrx_word' id='word_1_107' title='bbox 655 1366 765 1395; x_wconf 82' lang='lat' dir='ltr'>calent.</span> <span class='ocrx_word' id='word_1_108' title='bbox 797 1365 806 1380; x_wconf 89' lang='lat'>‘</span> <span class='ocrx_word' id='word_1_109' title='bbox 824 1365 944 1394; x_wconf 85' lang='lat' dir='ltr'>Calere</span> <span class='ocrx_word' id='word_1_110' title='bbox 965 1363 1076 1394; x_wconf 85' lang='lat' dir='ltr'>studio</span> 
     </span>
     <span class='ocr_line' id='line_1_21' title="bbox 380 1414 1077 1455; baseline -0.003 -10"><span class='ocrx_word' id='word_1_111' title='bbox 380 1415 586 1454; x_wconf 84' lang='lat' dir='ltr'>augurandi&#39;</span> <span class='ocrx_word' id='word_1_112' title='bbox 623 1414 874 1455; x_wconf 81' lang='lat' dir='ltr'>elegantissime</span> <span class='ocrx_word' id='word_1_113' title='bbox 904 1414 1077 1452; x_wconf 87' lang='lat' dir='ltr'>dicuntur,</span> 
     </span>
     <span class='ocr_line' id='line_1_22' title="bbox 380 1465 1078 1507; baseline -0.001 -11"><span class='ocrx_word' id='word_1_114' title='bbox 380 1467 436 1507; x_wconf 89' lang='lat' dir='ltr'>qui</span> <span class='ocrx_word' id='word_1_115' title='bbox 467 1467 500 1497; x_wconf 87' lang='lat' dir='ltr'>id</span> <span class='ocrx_word' id='word_1_116' title='bbox 522 1466 738 1506; x_wconf 79' lang='lat' dir='ltr'>cupidissime</span> <span class='ocrx_word' id='word_1_117' title='bbox 775 1470 962 1504; x_wconf 86' lang='lat' dir='ltr'>sectantur,</span> <span class='ocrx_word' id='word_1_118' title='bbox 993 1465 1078 1496; x_wconf 86' lang='lat' dir='ltr'>sicut</span> 
     </span>
     <span class='ocr_line' id='line_1_23' title="bbox 379 1516 1078 1557; baseline -0.001 -10"><span class='ocrx_word' id='word_1_119' title='bbox 379 1517 477 1547; x_wconf 73' lang='lat' dir='ltr'>calere</span> <span class='ocrx_word' id='word_1_120' title='bbox 494 1517 596 1547; x_wconf 79' lang='lat' dir='ltr'>studio</span> <span class='ocrx_word' id='word_1_121' title='bbox 611 1516 777 1555; x_wconf 73' lang='lat' dir='ltr'>scribendi,</span> <span class='ocrx_word' id='word_1_122' title='bbox 791 1517 847 1557; x_wconf 91' lang='lat' dir='ltr'>qui</span> <span class='ocrx_word' id='word_1_123' title='bbox 863 1516 1078 1557; x_wconf 85' lang='lat' dir='ltr'>cupidissime</span> 
     </span>
     <span class='ocr_line' id='line_1_24' title="bbox 381 1566 1079 1606; baseline 0.003 -10"><span class='ocrx_word' id='word_1_124' title='bbox 381 1571 538 1606; x_wconf 80' lang='lat' dir='ltr'>quaemnt</span> <span class='ocrx_word' id='word_1_125' title='bbox 560 1566 733 1597; x_wconf 87' lang='lat' dir='ltr'>scribere:</span> <span class='ocrx_word' id='word_1_126' title='bbox 765 1567 886 1597; x_wconf 80' lang='lat' dir='ltr'>Horat.</span> <span class='ocrx_word' id='word_1_127' title='bbox 903 1576 942 1598; x_wconf 83' lang='lat' dir='ltr'>u.</span> <span class='ocrx_word' id='word_1_128' title='bbox 967 1567 1031 1606; x_wconf 91' lang='lat' dir='ltr'>Ep.</span> <span class='ocrx_word' id='word_1_129' title='bbox 1050 1569 1079 1598; x_wconf 92' lang='lat' dir='ltr'>l.</span> 
     </span>
     <span class='ocr_line' id='line_1_25' title="bbox 380 1615 1079 1648; baseline 0.001 -2"><span class='ocrx_word' id='word_1_130' title='bbox 380 1617 389 1632; x_wconf 92' lang='lat'>‘</span> <span class='ocrx_word' id='word_1_131' title='bbox 417 1617 462 1647; x_wconf 89' lang='lat' dir='ltr'>Et</span> <span class='ocrx_word' id='word_1_132' title='bbox 499 1617 590 1648; x_wconf 91' lang='lat' dir='ltr'>calet</span> <span class='ocrx_word' id='word_1_133' title='bbox 626 1626 692 1647; x_wconf 90' lang='lat' dir='ltr'>uno</span> <span class='ocrx_word' id='word_1_134' title='bbox 728 1615 910 1647; x_wconf 87' lang='lat' dir='ltr'>Scribendi</span> <span class='ocrx_word' id='word_1_135' title='bbox 944 1616 1079 1647; x_wconf 60' lang='lat' dir='ltr'>studio?</span> 
     </span>
     <span class='ocr_line' id='line_1_26' title="bbox 382 1667 485 1705; baseline 0 -8"><span class='ocrx_word' id='word_1_136' title='bbox 382 1667 485 1705; x_wconf 72' lang='lat' dir='ltr'>Scloef.</span> 
     </span>
    </p>

    <p class='ocr_par' dir='ltr' id='par_1_4' title="bbox 382 1716 1088 2553">
     <span class='ocr_line' id='line_1_27' title="bbox 427 1716 1080 1758; baseline 0 -11"><span class='ocrx_word' id='word_1_137' title='bbox 427 1719 443 1758; x_wconf 56' lang='grc' dir='ltr'>ξ</span> <span class='ocrx_word' id='word_1_138' title='bbox 470 1719 489 1747; x_wconf 83' lang='grc'>4</span> <span class='ocrx_word' id='word_1_139' title='bbox 514 1717 640 1756; x_wconf 75' lang='lat' dir='ltr'>Audax,</span> <span class='ocrx_word' id='word_1_140' title='bbox 657 1716 812 1758; x_wconf 83' lang='lat' dir='ltr'>bellicosa]</span> <span class='ocrx_word' id='word_1_141' title='bbox 853 1716 965 1749; x_wconf 91' lang='lat' dir='ltr'>Strab.</span> <span class='ocrx_word' id='word_1_142' title='bbox 981 1726 1030 1748; x_wconf 91' lang='lat' dir='ltr'>1v.</span> <span class='ocrx_word' id='word_1_143' title='bbox 1049 1727 1080 1758; x_wconf 90' lang='lat' dir='ltr'>p.</span> 
     </span>
     <span class='ocr_line' id='line_1_28' title="bbox 383 1767 1081 1807; baseline -0.001 -9"><span class='ocrx_word' id='word_1_144' title='bbox 383 1770 457 1798; x_wconf 83' lang='lat'>135.</span> <span class='ocrx_word' id='word_1_145' title='bbox 490 1770 541 1798; x_wconf 87' lang='lat'>12.</span> <span class='ocrx_word' id='word_1_146' title='bbox 579 1777 682 1807; x_wconf 85' lang='lat' dir='ltr'>genus</span> <span class='ocrx_word' id='word_1_147' title='bbox 713 1767 889 1798; x_wconf 80' lang='lat' dir='ltr'>Gallorum</span> <span class='ocrx_word' id='word_1_148' title='bbox 920 1767 968 1797; x_wconf 87' lang='lat' dir='ltr'>ait</span> <span class='ocrx_word' id='word_1_149' title='bbox 1005 1776 1081 1798; x_wconf 82' lang='lat' dir='ltr'>esse</span> 
     </span>
     <span class='ocr_line' id='line_1_29' title="bbox 382 1816 1082 1857; baseline 0 -10"><span class='ocrx_word' id='word_1_150' title='bbox 382 1816 501 1854; x_wconf 73' lang='grc' dir='ltr'>θυμικὸν</span> <span class='ocrx_word' id='word_1_151' title='bbox 517 1816 567 1847; x_wconf 77' lang='grc' dir='ltr'>καὶ</span> <span class='ocrx_word' id='word_1_152' title='bbox 589 1816 672 1855; x_wconf 82' lang='grc' dir='ltr'>ταχὺ</span> <span class='ocrx_word' id='word_1_153' title='bbox 694 1816 768 1857; x_wconf 80' lang='grc' dir='ltr'><strong><em>πρὸς</em></strong></span> <span class='ocrx_word' id='word_1_154' title='bbox 789 1816 906 1856; x_wconf 81' lang='grc' dir='ltr'><strong><em>μάχην,</em></strong></span> <span class='ocrx_word' id='word_1_155' title='bbox 923 1816 1027 1848; x_wconf 78' lang='grc' dir='ltr'>ἄλλως</span> <span class='ocrx_word' id='word_1_156' title='bbox 1050 1816 1082 1847; x_wconf 83' lang='grc' dir='ltr'>δὲ</span> 
     </span>
     <span class='ocr_line' id='line_1_30' title="bbox 383 1866 1082 1904; baseline 0 -7"><span class='ocrx_word' id='word_1_157' title='bbox 383 1866 500 1897; x_wconf 78' lang='grc' dir='ltr'>ἁπλοῦν</span> <span class='ocrx_word' id='word_1_158' title='bbox 532 1867 581 1897; x_wconf 72' lang='grc' dir='ltr'>καὶ</span> <span class='ocrx_word' id='word_1_159' title='bbox 613 1868 648 1897; x_wconf 83' lang='grc' dir='ltr'>οὒ</span> <span class='ocrx_word' id='word_1_160' title='bbox 680 1867 836 1904; x_wconf 84' lang='grc' dir='ltr'><strong>κακόηθες.</strong></span> <span class='ocrx_word' id='word_1_161' title='bbox 890 1868 936 1898; x_wconf 90' lang='lat' dir='ltr'>Et</span> <span class='ocrx_word' id='word_1_162' title='bbox 962 1868 1082 1899; x_wconf 83' lang='lat' dir='ltr'>Gallos</span> 
     </span>
     <span class='ocr_line' id='line_1_31' title="bbox 384 1919 1081 1959; baseline 0.001 -10"><span class='ocrx_word' id='word_1_163' title='bbox 384 1921 532 1950; x_wconf 81' lang='lat' dir='ltr'>‘natura</span> <span class='ocrx_word' id='word_1_164' title='bbox 561 1919 757 1949; x_wconf 88' lang='lat' dir='ltr'>bellicosam</span> <span class='ocrx_word' id='word_1_165' title='bbox 788 1919 947 1959; x_wconf 84' lang='lat' dir='ltr'>geutem&#39;</span> <span class='ocrx_word' id='word_1_166' title='bbox 982 1924 1081 1950; x_wconf 87' lang='lat' dir='ltr'>vocat</span> 
     </span>
     <span class='ocr_line' id='line_1_32' title="bbox 384 1969 1083 2000; baseline 0 -1"><span class='ocrx_word' id='word_1_167' title='bbox 384 1970 466 2000; x_wconf 84' lang='lat' dir='ltr'>Sall.</span> <span class='ocrx_word' id='word_1_168' title='bbox 492 1970 565 2000; x_wconf 85' lang='lat' dir='ltr'>Cat.</span> <span class='ocrx_word' id='word_1_169' title='bbox 581 1972 634 2000; x_wconf 84' lang='grc'>40.</span> <span class='ocrx_word' id='word_1_170' title='bbox 655 1972 687 1999; x_wconf 90' lang='grc'>2.</span> <span class='ocrx_word' id='word_1_171' title='bbox 716 1973 751 1999; x_wconf 89' lang='lat' dir='ltr'>et</span> <span class='ocrx_word' id='word_1_172' title='bbox 773 1969 847 1999; x_wconf 87' lang='lat' dir='ltr'>Cat.</span> <span class='ocrx_word' id='word_1_173' title='bbox 870 1971 923 1999; x_wconf 83' lang='lat'>53.</span> <span class='ocrx_word' id='word_1_174' title='bbox 947 1971 979 1999; x_wconf 82' lang='lat'>3.</span> <span class='ocrx_word' id='word_1_175' title='bbox 1012 1970 1021 1985; x_wconf 93' lang='lat'>‘</span> <span class='ocrx_word' id='word_1_176' title='bbox 1040 1970 1083 1999; x_wconf 84' lang='lat' dir='ltr'>Et</span> 
     </span>
     <span class='ocr_line' id='line_1_33' title="bbox 387 2018 1084 2059; baseline 0 -10"><span class='ocrx_word' id='word_1_177' title='bbox 387 2019 492 2059; x_wconf 89' lang='lat' dir='ltr'>gloria</span> <span class='ocrx_word' id='word_1_178' title='bbox 524 2018 603 2049; x_wconf 87' lang='lat' dir='ltr'>belli</span> <span class='ocrx_word' id='word_1_179' title='bbox 637 2024 717 2049; x_wconf 86' lang='lat' dir='ltr'>aute</span> <span class='ocrx_word' id='word_1_180' title='bbox 747 2019 914 2049; x_wconf 89' lang='lat' dir='ltr'>Romanos</span> <span class='ocrx_word' id='word_1_181' title='bbox 944 2018 1084 2049; x_wconf 77' lang='lat' dir='ltr'>fuisscz’</span> 
     </span>
     <span class='ocr_line' id='line_1_34' title="bbox 386 2068 1084 2101; baseline 0 -3"><span class='ocrx_word' id='word_1_182' title='bbox 386 2069 435 2099; x_wconf 90' lang='lat' dir='ltr'>sic</span> <span class='ocrx_word' id='word_1_183' title='bbox 467 2069 554 2099; x_wconf 87' lang='lat' dir='ltr'>enim</span> <span class='ocrx_word' id='word_1_184' title='bbox 585 2072 636 2098; x_wconf 89' lang='lat' dir='ltr'>est</span> <span class='ocrx_word' id='word_1_185' title='bbox 663 2069 696 2098; x_wconf 89' lang='lat' dir='ltr'>in</span> <span class='ocrx_word' id='word_1_186' title='bbox 725 2073 793 2099; x_wconf 88' lang='lat' dir='ltr'>vet.</span> <span class='ocrx_word' id='word_1_187' title='bbox 820 2068 960 2099; x_wconf 88' lang='lat' dir='ltr'>Codice.</span> <span class='ocrx_word' id='word_1_188' title='bbox 989 2069 998 2084; x_wconf 92' lang='lat'>‘</span> <span class='ocrx_word' id='word_1_189' title='bbox 1016 2068 1084 2101; x_wconf 79' lang='lat' dir='ltr'>Qui</span> 
     </span>
     <span class='ocr_line' id='line_1_35' title="bbox 385 2120 1085 2161; baseline 0 -11"><span class='ocrx_word' id='word_1_190' title='bbox 385 2120 559 2161; x_wconf 84' lang='lat' dir='ltr'>[Romani]</span> <span class='ocrx_word' id='word_1_191' title='bbox 586 2120 633 2151; x_wconf 82' lang='lat' dir='ltr'>sic</span> <span class='ocrx_word' id='word_1_192' title='bbox 671 2120 833 2159; x_wconf 79' lang='lat' dir='ltr'>habuere,</span> <span class='ocrx_word' id='word_1_193' title='bbox 869 2120 934 2150; x_wconf 86' lang='lat' dir='ltr'>alia</span> <span class='ocrx_word' id='word_1_194' title='bbox 972 2120 1085 2150; x_wconf 87' lang='lat' dir='ltr'>onmia</span> 
     </span>
     <span class='ocr_line' id='line_1_36' title="bbox 386 2170 1085 2211; baseline -0.001 -10"><span class='ocrx_word' id='word_1_195' title='bbox 386 2171 505 2201; x_wconf 86' lang='lat' dir='ltr'>virtuti</span> <span class='ocrx_word' id='word_1_196' title='bbox 531 2181 598 2201; x_wconf 83' lang='lat' dir='ltr'>suae</span> <span class='ocrx_word' id='word_1_197' title='bbox 627 2180 732 2211; x_wconf 81' lang='lat' dir='ltr'>prona</span> <span class='ocrx_word' id='word_1_198' title='bbox 759 2179 853 2207; x_wconf 82' lang='lat' dir='ltr'>esse3</span> <span class='ocrx_word' id='word_1_199' title='bbox 877 2180 953 2200; x_wconf 88' lang='lat' dir='ltr'>cum</span> <span class='ocrx_word' id='word_1_200' title='bbox 977 2170 1085 2200; x_wconf 87' lang='lat' dir='ltr'>Gallis</span> 
     </span>
     <span class='ocr_line' id='line_1_37' title="bbox 387 2220 1084 2261; baseline 0 -10"><span class='ocrx_word' id='word_1_201' title='bbox 387 2231 450 2261; x_wconf 86' lang='lat' dir='ltr'>pro</span> <span class='ocrx_word' id='word_1_202' title='bbox 478 2221 598 2259; x_wconf 81' lang='lat' dir='ltr'>salute,</span> <span class='ocrx_word' id='word_1_203' title='bbox 624 2230 691 2251; x_wconf 89' lang='lat' dir='ltr'>non</span> <span class='ocrx_word' id='word_1_204' title='bbox 714 2229 774 2260; x_wconf 86' lang='lat' dir='ltr'>pro</span> <span class='ocrx_word' id='word_1_205' title='bbox 799 2220 906 2260; x_wconf 85' lang='lat' dir='ltr'>gloria</span> <span class='ocrx_word' id='word_1_206' title='bbox 928 2220 1084 2251; x_wconf 59' lang='lat' dir='ltr'>certare)</span> 
     </span>
     <span class='ocr_line' id='line_1_38' title="bbox 387 2269 1085 2307; baseline 0 -6"><span class='ocrx_word' id='word_1_207' title='bbox 387 2271 443 2302; x_wconf 87' lang='lat' dir='ltr'>Ju.</span> <span class='ocrx_word' id='word_1_208' title='bbox 461 2273 532 2301; x_wconf 76' lang='grc'><strong>114.</strong></span> <span class='ocrx_word' id='word_1_209' title='bbox 559 2273 588 2300; x_wconf 88' lang='grc'>2.</span> <span class='ocrx_word' id='word_1_210' title='bbox 624 2270 780 2307; x_wconf 79' lang='lat' dir='ltr'>Bongars.</span> <span class='ocrx_word' id='word_1_211' title='bbox 825 2269 983 2300; x_wconf 75' lang='lat' dir='ltr'>Audendi</span> <span class='ocrx_word' id='word_1_212' title='bbox 1012 2270 1085 2301; x_wconf 89' lang='lat' dir='ltr'>Cic.</span> 
     </span>
     <span class='ocr_line' id='line_1_39' title="bbox 388 2319 1085 2351; baseline 0.001 -1"><span class='ocrx_word' id='word_1_213' title='bbox 388 2321 429 2350; x_wconf 87' lang='lat' dir='ltr'>de</span> <span class='ocrx_word' id='word_1_214' title='bbox 447 2321 548 2351; x_wconf 91' lang='lat' dir='ltr'>Prov.</span> <span class='ocrx_word' id='word_1_215' title='bbox 566 2321 665 2351; x_wconf 88' lang='lat' dir='ltr'>Cous.</span> <span class='ocrx_word' id='word_1_216' title='bbox 682 2323 731 2351; x_wconf 82' lang='lat'>13.</span> <span class='ocrx_word' id='word_1_217' title='bbox 755 2320 840 2351; x_wconf 82' lang='lat' dir='ltr'>Caes.</span> <span class='ocrx_word' id='word_1_218' title='bbox 855 2320 897 2350; x_wconf 92' lang='lat' dir='ltr'>B.</span> <span class='ocrx_word' id='word_1_219' title='bbox 911 2319 954 2350; x_wconf 90' lang='lat' dir='ltr'>G.</span> <span class='ocrx_word' id='word_1_220' title='bbox 969 2329 1016 2350; x_wconf 77' lang='lat' dir='ltr'>vr.</span> <span class='ocrx_word' id='word_1_221' title='bbox 1033 2323 1085 2351; x_wconf 76' lang='grc'>24.</span> 
     </span>
     <span class='ocr_line' id='line_1_40' title="bbox 386 2371 1088 2411; baseline 0.001 -10"><span class='ocrx_word' id='word_1_222' title='bbox 386 2372 467 2401; x_wconf 90' lang='lat' dir='ltr'>Tac.</span> <span class='ocrx_word' id='word_1_223' title='bbox 504 2371 548 2401; x_wconf 88' lang='lat' dir='ltr'>G.</span> <span class='ocrx_word' id='word_1_224' title='bbox 572 2373 625 2401; x_wconf 81' lang='lat'>28.</span> <span class='ocrx_word' id='word_1_225' title='bbox 656 2375 691 2401; x_wconf 88' lang='lat' dir='ltr'>ct</span> <span class='ocrx_word' id='word_1_226' title='bbox 720 2371 785 2411; x_wconf 82' lang='lat' dir='ltr'>Ag.</span> <span class='ocrx_word' id='word_1_227' title='bbox 819 2374 869 2402; x_wconf 86' lang='lat' dir='ltr'>ll.</span> <span class='ocrx_word' id='word_1_228' title='bbox 906 2371 1088 2402; x_wconf 80' lang='lat' dir='ltr'>Berneccer.</span> 
     </span>
     <span class='ocr_line' id='line_1_41' title="bbox 388 2421 1088 2452; baseline 0 -1"><span class='ocrx_word' id='word_1_229' title='bbox 388 2421 519 2452; x_wconf 83' lang='lat' dir='ltr'>Auctor</span> <span class='ocrx_word' id='word_1_230' title='bbox 530 2421 572 2451; x_wconf 88' lang='lat' dir='ltr'>de</span> <span class='ocrx_word' id='word_1_231' title='bbox 586 2421 685 2452; x_wconf 90' lang='lat' dir='ltr'>Gest.</span> <span class='ocrx_word' id='word_1_232' title='bbox 707 2421 935 2452; x_wconf 86' lang='lat' dir='ltr'>Treverorum</span> <span class='ocrx_word' id='word_1_233' title='bbox 952 2422 960 2437; x_wconf 91' lang='lat'>‘</span> <span class='ocrx_word' id='word_1_234' title='bbox 977 2421 1088 2451; x_wconf 82' lang='lat' dir='ltr'>audax</span> 
     </span>
     <span class='ocr_line' id='line_1_42' title="bbox 389 2471 1088 2512; baseline 0.001 -10"><span class='ocrx_word' id='word_1_235' title='bbox 389 2477 425 2503; x_wconf 89' lang='lat' dir='ltr'>et</span> <span class='ocrx_word' id='word_1_236' title='bbox 443 2471 627 2511; x_wconf 87' lang='lat' dir='ltr'>bellicosa,&#39;</span> <span class='ocrx_word' id='word_1_237' title='bbox 644 2477 679 2503; x_wconf 91' lang='lat' dir='ltr'>et</span> <span class='ocrx_word' id='word_1_238' title='bbox 695 2472 796 2512; x_wconf 88' lang='lat' dir='ltr'>paulo</span> <span class='ocrx_word' id='word_1_239' title='bbox 813 2475 911 2511; x_wconf 87' lang='lat' dir='ltr'>post:</span> <span class='ocrx_word' id='word_1_240' title='bbox 937 2472 946 2488; x_wconf 92' lang='lat'>‘</span> <span class='ocrx_word' id='word_1_241' title='bbox 965 2471 1019 2502; x_wconf 90' lang='lat' dir='ltr'>cui</span> <span class='ocrx_word' id='word_1_242' title='bbox 1037 2481 1088 2503; x_wconf 86' lang='lat' dir='ltr'>res</span> 
     </span>
     <span class='ocr_line' id='line_1_43' title="bbox 390 2521 606 2553; baseline -0.005 0"><span class='ocrx_word' id='word_1_243' title='bbox 390 2531 431 2553; x_wconf 86' lang='lat' dir='ltr'>ea</span> <span class='ocrx_word' id='word_1_244' title='bbox 447 2521 606 2553; x_wconf 75' lang='lat' dir='ltr'>virtutis!</span> 
     </span>
    </p>

    <p class='ocr_par' dir='ltr' id='par_1_5' title="bbox 388 2571 1091 2912">
     <span class='ocr_line' id='line_1_44' title="bbox 433 2571 1089 2612; baseline 0.003 -12"><span class='ocrx_word' id='word_1_245' title='bbox 433 2571 542 2601; x_wconf 83' lang='lat' dir='ltr'>Prima</span> <span class='ocrx_word' id='word_1_246' title='bbox 561 2574 628 2611; x_wconf 82' lang='lat' dir='ltr'>post</span> <span class='ocrx_word' id='word_1_247' title='bbox 655 2571 836 2611; x_wconf 83' lang='lat' dir='ltr'>Herculem]</span> <span class='ocrx_word' id='word_1_248' title='bbox 866 2571 922 2602; x_wconf 91' lang='lat' dir='ltr'>De</span> <span class='ocrx_word' id='word_1_249' title='bbox 940 2581 1005 2612; x_wconf 87' lang='lat' dir='ltr'>quo</span> <span class='ocrx_word' id='word_1_250' title='bbox 1030 2571 1089 2602; x_wconf 93' lang='lat' dir='ltr'>Sil.</span> 
     </span>
     <span class='ocr_line' id='line_1_45' title="bbox 389 2621 1090 2661; baseline 0 -10"><span class='ocrx_word' id='word_1_251' title='bbox 389 2630 446 2652; x_wconf 82' lang='grc' dir='ltr'><strong>ιιι.</strong></span> <span class='ocrx_word' id='word_1_252' title='bbox 471 2624 544 2652; x_wconf 80' lang='grc'><strong>496.</strong></span> <span class='ocrx_word' id='word_1_253' title='bbox 590 2622 600 2639; x_wconf 77' lang='lat'><strong><em>⁴</em></strong></span> <span class='ocrx_word' id='word_1_254' title='bbox 625 2622 760 2652; x_wconf 83' lang='lat' dir='ltr'>Primus</span> <span class='ocrx_word' id='word_1_255' title='bbox 783 2621 981 2661; x_wconf 86' lang='lat' dir='ltr'>inexpertas</span> <span class='ocrx_word' id='word_1_256' title='bbox 1006 2621 1090 2651; x_wconf 87' lang='lat' dir='ltr'>adiit</span> 
     </span>
     <span class='ocr_line' id='line_1_46' title="bbox 388 2671 1089 2710; baseline 0.003 -10"><span class='ocrx_word' id='word_1_257' title='bbox 388 2671 582 2710; x_wconf 79' lang='lat' dir='ltr'>Tyrinthius</span> <span class='ocrx_word' id='word_1_258' title='bbox 600 2671 717 2710; x_wconf 87' lang='lat' dir='ltr'>arces,&#39;</span> <span class='ocrx_word' id='word_1_259' title='bbox 734 2674 799 2703; x_wconf 69' lang='grc' dir='ltr'><strong>διο.</strong></span> <span class='ocrx_word' id='word_1_260' title='bbox 834 2672 879 2702; x_wconf 88' lang='lat' dir='ltr'>Et</span> <span class='ocrx_word' id='word_1_261' title='bbox 896 2671 1089 2702; x_wconf 84' lang='lat' dir='ltr'>Marcellin.</span> 
     </span>
     <span class='ocr_line' id='line_1_47' title="bbox 391 2720 1090 2761; baseline 0 -11"><span class='ocrx_word' id='word_1_262' title='bbox 391 2729 452 2751; x_wconf 81' lang='lat' dir='ltr'>xv.</span> <span class='ocrx_word' id='word_1_263' title='bbox 467 2723 521 2751; x_wconf 84' lang='lat'>26.</span> <span class='ocrx_word' id='word_1_264' title='bbox 565 2721 574 2736; x_wconf 89' lang='lat'>‘</span> <span class='ocrx_word' id='word_1_265' title='bbox 589 2720 737 2751; x_wconf 86' lang='lat' dir='ltr'>Primam</span> <span class='ocrx_word' id='word_1_266' title='bbox 761 2721 838 2761; x_wconf 87' lang='lat' dir='ltr'>[per</span> <span class='ocrx_word' id='word_1_267' title='bbox 860 2720 964 2760; x_wconf 90' lang='lat' dir='ltr'>Alpes</span> <span class='ocrx_word' id='word_1_268' title='bbox 988 2720 1090 2760; x_wconf 88' lang='lat' dir='ltr'>viam]</span> 
     </span>
     <span class='ocr_line' id='line_1_48' title="bbox 390 2770 1091 2811; baseline 0.001 -11"><span class='ocrx_word' id='word_1_269' title='bbox 390 2770 572 2801; x_wconf 84' lang='lat' dir='ltr'>Thebanus</span> <span class='ocrx_word' id='word_1_270' title='bbox 610 2771 790 2810; x_wconf 85' lang='lat' dir='ltr'>Hercules,</span> <span class='ocrx_word' id='word_1_271' title='bbox 825 2771 868 2802; x_wconf 87' lang='lat' dir='ltr'>ad</span> <span class='ocrx_word' id='word_1_272' title='bbox 896 2771 1091 2811; x_wconf 75' lang='lat' dir='ltr'>Geryonem</span> 
     </span>
     <span class='ocr_line' id='line_1_49' title="bbox 392 2820 1090 2859; baseline 0.003 -10"><span class='ocrx_word' id='word_1_273' title='bbox 392 2820 658 2859; x_wconf 80' lang='lat' dir='ltr'>extinguendum</span> <span class='ocrx_word' id='word_1_274' title='bbox 688 2826 723 2852; x_wconf 90' lang='lat' dir='ltr'>et</span> <span class='ocrx_word' id='word_1_275' title='bbox 752 2821 951 2852; x_wconf 86' lang='lat' dir='ltr'>Tauriscum</span> <span class='ocrx_word' id='word_1_276' title='bbox 981 2821 1090 2852; x_wconf 89' lang='lat' dir='ltr'>lenius</span> 
     </span>
     <span class='ocr_line' id='line_1_50' title="bbox 392 2869 1091 2912; baseline 0.007 -14"><span class='ocrx_word' id='word_1_277' title='bbox 392 2869 559 2908; x_wconf 79' lang='lat' dir='ltr'>gradiens,</span> <span class='ocrx_word' id='word_1_278' title='bbox 576 2880 682 2912; x_wconf 87' lang='lat' dir='ltr'>prope</span> <span class='ocrx_word' id='word_1_279' title='bbox 699 2871 885 2903; x_wconf 80' lang='lat' dir='ltr'>maritimas</span> <span class='ocrx_word' id='word_1_280' title='bbox 902 2871 1091 2912; x_wconf 89' lang='lat' dir='ltr'>composuit</span> 
     </span>
    </p>
   </div>
   <div class='ocr_carea' id='block_1_3' title="bbox 829 368 1350 400">
    <p class='ocr_par' dir='ltr' id='par_1_6' title="bbox 829 368 1350 400">
     <span class='ocr_line' id='line_1_51' title="bbox 829 368 1350 400; baseline 0.004 -3"><span class='ocrx_word' id='word_1_281' title='bbox 829 368 969 398; x_wconf 83' lang='lat' dir='ltr'>NOTAE</span> <span class='ocrx_word' id='word_1_282' title='bbox 1006 368 1265 400; x_wconf 79' lang='lat' dir='ltr'>VARIORUM</span> <span class='ocrx_word' id='word_1_283' title='bbox 1301 370 1350 399; x_wconf 81' lang='lat' dir='ltr'>IN</span> 
     </span>
    </p>
   </div>
   <div class='ocr_carea' id='block_1_4' title="bbox 1114 460 1839 2911">
    <p class='ocr_par' dir='ltr' id='par_1_7' title="bbox 1114 460 1815 892">
     <span class='ocr_line' id='line_1_52' title="bbox 1114 460 1810 502; baseline -0.003 -9"><span class='ocrx_word' id='word_1_284' title='bbox 1114 461 1247 502; x_wconf 89' lang='lat' dir='ltr'>Alpes,&#39;</span> <span class='ocrx_word' id='word_1_285' title='bbox 1265 464 1328 494; x_wconf 69' lang='grc' dir='ltr'><strong>ὅτε.</strong></span> <span class='ocrx_word' id='word_1_286' title='bbox 1366 463 1419 494; x_wconf 86' lang='lat' dir='ltr'>De</span> <span class='ocrx_word' id='word_1_287' title='bbox 1445 461 1520 493; x_wconf 88' lang='lat' dir='ltr'>eod.</span> <span class='ocrx_word' id='word_1_288' title='bbox 1551 460 1654 492; x_wconf 87' lang='lat' dir='ltr'>Diod.</span> <span class='ocrx_word' id='word_1_289' title='bbox 1677 469 1730 491; x_wconf 91' lang='lat' dir='ltr'>1v.</span> <span class='ocrx_word' id='word_1_290' title='bbox 1758 462 1810 492; x_wconf 84' lang='lat'>19.</span> 
     </span>
     <span class='ocr_line' id='line_1_53' title="bbox 1116 510 1811 543; baseline -0.004 0"><span class='ocrx_word' id='word_1_291' title='bbox 1116 512 1235 543; x_wconf 90' lang='lat' dir='ltr'>Claud.</span> <span class='ocrx_word' id='word_1_292' title='bbox 1269 512 1492 543; x_wconf 83' lang='lat' dir='ltr'>Mamertinus</span> <span class='ocrx_word' id='word_1_293' title='bbox 1527 511 1561 542; x_wconf 87' lang='lat' dir='ltr'>in</span> <span class='ocrx_word' id='word_1_294' title='bbox 1589 510 1811 541; x_wconf 86' lang='lat' dir='ltr'>Genethliaco</span> 
     </span>
     <span class='ocr_line' id='line_1_54' title="bbox 1116 560 1812 593; baseline 0.001 -2"><span class='ocrx_word' id='word_1_295' title='bbox 1116 561 1316 592; x_wconf 78' lang='lat' dir='ltr'>Maximiani</span> <span class='ocrx_word' id='word_1_296' title='bbox 1343 565 1374 593; x_wconf 92' lang='lat'>9.</span> <span class='ocrx_word' id='word_1_297' title='bbox 1399 561 1422 592; x_wconf 88' lang='lat' dir='ltr'>f.</span> <span class='ocrx_word' id='word_1_298' title='bbox 1455 562 1638 592; x_wconf 74' lang='lat' dir='ltr'>Berneccer.</span> <span class='ocrx_word' id='word_1_299' title='bbox 1683 560 1757 591; x_wconf 87' lang='lat' dir='ltr'>Liv.</span> <span class='ocrx_word' id='word_1_300' title='bbox 1777 568 1812 592; x_wconf 88' lang='lat' dir='ltr'>v.</span> 
     </span>
     <span class='ocr_line' id='line_1_55' title="bbox 1116 611 1814 652; baseline 0.001 -11"><span class='ocrx_word' id='word_1_301' title='bbox 1116 613 1168 643; x_wconf 74' lang='lat'>34.</span> <span class='ocrx_word' id='word_1_302' title='bbox 1219 611 1228 627; x_wconf 90' lang='lat'>‘</span> <span class='ocrx_word' id='word_1_303' title='bbox 1258 611 1364 652; x_wconf 87' lang='lat' dir='ltr'>Alpes</span> <span class='ocrx_word' id='word_1_304' title='bbox 1392 612 1470 642; x_wconf 89' lang='lat' dir='ltr'>iude</span> <span class='ocrx_word' id='word_1_305' title='bbox 1500 611 1668 652; x_wconf 84' lang='lat' dir='ltr'>oppositae</span> <span class='ocrx_word' id='word_1_306' title='bbox 1702 615 1814 650; x_wconf 86' lang='lat' dir='ltr'>erant,</span> 
     </span>
     <span class='ocr_line' id='line_1_56' title="bbox 1117 660 1813 702; baseline 0.003 -12"><span class='ocrx_word' id='word_1_307' title='bbox 1117 670 1197 700; x_wconf 85' lang='lat' dir='ltr'>quas</span> <span class='ocrx_word' id='word_1_308' title='bbox 1213 661 1500 701; x_wconf 83' lang='lat' dir='ltr'>inexsuperabiles</span> <span class='ocrx_word' id='word_1_309' title='bbox 1515 663 1601 692; x_wconf 87' lang='lat' dir='ltr'>visas</span> <span class='ocrx_word' id='word_1_310' title='bbox 1614 661 1703 692; x_wconf 89' lang='lat' dir='ltr'>haud</span> <span class='ocrx_word' id='word_1_311' title='bbox 1719 660 1813 702; x_wconf 87' lang='lat' dir='ltr'>equi-</span> 
     </span>
     <span class='ocr_line' id='line_1_57' title="bbox 1118 710 1815 753; baseline 0.001 -12"><span class='ocrx_word' id='word_1_312' title='bbox 1118 711 1194 741; x_wconf 90' lang='lat' dir='ltr'>dem</span> <span class='ocrx_word' id='word_1_313' title='bbox 1210 711 1327 749; x_wconf 86' lang='lat' dir='ltr'>miror,</span> <span class='ocrx_word' id='word_1_314' title='bbox 1344 712 1435 742; x_wconf 88' lang='lat' dir='ltr'>nulla</span> <span class='ocrx_word' id='word_1_315' title='bbox 1451 712 1528 742; x_wconf 91' lang='lat' dir='ltr'>dum</span> <span class='ocrx_word' id='word_1_316' title='bbox 1550 712 1604 742; x_wconf 83' lang='lat' dir='ltr'>via</span> <span class='ocrx_word' id='word_1_317' title='bbox 1623 710 1730 753; x_wconf 91' lang='lat' dir='ltr'>(quod</span> <span class='ocrx_word' id='word_1_318' title='bbox 1742 712 1815 752; x_wconf 90' lang='lat' dir='ltr'>qui-</span> 
     </span>
     <span class='ocr_line' id='line_1_58' title="bbox 1118 759 1812 801; baseline 0.003 -11"><span class='ocrx_word' id='word_1_319' title='bbox 1118 759 1194 790; x_wconf 87' lang='lat' dir='ltr'>dem</span> <span class='ocrx_word' id='word_1_320' title='bbox 1221 761 1399 791; x_wconf 84' lang='lat' dir='ltr'>continens</span> <span class='ocrx_word' id='word_1_321' title='bbox 1428 762 1589 792; x_wconf 83' lang='lat' dir='ltr'>memoria</span> <span class='ocrx_word' id='word_1_322' title='bbox 1611 762 1667 801; x_wconf 88' lang='lat' dir='ltr'>sit,</span> <span class='ocrx_word' id='word_1_323' title='bbox 1682 761 1747 792; x_wconf 87' lang='lat' dir='ltr'>nisi</span> <span class='ocrx_word' id='word_1_324' title='bbox 1769 761 1812 792; x_wconf 85' lang='lat' dir='ltr'>de</span> 
     </span>
     <span class='ocr_line' id='line_1_59' title="bbox 1118 809 1813 853; baseline 0.003 -13"><span class='ocrx_word' id='word_1_325' title='bbox 1118 810 1269 841; x_wconf 89' lang='lat' dir='ltr'>Hercule</span> <span class='ocrx_word' id='word_1_326' title='bbox 1284 809 1407 842; x_wconf 88' lang='lat' dir='ltr'>fabulis</span> <span class='ocrx_word' id='word_1_327' title='bbox 1424 812 1563 843; x_wconf 89' lang='lat' dir='ltr'>credere</span> <span class='ocrx_word' id='word_1_328' title='bbox 1581 811 1682 853; x_wconf 91' lang='lat' dir='ltr'>libet)</span> <span class='ocrx_word' id='word_1_329' title='bbox 1695 821 1813 853; x_wconf 86' lang='lat' dir='ltr'>super-</span> 
     </span>
     <span class='ocr_line' id='line_1_60' title="bbox 1118 861 1216 892; baseline 0 0"><span class='ocrx_word' id='word_1_330' title='bbox 1118 861 1216 892; x_wconf 61' lang='lat' dir='ltr'>atas!</span> 
     </span>
    </p>

    <p class='ocr_par' dir='ltr' id='par_1_8' title="bbox 1120 911 1819 1245">
     <span class='ocr_line' id='line_1_61' title="bbox 1162 911 1815 951; baseline 0.005 -9"><span class='ocrx_word' id='word_1_331' title='bbox 1162 911 1300 951; x_wconf 76' lang='lat' dir='ltr'>Invicta]</span> <span class='ocrx_word' id='word_1_332' title='bbox 1328 913 1366 943; x_wconf 82' lang='lat' dir='ltr'>F.</span> <span class='ocrx_word' id='word_1_333' title='bbox 1383 913 1467 944; x_wconf 74' lang='lat' dir='ltr'>invia</span> <span class='ocrx_word' id='word_1_334' title='bbox 1483 913 1609 945; x_wconf 86' lang='lat' dir='ltr'>rectius</span> <span class='ocrx_word' id='word_1_335' title='bbox 1626 918 1692 945; x_wconf 91' lang='lat' dir='ltr'>est.</span> <span class='ocrx_word' id='word_1_336' title='bbox 1717 915 1815 946; x_wconf 85' lang='lat' dir='ltr'>Bern.</span> 
     </span>
     <span class='ocr_line' id='line_1_62' title="bbox 1120 962 1815 1002; baseline 0.004 -10"><span class='ocrx_word' id='word_1_337' title='bbox 1120 962 1158 993; x_wconf 94' lang='lat' dir='ltr'>F.</span> <span class='ocrx_word' id='word_1_338' title='bbox 1174 963 1269 993; x_wconf 79' lang='lat' dir='ltr'>invz&#39;a.</span> <span class='ocrx_word' id='word_1_339' title='bbox 1294 962 1413 993; x_wconf 87' lang='lat' dir='ltr'>Faber.</span> <span class='ocrx_word' id='word_1_340' title='bbox 1446 963 1570 1002; x_wconf 80' lang='lat' dir='ltr'>Faber,</span> <span class='ocrx_word' id='word_1_341' title='bbox 1582 968 1616 994; x_wconf 89' lang='lat' dir='ltr'>et</span> <span class='ocrx_word' id='word_1_342' title='bbox 1630 968 1708 995; x_wconf 87' lang='lat' dir='ltr'>ante</span> <span class='ocrx_word' id='word_1_343' title='bbox 1720 964 1815 996; x_wconf 91' lang='lat' dir='ltr'>illum</span> 
     </span>
     <span class='ocr_line' id='line_1_63' title="bbox 1121 1013 1814 1055; baseline 0.006 -13"><span class='ocrx_word' id='word_1_344' title='bbox 1121 1013 1290 1043; x_wconf 79' lang='lat' dir='ltr'>Berneec.</span> <span class='ocrx_word' id='word_1_345' title='bbox 1300 1013 1393 1044; x_wconf 74' lang='lat' dir='ltr'>invia.</span> <span class='ocrx_word' id='word_1_346' title='bbox 1415 1014 1502 1044; x_wconf 85' lang='lat' dir='ltr'>Sane</span> <span class='ocrx_word' id='word_1_347' title='bbox 1514 1014 1726 1054; x_wconf 77' lang='lat' dir='ltr'>invictajuga,</span> <span class='ocrx_word' id='word_1_348' title='bbox 1738 1024 1814 1055; x_wconf 80' lang='lat' dir='ltr'>quae</span> 
     </span>
     <span class='ocr_line' id='line_1_64' title="bbox 1121 1063 1816 1103; baseline 0.004 -11"><span class='ocrx_word' id='word_1_349' title='bbox 1121 1072 1187 1093; x_wconf 89' lang='lat' dir='ltr'>non</span> <span class='ocrx_word' id='word_1_350' title='bbox 1204 1063 1307 1101; x_wconf 90' lang='lat' dir='ltr'>victa,</span> <span class='ocrx_word' id='word_1_351' title='bbox 1335 1073 1399 1094; x_wconf 88' lang='lat' dir='ltr'>non</span> <span class='ocrx_word' id='word_1_352' title='bbox 1423 1068 1591 1103; x_wconf 87' lang='lat' dir='ltr'>superata.</span> <span class='ocrx_word' id='word_1_353' title='bbox 1635 1064 1713 1096; x_wconf 88' lang='lat' dir='ltr'>Jam</span> <span class='ocrx_word' id='word_1_354' title='bbox 1734 1074 1816 1095; x_wconf 86' lang='lat' dir='ltr'>vero</span> 
     </span>
     <span class='ocr_line' id='line_1_65' title="bbox 1124 1112 1817 1154; baseline 0.003 -11"><span class='ocrx_word' id='word_1_355' title='bbox 1124 1112 1252 1143; x_wconf 88' lang='lat' dir='ltr'>Noster</span> <span class='ocrx_word' id='word_1_356' title='bbox 1281 1113 1356 1152; x_wconf 87' lang='lat' dir='ltr'>ipse</span> <span class='ocrx_word' id='word_1_357' title='bbox 1385 1114 1445 1152; x_wconf 83' lang='lat' dir='ltr'>ait,</span> <span class='ocrx_word' id='word_1_358' title='bbox 1468 1113 1556 1154; x_wconf 91' lang='lat' dir='ltr'>quod</span> <span class='ocrx_word' id='word_1_359' title='bbox 1582 1114 1747 1145; x_wconf 83' lang='lat' dir='ltr'>Hercules</span> <span class='ocrx_word' id='word_1_360' title='bbox 1776 1124 1817 1145; x_wconf 86' lang='lat' dir='ltr'>ea</span> 
     </span>
     <span class='ocr_line' id='line_1_66' title="bbox 1123 1163 1819 1205; baseline 0.001 -11"><span class='ocrx_word' id='word_1_361' title='bbox 1123 1164 1350 1203; x_wconf 89' lang='lat' dir='ltr'>superaverit.</span> <span class='ocrx_word' id='word_1_362' title='bbox 1396 1164 1473 1194; x_wconf 89' lang='lat' dir='ltr'>Nou</span> <span class='ocrx_word' id='word_1_363' title='bbox 1486 1173 1567 1204; x_wconf 89' lang='lat' dir='ltr'>ergo</span> <span class='ocrx_word' id='word_1_364' title='bbox 1581 1163 1676 1195; x_wconf 88' lang='lat' dir='ltr'>fuere</span> <span class='ocrx_word' id='word_1_365' title='bbox 1690 1164 1819 1205; x_wconf 78' lang='lat' dir='ltr'>invicta,</span> 
     </span>
     <span class='ocr_line' id='line_1_67' title="bbox 1125 1213 1444 1245; baseline 0 0"><span class='ocrx_word' id='word_1_366' title='bbox 1125 1214 1183 1245; x_wconf 82' lang='lat' dir='ltr'>sed</span> <span class='ocrx_word' id='word_1_367' title='bbox 1199 1213 1291 1244; x_wconf 79' lang='lat' dir='ltr'>invia.</span> <span class='ocrx_word' id='word_1_368' title='bbox 1330 1214 1444 1245; x_wconf 83' lang='lat' dir='ltr'>Graev.</span> 
     </span>
    </p>

    <p class='ocr_par' dir='ltr' id='par_1_9' title="bbox 1124 1263 1820 1395">
     <span class='ocr_line' id='line_1_68' title="bbox 1168 1263 1819 1305; baseline 0.005 -12"><span class='ocrx_word' id='word_1_369' title='bbox 1168 1263 1383 1294; x_wconf 77' lang='lat' dir='ltr'>Intractabilia</span> <span class='ocrx_word' id='word_1_370' title='bbox 1409 1263 1488 1303; x_wconf 80' lang='lat' dir='ltr'>loca]</span> <span class='ocrx_word' id='word_1_371' title='bbox 1517 1264 1639 1305; x_wconf 88' lang='lat' dir='ltr'>Virgil.</span> <span class='ocrx_word' id='word_1_372' title='bbox 1651 1273 1674 1295; x_wconf 89' lang='lat'>1.</span> <span class='ocrx_word' id='word_1_373' title='bbox 1689 1263 1731 1294; x_wconf 93' lang='lat' dir='ltr'>G.</span> <span class='ocrx_word' id='word_1_374' title='bbox 1745 1266 1819 1296; x_wconf 88' lang='lat'>211.</span> 
     </span>
     <span class='ocr_line' id='line_1_69' title="bbox 1124 1312 1820 1353; baseline 0.001 -10"><span class='ocrx_word' id='word_1_375' title='bbox 1124 1312 1135 1329; x_wconf 75' lang='lat'><strong><em>⁶</em></strong></span> <span class='ocrx_word' id='word_1_376' title='bbox 1152 1313 1269 1353; x_wconf 85' lang='lat' dir='ltr'>Usque</span> <span class='ocrx_word' id='word_1_377' title='bbox 1299 1313 1361 1344; x_wconf 87' lang='lat' dir='ltr'>sub</span> <span class='ocrx_word' id='word_1_378' title='bbox 1397 1318 1584 1344; x_wconf 84' lang='lat' dir='ltr'>extremum</span> <span class='ocrx_word' id='word_1_379' title='bbox 1616 1315 1741 1346; x_wconf 86' lang='lat' dir='ltr'>brumae</span> <span class='ocrx_word' id='word_1_380' title='bbox 1771 1314 1820 1345; x_wconf 91' lang='lat' dir='ltr'>iu-</span> 
     </span>
     <span class='ocr_line' id='line_1_70' title="bbox 1126 1363 1628 1395; baseline 0 -1"><span class='ocrx_word' id='word_1_381' title='bbox 1126 1363 1491 1394; x_wconf 81' lang='lat' dir='ltr'>tractabilisimbrem.’</span> <span class='ocrx_word' id='word_1_382' title='bbox 1530 1365 1628 1395; x_wconf 82' lang='lat' dir='ltr'>Gron.</span> 
     </span>
    </p>

    <p class='ocr_par' dir='ltr' id='par_1_10' title="bbox 1128 1413 1823 1607">
     <span class='ocr_line' id='line_1_71' title="bbox 1170 1413 1820 1455; baseline 0.003 -12"><span class='ocrx_word' id='word_1_383' title='bbox 1170 1415 1186 1454; x_wconf 61' lang='grc' dir='ltr'><strong>ς</strong></span> <span class='ocrx_word' id='word_1_384' title='bbox 1202 1416 1222 1443; x_wconf 89' lang='grc'>6</span> <span class='ocrx_word' id='word_1_385' title='bbox 1241 1413 1395 1444; x_wconf 80' lang='lat' dir='ltr'>Hortante</span> <span class='ocrx_word' id='word_1_386' title='bbox 1410 1414 1561 1454; x_wconf 78' lang='lat' dir='ltr'>successu]</span> <span class='ocrx_word' id='word_1_387' title='bbox 1589 1415 1658 1445; x_wconf 88' lang='lat' dir='ltr'>Pro</span> <span class='ocrx_word' id='word_1_388' title='bbox 1681 1424 1746 1455; x_wconf 89' lang='lat' dir='ltr'>quo</span> <span class='ocrx_word' id='word_1_389' title='bbox 1765 1424 1820 1445; x_wconf 85' lang='lat' dir='ltr'>ve-</span> 
     </span>
     <span class='ocr_line' id='line_1_72' title="bbox 1128 1464 1822 1495; baseline 0.001 -2"><span class='ocrx_word' id='word_1_390' title='bbox 1128 1468 1227 1494; x_wconf 87' lang='lat' dir='ltr'>nuste</span> <span class='ocrx_word' id='word_1_391' title='bbox 1253 1464 1349 1494; x_wconf 84' lang='lat' dir='ltr'>Suet.</span> <span class='ocrx_word' id='word_1_392' title='bbox 1372 1464 1456 1495; x_wconf 82' lang='lat' dir='ltr'>Ner.</span> <span class='ocrx_word' id='word_1_393' title='bbox 1473 1466 1526 1495; x_wconf 81' lang='lat'>20.</span> <span class='ocrx_word' id='word_1_394' title='bbox 1541 1467 1572 1495; x_wconf 86' lang='grc'>4.</span> <span class='ocrx_word' id='word_1_395' title='bbox 1601 1465 1610 1482; x_wconf 95' lang='lat'>‘</span> <span class='ocrx_word' id='word_1_396' title='bbox 1627 1464 1822 1495; x_wconf 87' lang='lat' dir='ltr'>blandiente</span> 
     </span>
     <span class='ocr_line' id='line_1_73' title="bbox 1129 1516 1823 1558; baseline 0.003 -12"><span class='ocrx_word' id='word_1_397' title='bbox 1129 1516 1310 1556; x_wconf 88' lang='lat' dir='ltr'>profectu.&#39;</span> <span class='ocrx_word' id='word_1_398' title='bbox 1346 1517 1472 1558; x_wconf 85' lang='lat' dir='ltr'>Virgil.</span> <span class='ocrx_word' id='word_1_399' title='bbox 1488 1518 1560 1549; x_wconf 68' lang='lat' dir='ltr'>[En.</span> <span class='ocrx_word' id='word_1_400' title='bbox 1575 1527 1608 1548; x_wconf 86' lang='lat' dir='ltr'>v.</span> <span class='ocrx_word' id='word_1_401' title='bbox 1620 1520 1696 1549; x_wconf 89' lang='grc'><strong>210.</strong></span> <span class='ocrx_word' id='word_1_402' title='bbox 1720 1517 1823 1549; x_wconf 82' lang='lat' dir='ltr'>‘Suc-</span> 
     </span>
     <span class='ocr_line' id='line_1_74' title="bbox 1128 1566 1662 1607; baseline -0.004 -9"><span class='ocrx_word' id='word_1_403' title='bbox 1128 1576 1291 1607; x_wconf 82' lang='lat' dir='ltr'>cessuque</span> <span class='ocrx_word' id='word_1_404' title='bbox 1307 1567 1416 1598; x_wconf 88' lang='lat' dir='ltr'>acrior</span> <span class='ocrx_word' id='word_1_405' title='bbox 1433 1566 1526 1607; x_wconf 67' lang='lat' dir='ltr'>ipso!</span> <span class='ocrx_word' id='word_1_406' title='bbox 1563 1567 1662 1597; x_wconf 80' lang='lat' dir='ltr'>Bern.</span> 
     </span>
    </p>

    <p class='ocr_par' dir='ltr' id='par_1_11' title="bbox 1129 1616 1830 2054">
     <span class='ocr_line' id='line_1_75' title="bbox 1173 1616 1826 1657; baseline 0.002 -10"><span class='ocrx_word' id='word_1_407' title='bbox 1173 1617 1286 1647; x_wconf 76' lang='lat' dir='ltr'>Omnia</span> <span class='ocrx_word' id='word_1_408' title='bbox 1290 1616 1380 1654; x_wconf 83' lang='lat' dir='ltr'>ferro</span> <span class='ocrx_word' id='word_1_409' title='bbox 1394 1617 1598 1657; x_wconf 77' lang='lat' dir='ltr'>proterentes]</span> <span class='ocrx_word' id='word_1_410' title='bbox 1618 1617 1732 1648; x_wconf 81' lang='lat' dir='ltr'>Plaut.</span> <span class='ocrx_word' id='word_1_411' title='bbox 1746 1616 1826 1648; x_wconf 92' lang='lat' dir='ltr'>Am-</span> 
     </span>
     <span class='ocr_line' id='line_1_76' title="bbox 1130 1666 1826 1707; baseline 0.003 -11"><span class='ocrx_word' id='word_1_412' title='bbox 1130 1666 1212 1706; x_wconf 88' lang='lat' dir='ltr'>pbit.</span> <span class='ocrx_word' id='word_1_413' title='bbox 1233 1676 1257 1697; x_wconf 84' lang='lat'>1.</span> <span class='ocrx_word' id='word_1_414' title='bbox 1276 1670 1303 1697; x_wconf 90' lang='lat'>1.</span> <span class='ocrx_word' id='word_1_415' title='bbox 1319 1670 1370 1698; x_wconf 88' lang='lat'>91.</span> <span class='ocrx_word' id='word_1_416' title='bbox 1402 1668 1411 1683; x_wconf 92' lang='lat'>‘</span> <span class='ocrx_word' id='word_1_417' title='bbox 1430 1667 1571 1698; x_wconf 78' lang='lat' dir='ltr'>Foedaut</span> <span class='ocrx_word' id='word_1_418' title='bbox 1588 1672 1622 1697; x_wconf 90' lang='lat' dir='ltr'>et</span> <span class='ocrx_word' id='word_1_419' title='bbox 1643 1671 1826 1707; x_wconf 85' lang='lat' dir='ltr'>proterunt</span> 
     </span>
     <span class='ocr_line' id='line_1_77' title="bbox 1129 1716 1827 1758; baseline 0.003 -12"><span class='ocrx_word' id='word_1_420' title='bbox 1129 1717 1274 1748; x_wconf 88' lang='lat' dir='ltr'>bostium</span> <span class='ocrx_word' id='word_1_421' title='bbox 1291 1718 1492 1758; x_wconf 88' lang='lat' dir='ltr'>copiasjure</span> <span class='ocrx_word' id='word_1_422' title='bbox 1508 1716 1672 1757; x_wconf 82' lang='lat' dir='ltr'>injustas.’</span> <span class='ocrx_word' id='word_1_423' title='bbox 1689 1718 1827 1748; x_wconf 81' lang='lat' dir='ltr'>Gronov.</span> 
     </span>
     <span class='ocr_line' id='line_1_78' title="bbox 1131 1767 1828 1809; baseline 0 -11"><span class='ocrx_word' id='word_1_424' title='bbox 1131 1768 1215 1799; x_wconf 88' lang='lat' dir='ltr'>Mss.</span> <span class='ocrx_word' id='word_1_425' title='bbox 1233 1768 1356 1799; x_wconf 80' lang='lat' dir='ltr'>liabent</span> <span class='ocrx_word' id='word_1_426' title='bbox 1369 1772 1608 1809; x_wconf 78' lang='lat' dir='ltr'>prosternentes,</span> <span class='ocrx_word' id='word_1_427' title='bbox 1622 1767 1709 1809; x_wconf 91' lang='lat' dir='ltr'>quod</span> <span class='ocrx_word' id='word_1_428' title='bbox 1723 1768 1828 1807; x_wconf 85' lang='lat' dir='ltr'>magis</span> 
     </span>
     <span class='ocr_line' id='line_1_79' title="bbox 1132 1817 1828 1850; baseline 0 -2"><span class='ocrx_word' id='word_1_429' title='bbox 1132 1817 1224 1849; x_wconf 90' lang='lat' dir='ltr'>ferro</span> <span class='ocrx_word' id='word_1_430' title='bbox 1241 1820 1408 1850; x_wconf 70' lang='lat' dir='ltr'>convenit.</span> <span class='ocrx_word' id='word_1_431' title='bbox 1440 1819 1560 1849; x_wconf 88' lang='lat' dir='ltr'>Horat.</span> <span class='ocrx_word' id='word_1_432' title='bbox 1577 1823 1655 1849; x_wconf 88' lang='lat' dir='ltr'>ante</span> <span class='ocrx_word' id='word_1_433' title='bbox 1671 1818 1828 1849; x_wconf 85' lang='lat' dir='ltr'>laudatus</span> 
     </span>
     <span class='ocr_line' id='line_1_80' title="bbox 1132 1867 1830 1908; baseline 0 -11"><span class='ocrx_word' id='word_1_434' title='bbox 1132 1868 1238 1898; x_wconf 73' lang='lat' dir='ltr'>Serui.</span> <span class='ocrx_word' id='word_1_435' title='bbox 1256 1877 1295 1898; x_wconf 88' lang='grc' dir='ltr'>ιι.</span> <span class='ocrx_word' id='word_1_436' title='bbox 1311 1871 1341 1899; x_wconf 88' lang='grc'>2.</span> <span class='ocrx_word' id='word_1_437' title='bbox 1387 1870 1396 1885; x_wconf 92' lang='lat'>‘</span> <span class='ocrx_word' id='word_1_438' title='bbox 1414 1868 1504 1900; x_wconf 83' lang='lat' dir='ltr'>Quid</span> <span class='ocrx_word' id='word_1_439' title='bbox 1518 1868 1604 1898; x_wconf 88' lang='lat' dir='ltr'>enim</span> <span class='ocrx_word' id='word_1_440' title='bbox 1619 1867 1706 1908; x_wconf 87' lang='lat' dir='ltr'>Ajax</span> <span class='ocrx_word' id='word_1_441' title='bbox 1719 1867 1830 1907; x_wconf 86' lang='lat' dir='ltr'>Fecit,</span> 
     </span>
     <span class='ocr_line' id='line_1_81' title="bbox 1134 1918 1830 1958; baseline 0.001 -10"><span class='ocrx_word' id='word_1_442' title='bbox 1134 1928 1208 1948; x_wconf 85' lang='lat' dir='ltr'>cum</span> <span class='ocrx_word' id='word_1_443' title='bbox 1235 1920 1356 1949; x_wconf 74' lang='lat' dir='ltr'>stravit</span> <span class='ocrx_word' id='word_1_444' title='bbox 1383 1918 1475 1949; x_wconf 84' lang='lat' dir='ltr'>ferro</span> <span class='ocrx_word' id='word_1_445' title='bbox 1506 1928 1607 1958; x_wconf 88' lang='lat' dir='ltr'>pecus</span> <span class='ocrx_word' id='word_1_446' title='bbox 1620 1918 1642 1948; x_wconf 91' lang='lat'>?’</span> <span class='ocrx_word' id='word_1_447' title='bbox 1677 1918 1734 1948; x_wconf 92' lang='lat' dir='ltr'>Sil.</span> <span class='ocrx_word' id='word_1_448' title='bbox 1763 1926 1830 1949; x_wconf 84' lang='lat' dir='ltr'>vu.</span> 
     </span>
     <span class='ocr_line' id='line_1_82' title="bbox 1130 1965 1829 2007; baseline 0.001 -11"><span class='ocrx_word' id='word_1_449' title='bbox 1130 1968 1139 1984; x_wconf 90' lang='lat'>‘</span> <span class='ocrx_word' id='word_1_450' title='bbox 1158 1968 1294 2007; x_wconf 73' lang='lat' dir='ltr'>Quippe</span> <span class='ocrx_word' id='word_1_451' title='bbox 1311 1969 1496 2007; x_wconf 66' lang='lat' dir='ltr'>egregium,</span> <span class='ocrx_word' id='word_1_452' title='bbox 1510 1972 1723 2007; x_wconf 82' lang='lat' dir='ltr'>prosternere</span> <span class='ocrx_word' id='word_1_453' title='bbox 1738 1965 1829 1998; x_wconf 89' lang='lat' dir='ltr'>ferro</span> 
     </span>
     <span class='ocr_line' id='line_1_83' title="bbox 1134 2017 1430 2054; baseline 0 -7"><span class='ocrx_word' id='word_1_454' title='bbox 1134 2017 1303 2047; x_wconf 79' lang='lat' dir='ltr'>Hostem.’</span> <span class='ocrx_word' id='word_1_455' title='bbox 1327 2017 1430 2054; x_wconf 81' lang='lat' dir='ltr'>Sches.</span> 
     </span>
    </p>

    <p class='ocr_par' dir='ltr' id='par_1_12' title="bbox 1134 2065 1826 2147">
     <span class='ocr_line' id='line_1_84' title="bbox 1180 2065 1826 2107; baseline 0 -11"><span class='ocrx_word' id='word_1_456' title='bbox 1180 2068 1197 2106; x_wconf 56' lang='grc' dir='ltr'><strong>ς</strong></span> <span class='ocrx_word' id='word_1_457' title='bbox 1213 2069 1230 2096; x_wconf 86' lang='grc'>7</span> <span class='ocrx_word' id='word_1_458' title='bbox 1249 2066 1482 2107; x_wconf 78' lang='lat' dir='ltr'>Mercurentur]</span> <span class='ocrx_word' id='word_1_459' title='bbox 1505 2066 1614 2098; x_wconf 89' lang='lat' dir='ltr'>Scrib.</span> <span class='ocrx_word' id='word_1_460' title='bbox 1630 2065 1667 2097; x_wconf 79' lang='lat' dir='ltr'>ub</span> <span class='ocrx_word' id='word_1_461' title='bbox 1679 2066 1720 2096; x_wconf 77' lang='lat' dir='ltr'>iis</span> <span class='ocrx_word' id='word_1_462' title='bbox 1731 2075 1826 2097; x_wconf 86' lang='lat' dir='ltr'>merc.</span> 
     </span>
     <span class='ocr_line' id='line_1_85' title="bbox 1134 2116 1256 2147; baseline -0.008 0"><span class='ocrx_word' id='word_1_463' title='bbox 1134 2116 1256 2147; x_wconf 88' lang='lat' dir='ltr'>Faber.</span> 
     </span>
    </p>

    <p class='ocr_par' dir='ltr' id='par_1_13' title="bbox 1135 2165 1833 2355">
     <span class='ocr_line' id='line_1_86' title="bbox 1178 2165 1833 2206; baseline 0.002 -11"><span class='ocrx_word' id='word_1_464' title='bbox 1178 2167 1195 2206; x_wconf 55' lang='grc' dir='ltr'><strong>ξ</strong></span> <span class='ocrx_word' id='word_1_465' title='bbox 1222 2169 1241 2195; x_wconf 81' lang='grc'>8</span> <span class='ocrx_word' id='word_1_466' title='bbox 1275 2166 1470 2206; x_wconf 77' lang='lat' dir='ltr'>Ptolemoeus]</span> <span class='ocrx_word' id='word_1_467' title='bbox 1508 2166 1609 2197; x_wconf 84' lang='lat' dir='ltr'>Paus.</span> <span class='ocrx_word' id='word_1_468' title='bbox 1633 2166 1667 2196; x_wconf 89' lang='lat' dir='ltr'>in</span> <span class='ocrx_word' id='word_1_469' title='bbox 1691 2165 1767 2196; x_wconf 84' lang='lat' dir='ltr'>Att.</span> <span class='ocrx_word' id='word_1_470' title='bbox 1796 2169 1833 2196; x_wconf 87' lang='lat' dir='ltr'>et</span> 
     </span>
     <span class='ocr_line' id='line_1_87' title="bbox 1135 2215 1831 2256; baseline -0.001 -10"><span class='ocrx_word' id='word_1_471' title='bbox 1135 2215 1306 2254; x_wconf 76' lang='lat' dir='ltr'>Phocicis,</span> <span class='ocrx_word' id='word_1_472' title='bbox 1323 2225 1421 2256; x_wconf 89' lang='lat' dir='ltr'>quem</span> <span class='ocrx_word' id='word_1_473' title='bbox 1435 2216 1499 2255; x_wconf 71' lang='lat' dir='ltr'>leg.</span> <span class='ocrx_word' id='word_1_474' title='bbox 1518 2215 1560 2246; x_wconf 88' lang='lat' dir='ltr'>de</span> <span class='ocrx_word' id='word_1_475' title='bbox 1577 2215 1638 2245; x_wconf 86' lang='lat' dir='ltr'>bac</span> <span class='ocrx_word' id='word_1_476' title='bbox 1655 2216 1831 2246; x_wconf 89' lang='lat' dir='ltr'>Gallorum</span> 
     </span>
     <span class='ocr_line' id='line_1_88' title="bbox 1136 2265 1831 2306; baseline 0.001 -11"><span class='ocrx_word' id='word_1_477' title='bbox 1136 2265 1168 2295; x_wconf 94' lang='lat' dir='ltr'>iu</span> <span class='ocrx_word' id='word_1_478' title='bbox 1180 2266 1208 2296; x_wconf 87' lang='lat' dir='ltr'>G</span> <span class='ocrx_word' id='word_1_479' title='bbox 1217 2267 1349 2296; x_wconf 69' lang='lat' dir='ltr'>raeciam</span> <span class='ocrx_word' id='word_1_480' title='bbox 1364 2266 1564 2306; x_wconf 82' lang='lat' dir='ltr'>irruptione,</span> <span class='ocrx_word' id='word_1_481' title='bbox 1574 2270 1609 2296; x_wconf 85' lang='lat' dir='ltr'>et</span> <span class='ocrx_word' id='word_1_482' title='bbox 1621 2265 1831 2306; x_wconf 88' lang='lat' dir='ltr'>Delphorum</span> 
     </span>
     <span class='ocr_line' id='line_1_89' title="bbox 1136 2316 1450 2355; baseline 0 -9"><span class='ocrx_word' id='word_1_483' title='bbox 1136 2316 1319 2347; x_wconf 85' lang='lat' dir='ltr'>obsidione.</span> <span class='ocrx_word' id='word_1_484' title='bbox 1343 2317 1450 2355; x_wconf 76' lang='lat' dir='ltr'>Boug.</span> 
     </span>
    </p>

    <p class='ocr_par' dir='ltr' id='par_1_14' title="bbox 1137 2366 1835 2607">
     <span class='ocr_line' id='line_1_90' title="bbox 1180 2366 1832 2407; baseline 0.003 -10"><span class='ocrx_word' id='word_1_485' title='bbox 1180 2368 1197 2407; x_wconf 54' lang='grc' dir='ltr'><strong>ς</strong></span> <span class='ocrx_word' id='word_1_486' title='bbox 1216 2370 1250 2397; x_wconf 89' lang='grc'>11</span> <span class='ocrx_word' id='word_1_487' title='bbox 1265 2368 1393 2397; x_wconf 70' lang='lat' dir='ltr'>Juvenis</span> <span class='ocrx_word' id='word_1_488' title='bbox 1406 2368 1581 2398; x_wconf 62' lang='lat' dir='ltr'>termo-itate</span> <span class='ocrx_word' id='word_1_489' title='bbox 1591 2366 1744 2407; x_wconf 78' lang='lat' dir='ltr'>casurum]</span> <span class='ocrx_word' id='word_1_490' title='bbox 1759 2367 1832 2400; x_wconf 89' lang='lat' dir='ltr'>Cic.</span> 
     </span>
     <span class='ocr_line' id='line_1_91' title="bbox 1137 2416 1834 2457; baseline 0.003 -10"><span class='ocrx_word' id='word_1_491' title='bbox 1137 2416 1180 2447; x_wconf 92' lang='lat' dir='ltr'>de</span> <span class='ocrx_word' id='word_1_492' title='bbox 1198 2417 1334 2448; x_wconf 90' lang='lat' dir='ltr'>Iuvent.</span> <span class='ocrx_word' id='word_1_493' title='bbox 1358 2426 1381 2448; x_wconf 82' lang='grc' dir='ltr'>Ι.</span> <span class='ocrx_word' id='word_1_494' title='bbox 1403 2420 1433 2447; x_wconf 83' lang='lat'>3.</span> <span class='ocrx_word' id='word_1_495' title='bbox 1471 2418 1480 2435; x_wconf 81' lang='lat'>⁴</span> <span class='ocrx_word' id='word_1_496' title='bbox 1508 2418 1590 2448; x_wconf 88' lang='lat' dir='ltr'>Cum</span> <span class='ocrx_word' id='word_1_497' title='bbox 1609 2417 1649 2447; x_wconf 91' lang='lat' dir='ltr'>ad</span> <span class='ocrx_word' id='word_1_498' title='bbox 1667 2417 1834 2457; x_wconf 80' lang='lat' dir='ltr'>guberna-</span> 
     </span>
     <span class='ocr_line' id='line_1_92' title="bbox 1137 2467 1835 2508; baseline 0.004 -11"><span class='ocrx_word' id='word_1_499' title='bbox 1137 2468 1214 2498; x_wconf 91' lang='lat' dir='ltr'>cula</span> <span class='ocrx_word' id='word_1_500' title='bbox 1231 2467 1376 2508; x_wconf 87' lang='lat' dir='ltr'>reipubl.</span> <span class='ocrx_word' id='word_1_501' title='bbox 1395 2468 1562 2498; x_wconf 88' lang='lat' dir='ltr'>temerarii</span> <span class='ocrx_word' id='word_1_502' title='bbox 1577 2473 1678 2508; x_wconf 79' lang='lat' dir='ltr'>atque</span> <span class='ocrx_word' id='word_1_503' title='bbox 1690 2468 1835 2500; x_wconf 82' lang='lat' dir='ltr'>audaces</span> 
     </span>
     <span class='ocr_line' id='line_1_93' title="bbox 1137 2517 1835 2556; baseline 0.004 -9"><span class='ocrx_word' id='word_1_504' title='bbox 1137 2517 1286 2548; x_wconf 84' lang='lat' dir='ltr'>homines</span> <span class='ocrx_word' id='word_1_505' title='bbox 1303 2517 1482 2556; x_wconf 76' lang='lat' dir='ltr'>accedunt,</span> <span class='ocrx_word' id='word_1_506' title='bbox 1499 2519 1641 2555; x_wconf 79' lang='lat' dir='ltr'>maxima</span> <span class='ocrx_word' id='word_1_507' title='bbox 1657 2528 1696 2549; x_wconf 88' lang='lat' dir='ltr'>ac</span> <span class='ocrx_word' id='word_1_508' title='bbox 1720 2519 1835 2550; x_wconf 86' lang='lat' dir='ltr'>miser-</span> 
     </span>
     <span class='ocr_line' id='line_1_94' title="bbox 1138 2566 1672 2607; baseline 0.004 -10"><span class='ocrx_word' id='word_1_509' title='bbox 1138 2567 1223 2597; x_wconf 87' lang='lat' dir='ltr'>rima</span> <span class='ocrx_word' id='word_1_510' title='bbox 1239 2566 1417 2607; x_wconf 85' lang='lat' dir='ltr'>naufragia</span> <span class='ocrx_word' id='word_1_511' title='bbox 1434 2566 1541 2598; x_wconf 62' lang='lat' dir='ltr'>fiunt!</span> <span class='ocrx_word' id='word_1_512' title='bbox 1574 2568 1672 2599; x_wconf 80' lang='lat' dir='ltr'>Rern.</span> 
     </span>
    </p>

    <p class='ocr_par' dir='ltr' id='par_1_15' title="bbox 1136 2618 1837 2759">
     <span class='ocr_line' id='line_1_95' title="bbox 1182 2618 1837 2658; baseline 0 -8"><span class='ocrx_word' id='word_1_513' title='bbox 1182 2619 1270 2650; x_wconf 75' lang='lat' dir='ltr'>CAP.</span> <span class='ocrx_word' id='word_1_514' title='bbox 1288 2627 1320 2649; x_wconf 90' lang='lat' dir='ltr'>v.</span> <span class='ocrx_word' id='word_1_515' title='bbox 1344 2618 1362 2658; x_wconf 55' lang='grc' dir='ltr'>ς</span> <span class='ocrx_word' id='word_1_516' title='bbox 1386 2621 1402 2648; x_wconf 95' lang='grc'>1</span> <span class='ocrx_word' id='word_1_517' title='bbox 1429 2618 1537 2656; x_wconf 80' lang='lat' dir='ltr'>Igitur</span> <span class='ocrx_word' id='word_1_518' title='bbox 1556 2619 1655 2657; x_wconf 81' lang='lat' dir='ltr'>Galli,</span> <span class='ocrx_word' id='word_1_519' title='bbox 1669 2620 1744 2650; x_wconf 81' lang='lat' dir='ltr'>duce</span> <span class='ocrx_word' id='word_1_520' title='bbox 1759 2619 1837 2650; x_wconf 81' lang='lat' dir='ltr'>Bel-</span> 
     </span>
     <span class='ocr_line' id='line_1_96' title="bbox 1136 2668 1833 2709; baseline 0.003 -10"><span class='ocrx_word' id='word_1_521' title='bbox 1136 2669 1206 2709; x_wconf 83' lang='lat' dir='ltr'>gio]</span> <span class='ocrx_word' id='word_1_522' title='bbox 1238 2669 1415 2700; x_wconf 85' lang='lat' dir='ltr'>Pausaniae</span> <span class='ocrx_word' id='word_1_523' title='bbox 1431 2668 1485 2699; x_wconf 91' lang='lat' dir='ltr'>hic</span> <span class='ocrx_word' id='word_1_524' title='bbox 1508 2674 1559 2700; x_wconf 86' lang='lat' dir='ltr'>est</span> <span class='ocrx_word' id='word_1_525' title='bbox 1580 2669 1721 2708; x_wconf 80' lang='grc' dir='ltr'><strong>Βόλγιος.</strong></span> <span class='ocrx_word' id='word_1_526' title='bbox 1765 2670 1833 2701; x_wconf 91' lang='lat' dir='ltr'>Sed</span> 
     </span>
     <span class='ocr_line' id='line_1_97' title="bbox 1138 2719 1514 2759; baseline -0.003 -9"><span class='ocrx_word' id='word_1_527' title='bbox 1138 2720 1237 2759; x_wconf 87' lang='lat' dir='ltr'>male,</span> <span class='ocrx_word' id='word_1_528' title='bbox 1253 2724 1290 2750; x_wconf 95' lang='lat' dir='ltr'>ut</span> <span class='ocrx_word' id='word_1_529' title='bbox 1304 2723 1398 2759; x_wconf 89' lang='lat' dir='ltr'>puto.</span> <span class='ocrx_word' id='word_1_530' title='bbox 1429 2719 1514 2749; x_wconf 78' lang='lat' dir='ltr'>Voss.</span> 
     </span>
    </p>

    <p class='ocr_par' dir='ltr' id='par_1_16' title="bbox 1138 2767 1839 2911">
     <span class='ocr_line' id='line_1_98' title="bbox 1182 2767 1838 2809; baseline 0.002 -10"><span class='ocrx_word' id='word_1_531' title='bbox 1182 2769 1199 2809; x_wconf 60' lang='grc' dir='ltr'>ς</span> <span class='ocrx_word' id='word_1_532' title='bbox 1213 2771 1231 2799; x_wconf 82' lang='lat'><strong>3</strong></span> <span class='ocrx_word' id='word_1_533' title='bbox 1250 2769 1316 2799; x_wconf 82' lang='lat' dir='ltr'>Nec</span> <span class='ocrx_word' id='word_1_534' title='bbox 1324 2767 1581 2806; x_wconf 78' lang='lat' dir='ltr'>minusferoca‘ter</span> <span class='ocrx_word' id='word_1_535' title='bbox 1592 2778 1625 2800; x_wconf 89' lang='lat' dir='ltr'>se</span> <span class='ocrx_word' id='word_1_536' title='bbox 1635 2769 1759 2808; x_wconf 78' lang='lat' dir='ltr'>legatis,</span> <span class='ocrx_word' id='word_1_537' title='bbox 1767 2769 1838 2809; x_wconf 55' lang='lat' dir='ltr'>liza]</span> 
     </span>
     <span class='ocr_line' id='line_1_99' title="bbox 1138 2819 1837 2860; baseline 0 -10"><span class='ocrx_word' id='word_1_538' title='bbox 1138 2819 1314 2850; x_wconf 86' lang='lat' dir='ltr'>Simillima</span> <span class='ocrx_word' id='word_1_539' title='bbox 1350 2819 1507 2850; x_wconf 74' lang='lat' dir='ltr'>vecordia</span> <span class='ocrx_word' id='word_1_540' title='bbox 1541 2819 1628 2860; x_wconf 86' lang='lat' dir='ltr'>Imp.</span> <span class='ocrx_word' id='word_1_541' title='bbox 1666 2819 1837 2858; x_wconf 82' lang='lat' dir='ltr'>Diogenes</span> 
     </span>
     <span class='ocr_line' id='line_1_100' title="bbox 1139 2868 1839 2911; baseline -0.001 -11"><span class='ocrx_word' id='word_1_542' title='bbox 1139 2869 1342 2911; x_wconf 83' lang='lat' dir='ltr'>legationem</span> <span class='ocrx_word' id='word_1_543' title='bbox 1357 2868 1502 2909; x_wconf 89' lang='lat' dir='ltr'>Sultani,</span> <span class='ocrx_word' id='word_1_544' title='bbox 1521 2869 1611 2909; x_wconf 81' lang='lat' dir='ltr'>pacis</span> <span class='ocrx_word' id='word_1_545' title='bbox 1628 2869 1839 2901; x_wconf 71' lang='lat' dir='ltr'>conditiones</span> 
     </span>
    </p>
   </div>
  </div>
 </body>
</html>
