2174 3424
525 326 581 367 67
584 326 611 367 4

527 438 602 460 rere
626 428 770 460 bellum'
786 439 891 471 genus
914 431 1075 473 loquendi
1099 433 1227 464 Nostro

526 478 707 511 familiare.
752 481 827 512 Nec
851 481 906 513 hic
934 483 1025 513 locus
1051 483 1099 514 illi
1122 484 1227 521 ceriti,

529 538 618 569 cum,
643 529 700 560 ubi
727 530 808 572 quid
833 540 999 571 veremur,
1025 533 1067 563 ab
1095 534 1227 573 agendo

530 579 734 611 absistimus.
785 579 833 611 At
861 581 910 612 illi
947 591 1069 613 revera
1101 583 1228 614 bellum

528 631 726 663 omiserant.
750 632 856 671 Schef.

572 682 731 713 Eleusinis
757 683 870 724 sacris]
906 684 991 717 Quae
1017 690 1053 717 et
1077 687 1087 703 ‘
1110 690 1228 718 noctes

528 731 716 764 initiorum'
733 733 858 765 Autori
882 744 921 766 11.
936 739 966 767 6.
984 738 1034 766 13.
1057 740 1093 767 et
1118 737 1126 753 ‘
1142 746 1230 777 mys-

530 782 617 813 teria
632 783 768 814 Cereris
782 784 955 815 initiorum
971 795 1066 817 sacra
1077 785 1086 799 '
1103 795 1138 817 v.
1153 790 1185 818 1.
1198 790 1229 818 1.

531 837 568 864 et
597 834 608 851 ‘
632 833 791 865 Cerealia
817 835 936 866 sacra'
960 836 1049 867 Vell.
1081 846 1107 867 1.
1137 839 1169 868 4.
1198 841 1229 870 3.

530 883 662 915 Bernec.
705 884 807 925 Supr.
825 893 866 917 Π.
881 888 913 917 6.
930 888 982 917 13.
1004 887 1013 902 ‘
1031 892 1151 918 noctes
1167 887 1229 919 ini-

531 933 675 964 tiorum'
702 934 876 975 dicuntur,
903 941 1005 977 atque
1029 947 1083 978 ap.
1111 938 1229 970 urbem

532 983 670 1014 Eleusin
705 984 839 1023 agitatae
869 985 1133 1025 dignoscuntur:
1172 988 1230 1020 ob-

532 1042 597 1074 que
626 1044 700 1064 eam
727 1044 863 1066 causam
897 1037 906 1053 ‘
932 1037 1092 1068 Eleusina
1114 1038 1230 1069 sacra’

531 1083 587 1113 hic
624 1088 660 1114 et
695 1085 922 1124 appellantur.
981 1086 1062 1126 Ipsa
1099 1097 1231 1128 quoque

533 1134 651 1173 Ceres,
676 1134 710 1165 in
740 1135 837 1176 cujus
866 1136 1026 1167 honorem
1057 1138 1233 1169 celebrata

533 1184 643 1224 fuere,
659 1195 678 1216 a
694 1185 811 1225 Virgil.
837 1195 862 1216 1.
888 1186 931 1217 G.
955 1188 963 1203 ‘
983 1187 1145 1218 Eleusina
1164 1197 1232 1219 ma-

535 1235 608 1266 ter’
626 1240 776 1267 vocatur.
805 1236 909 1267 Vox-st.

577 1286 595 1325 ξ
619 1289 638 1316 2
662 1285 850 1316 Pisistratus
858 1286 1052 1323 =juventutem.
1064 1287 1097 1318 in
1109 1287 1234 1319 insidiis

534 1336 626 1375 locat,
644 1336 742 1374 jussis
767 1337 931 1377 matronis]
968 1339 1053 1369 Mss.
1080 1339 1233 1380 plerique

535 1386 724 1425 Bongarsii,
750 1390 785 1416 et
811 1387 876 1417 duo
906 1388 972 1418 mei
997 1389 1173 1429 antiquiss.
1200 1389 1234 1420 in

536 1436 595 1467 ins.
623 1436 745 1476 locarit,
763 1436 920 1477 jussitque
946 1447 987 1469 m.
1011 1440 1064 1477 &a
1091 1439 1179 1478 lego,
1200 1439 1233 1469 in

535 1488 595 1518 ins.
620 1487 742 1527 locavit,
756 1488 909 1528 jussitque
931 1499 970 1519 m.
996 1491 1049 1528 &a
1087 1489 1234 1520 Medius.

536 1537 718 1577 Polyaenus
745 1543 778 1568 et
804 1538 859 1568 alii
886 1539 1036 1569 nonnulli
1065 1539 1178 1569 Soloni
1199 1539 1234 1570 id

537 1591 742 1628 strategema
761 1588 927 1627 tribuunt,
950 1598 1015 1619 non
1040 1588 1235 1619 Pisistrato.

536 1637 604 1668 Sed
634 1638 792 1669 conciliat
814 1639 886 1669 liaec
913 1639 1007 1670 Plut.
1038 1639 1072 1669 in
1099 1638 1236 1678 Solone,

538 1687 593 1727 qui
620 1687 732 1726 docet,
756 1688 929 1729 utriusque
956 1698 1021 1729 ope
1049 1689 1081 1719 id
1104 1692 1237 1729 gestum

538 1747 622 1769 esse.
651 1739 737 1771 Voss,

582 1789 621 1819 In
635 1799 755 1820 accessu
770 1790 917 1830 hostium]
954 1789 1058 1822 Quali
1075 1791 1237 1821 accessu?

539 1838 580 1868 ad
599 1843 783 1878 matronas,
798 1840 910 1871 credo.
946 1840 994 1871 At
1011 1846 1147 1871 cautum
1164 1845 1239 1872 erat

540 1897 602 1927 per
626 1888 778 1927 iusidias,
802 1899 845 1920 ne
871 1890 1088 1926 accederent,
1113 1890 1239 1930 quippe

540 1947 616 1978 quae
639 1938 855 1977 inopinantes
878 1944 913 1971 et
937 1944 1068 1971 tantum
1096 1940 1181 1980 quod
1207 1950 1240 1971 e-

540 1997 671 2028 gressos
688 1998 706 2018 e
721 1989 861 2020 navibus
886 1991 1111 2030 occupabant,
1131 1996 1169 2022 ut
1185 2000 1242 2031 ap-

542 2042 641 2076 paret
665 2048 708 2068 ex
724 2048 814 2080 seqq.
854 2041 919 2072 Ms.
937 2041 1072 2081 qnidam
1090 2042 1191 2073 habet
1208 2043 1242 2072 in

539 2096 674 2123 excessu,
690 2088 721 2117 h.
737 2098 766 2119 e.
783 2089 886 2121 etiam
907 2100 983 2121 cum
1007 2091 1176 2131 viderent,
1199 2101 1241 2122 ex

538 2137 681 2168 navibus
708 2137 917 2170 descendere
947 2140 979 2170 in
1008 2146 1146 2173 terram.
1172 2142 1241 2172 Ex-

541 2196 674 2226 scensns,
704 2188 843 2218 verbum
874 2199 954 2220 vere
993 2191 1166 2222 nauticum
1205 2196 1241 2222 et

543 2237 680 2276 proprie
698 2237 740 2267 ad
758 2238 789 2268 h.
806 2238 828 2269 l.
847 2240 1033 2278 pertinens,
1056 2241 1130 2271 Liv.
1148 2250 1241 2272 xxn.

541 2286 550 2301 ‘
567 2285 687 2326 Itaque
716 2287 757 2317 ad
783 2288 976 2319 Houoscam
1001 2289 1160 2329 profecti,
1185 2300 1241 2321 ex·

544 2344 667 2366 scensu
697 2345 715 2366 e
743 2337 884 2368 navibus
912 2339 945 2369 in
981 2344 1108 2370 terram
1136 2340 1242 2380 facto,

544 2395 644 2426 quum
662 2385 692 2416 vi
710 2386 827 2417 urbem
841 2389 1242 2432 cepissent,eaptamque

543 2434 777 2477 diripuissent,
805 2438 1044 2479 Carthaginem
1071 2441 1148 2471 inde
1185 2451 1242 2481 pe-

546 2485 646 2516 tunt.'
680 2487 756 2518 Vid.
783 2488 879 2528 plura
905 2489 937 2519 in
966 2490 1021 2521 De
1053 2491 1126 2522 Mil.
1157 2492 1244 2524 Nav.

546 2540 671 2567 nostra.
708 2537 788 2576 Huj.
817 2538 910 2569 verbi
938 2540 1083 2572 alterum
1110 2551 1244 2573 accessus

545 2586 659 2625 glossa
674 2587 821 2619 videtur.
845 2588 950 2628 Sclief.

590 2636 606 2676 ξ
641 2638 659 2667 3
693 2637 857 2676 Megaram
885 2641 1056 2682 contendit]
1086 2641 1171 2673 Mss.
1209 2646 1246 2674 et

546 2685 643 2717 Junt.
666 2687 800 2727 Megara
816 2699 841 2720 c.
868 2690 995 2721 Recte:
1011 2691 1078 2721 vid.
1095 2691 1245 2722 Gronov.

548 2735 589 2766 ad
622 2737 694 2767 Liv.
728 2747 832 2770 xxxi.
859 2743 914 2772 22.
949 2741 1054 2772 Groev.
1110 2742 1245 2780 Megara

549 2786 681 2826 legend.
700 2798 764 2819 non
783 2790 959 2829 Megaram,
983 2794 1096 2821 monet
1111 2790 1243 2822 Grono-

549 2837 621 2866 vius
647 2838 688 2867 ad
717 2839 791 2869 Liv.
821 2849 924 2871 xxxi.
950 2844 1002 2872 22.
1042 2842 1169 2881 Estque
1199 2842 1244 2872 ita

550 2896 629 2917 sane
648 2888 679 2917 iu
693 2889 772 2920 Mss.
786 2895 821 2920 ut
838 2891 910 2930 ipse
928 2891 1117 2922 observavit
1138 2892 1244 2931 Bong.

979 338 1119 370 NOTAE
1153 340 1213 370 VA
1224 340 1375 371 RIORU
1385 342 1417 371 M
1452 341 1503 372 IN

1277 435 1323 465 Et
1347 434 1451 466 habet
1474 444 1606 476 quoque
1636 434 1685 466 ita
1715 435 1768 466 ed.
1799 435 1897 468 Junt.
1923 436 1974 469 uti

1278 489 1421 516 testatur
1437 485 1604 516 Graevius.
1637 486 1738 518 Quod
1753 490 1866 517 autem
1881 496 1975 517 max-

1277 535 1393 575 imum,
1418 535 1527 575 ipsum
1554 545 1688 577 quoque
1717 537 1881 568 Nostrum
1911 535 1974 568 inf.

1278 593 1359 615 xm.
1376 589 1406 616 5.
1425 588 1476 616 10.
1493 595 1633 617 numero
1650 587 1771 626 plurali
1787 588 1795 604 ‘
1809 587 1975 628 Megaris'

1277 635 1452 675 scripsisse
1469 635 1579 666 video.
1604 636 1719 668 Plaut.
1736 647 1869 678 quoque
1885 637 1977 668 Mer-

1278 689 1345 716 cat.
1376 685 1385 702 ‘
1410 685 1478 715 Sed
1502 695 1602 726 quam
1626 687 1758 727 capiam
1789 687 1976 727 civitatem,

1278 734 1403 775 cogito,
1440 735 1663 775 potissimum,
1703 737 1858 777 Megara,
1894 738 1977 768 Ere-

1278 784 1389 823 triam,
1401 785 1623 817 Corinthum.'
1646 786 1720 827 Ipsi
1732 797 1865 829 quoque
1880 787 1978 819 Grae-

1279 834 1311 865 ci
1324 834 1365 865 τὰ
1378 833 1507 874 Μέγαρα.
1522 834 1650 867 dicunt.
1677 836 1779 868 Vorst.

1322 886 1338 925 ξ
1363 889 1381 915 5
1405 885 1617 925 Megarenses]
1640 886 1735 918 Vett.
1761 896 1888 926 omues,
1912 887 1979 918 Do-

1277 944 1399 965 renses:
1422 935 1537 976 inepte.
1554 941 1588 966 et
1603 934 1818 976 ἀνιστορήτως.
1863 936 1978 978 Irrep·

1280 984 1323 1016 sit
1339 984 1428 1016 forte
1446 996 1485 1016 ex
1502 986 1746 1026 superioribus.
1772 987 1878 1026 Bong.

1323 1036 1383 1075 §6
1417 1036 1623 1077 Pisistratus]
1659 1037 1792 1068 Praeter
1823 1039 1918 1069 Plut.
1945 1037 1980 1068 in

1281 1084 1395 1116 Solon.
1412 1091 1445 1116 et
1463 1086 1677 1118 Herodotum
1703 1097 1727 1118 1.
1745 1091 1797 1119 59.
1820 1089 1887 1129 leg.
1901 1089 1980 1120 Val.

1282 1136 1332 1167 M.
1348 1145 1374 1167 1.
1391 1139 1422 1167 3.
1440 1141 1474 1167 et
1491 1146 1572 1169 vm.
1589 1140 1620 1169 9.
1642 1138 1765 1170 AElian.
1783 1148 1863 1170 v111.
1879 1139 1924 1170 H.
1937 1140 1980 1171 V.

1283 1188 1334 1216 16.
1382 1187 1458 1219 Qua
1472 1192 1586 1218 autem
1609 1187 1739 1219 ratione
1752 1189 1981 1221 Pisistratida-

1282 1245 1354 1267 rum
1368 1237 1546 1276 tyrannide
1563 1237 1698 1269 liberati
1716 1238 1783 1269 sint
1799 1237 1983 1269 Athenien-

1283 1295 1349 1325 ses,
1362 1285 1466 1317 docet
1481 1287 1677 1318 Herodotus
1698 1297 1732 1319 v.
1756 1291 1809 1319 63.
1827 1293 1862 1319 et
1878 1289 1981 1320 Paus.

1283 1336 1468 1368 Laconicis,
1484 1337 1588 1376 Bong.
1609 1337 1715 1369 Diod.
1732 1347 1813 1370 xur.
1829 1341 1881 1370 95.
1904 1338 1983 1370 Ber.

1328 1386 1504 1426 Quasisibi,
1515 1397 1573 1417 non
1583 1387 1706 1427 patrioe,
1716 1387 1855 1427 vicisset]
1872 1388 1880 1405 ‘
1895 1388 1967 1419 Sibi
1977 1387 1986 1401 ’

1282 1444 1358 1474 pro,
1389 1436 1422 1466 in
1452 1446 1547 1467 suum
1571 1437 1792 1469 commodum.
1838 1438 1911 1469 Cic.
1942 1447 1982 1469 n.

1283 1485 1373 1517 Phil.
1393 1485 1402 1501 ‘
1420 1487 1509 1518 Num
1523 1486 1587 1518 sibi
1604 1488 1666 1519 soli
1682 1488 1764 1520 vicit
1774 1487 1797 1518 ?'
1822 1489 1917 1520 Curt.
1935 1497 1984 1521 vt.

1285 1539 1337 1567 ll.
1361 1539 1415 1567 29.
1447 1536 1457 1553 ‘
1480 1538 1557 1568 Non
1583 1538 1673 1569 enim
1699 1538 1775 1578 sibi,
1800 1539 1858 1570 sed
1883 1538 1985 1578 hosti,

1285 1595 1358 1617 esse
1392 1587 1560 1618 occisuros
1595 1587 1854 1620 Alexandrum!
1898 1589 1978 1620 Vid.

1286 1637 1363 1668 Iud.
1382 1638 1603 1669 Freinshemii
1619 1638 1653 1668 in
1670 1639 1760 1670 Flor.
1777 1648 1806 1670 v.
1820 1638 1899 1669 Sibi.
1923 1639 1986 1670 Est

1287 1687 1392 1718 etiam
1409 1687 1465 1718 ubi
1480 1688 1540 1720 sibi
1556 1688 1680 1729 aliique
1697 1688 1799 1720 dativi
1816 1689 1984 1720 denotant

1288 1737 1530 1768 detrimentum
1560 1743 1596 1769 et
1628 1738 1797 1769 damnum.
1836 1739 1909 1770 Cic.
1944 1748 1985 1769 11.

1290 1787 1383 1818 Fam.
1407 1790 1458 1818 18.
1482 1789 1490 1805 ‘
1509 1788 1568 1818 Sin
1589 1789 1678 1829 quod
1707 1787 1900 1828 offenderit,
1923 1789 1986 1820 sibi

1289 1840 1412 1876 totum,
1426 1837 1505 1867 nihil
1523 1837 1584 1868 tibi
1602 1836 1808 1869 offenderit.'
1843 1839 1943 1870 Vorst.

1332 1888 1349 1927 ς
1372 1891 1390 1918 7
1424 1888 1632 1929 Laceratoque
1650 1889 1788 1929 corpore]
1821 1889 1987 1930 Conjunc—

1291 1936 1416 1968 tiouem
1445 1939 1565 1979 scripti
1595 1939 1730 1980 quidam
1766 1949 1832 1970 non
1871 1949 1988 1980 agnos-

1291 1993 1394 2026 cunt3
1418 1997 1494 2018 mox
1520 1999 1579 2028 pro
1596 1991 1743 2020 advocata
1763 1990 1886 2021 habent
1900 2000 1987 2020 coca-

1290 2040 1391 2077 taque.
1433 2038 1594 2078 Suspicor
1609 2050 1627 2070 a
1643 2040 1752 2079 prima
1767 2049 1867 2070 manu
1887 2040 1935 2071 sic
1951 2049 1987 2070 se

1291 2087 1446 2118 habuisse
1477 2089 1609 2119 omnia:
1634 2089 1756 2129 qnippe,
1782 2099 1810 2120 v.
1837 2099 1865 2120 v.
1889 2090 1920 2120 d.
1955 2100 1987 2121 α.

1290 2138 1424 2167 lacerato
1438 2147 1520 2177 corp.
1536 2138 1568 2168 in
1582 2148 1614 2178 p.
1633 2148 1665 2178 p.
1680 2148 1728 2178 ac,
1747 2144 1854 2169 vocata
1868 2148 1895 2170 c.
1911 2148 1939 2169 c.
1954 2149 1985 2179 p.

1292 2197 1320 2217 o.
1341 2186 1458 2218 Schef.

1335 2237 1351 2276 ξ
1386 2239 1405 2267 8
1438 2237 1598 2269 Adi-ocum
1624 2238 1780 2278 concione]
1814 2238 1854 2269 In
1879 2239 1988 2271 altero

1291 2288 1390 2318 Voss.
1407 2293 1479 2318 crat
1494 2289 1619 2318 advocat
1633 2288 1814 2319 concionem.
1838 2287 1989 2320 Gronov.

1295 2339 1376 2379 Leg.
1398 2348 1473 2369 cum
1496 2339 1517 2370 J
1524 2342 1592 2369 unt.
1613 2341 1643 2369 et
1668 2340 1815 2369 advocata
1835 2338 1989 2371 concione.

1294 2389 1378 2418 Mox
1395 2388 1468 2420 ead.
1484 2388 1647 2419 multitmlo
1668 2389 1791 2420 credula
1805 2388 1991 2422 incenditur.

1294 2436 1409 2468 Graev.

1336 2488 1354 2528 ς
1379 2490 1417 2518 10
1442 2488 1504 2519 Per
1518 2497 1612 2519 annos
1628 2486 1781 2527 xxxux.]
1804 2488 1855 2519 Ex
1871 2487 1920 2519 his
1939 2490 1991 2521 17.

1295 2542 1426 2569 tantum
1442 2547 1546 2569 annos
1562 2538 1596 2569 in
1612 2542 1783 2578 potestate
1799 2538 1917 2570 urbem
1932 2538 1990 2570 lia.-

1295 2588 1389 2619 buit:
1430 2591 1481 2620 16.
1512 2589 1546 2619 in
1577 2588 1696 2619 exsilio
1726 2588 1808 2629 egit.
1845 2587 1992 2621 Aristot.

1294 2637 1400 2670 Polit.
1416 2647 1448 2670 v.
1465 2641 1516 2670 12.
1541 2639 1639 2669 Rern.

1339 2688 1425 2719 Cap,
1448 2697 1498 2719 ιχ.
1542 2689 1559 2728 §
1584 2690 1600 2718 1
1625 2686 1762 2724 Diocles,
1787 2687 1866 2717 alter
1891 2696 1932 2718 ex
1944 2687 1992 2729 fi-

1293 2738 1360 2778 liis]
1378 2738 1504 2770 Nescio
1517 2738 1597 2779 quid
1613 2737 1747 2770 Justino
1763 2736 1928 2776 evenerit,
1941 2741 1993 2776 ut,

1293 2798 1392 2829 quem
1407 2798 1522 2819 omues
1539 2787 1685 2818 unanimi
1701 2796 1867 2818 consensu
1881 2787 1890 2803 ‘
1905 2786 1992 2826 Hip-

1295 2839 1474 2880 parclium'
1490 2844 1624 2875 vocent,
1637 2838 1692 2868 ille
1709 2840 1717 2854 ‘
1738 2837 1895 2869 Dioclem
1907 2835 1916 2848 ’
1931 2846 1988 2877 ap-

1296 2892 1411 2932 pellet.
1474 2891 1593 2931 Neque
1631 2895 1756 2930 tamen,
1788 2898 1863 2921 eum
1895 2888 1927 2919 in
1953 2897 1989 2919 re
