2101 3419
417 350 511 392 lviii
1079 358 1241 390 11101111

420 462 459 492 ab
474 462 561 491 hoste
576 469 802 500 supervacanea
824 459 865 497 xi,
883 462 934 496 12,
948 463 987 492 ll
1006 459 1118 501 gratias

420 514 510 544 agere
534 502 593 540 xiv,
610 507 640 539 1,
658 506 698 533 10

464 545 566 575 Gratis
595 545 746 575 remittere
776 545 915 585 captivos
945 545 1029 585 (sine
1060 544 1124 575 ulla

418 587 625 628 redemtione)
640 588 681 624 ix,
694 590 726 624 4,
742 589 774 618 4.
796 588 881 623 xviii,
897 591 927 623 1,
945 591 986 619 10

463 630 714 660 Gratulabundus
727 630 833 670 patriae
854 631 896 666 vi,
911 633 942 666 8,
958 633 997 661 13
1020 629 1124 671 (Talia

420 673 546 703 nomina
560 673 692 704 eundem
715 683 819 703 casum
842 673 1007 709 asciscunt,
1031 682 1124 712 quem

421 716 524 752 verba,
556 716 639 746 unde
664 720 735 746 sunt
756 715 909 756 derivata)
931 715 1001 745 Sic:
1029 714 1125 744 medi-

423 758 578 788 tabundus
594 757 708 788 bellum
730 758 858 794 xxxviii,
874 761 904 793 3,
921 762 940 789 7
964 758 1067 788 Vorst.

464 799 620 831 Gratulari
645 800 679 831 in
704 800 770 830 acie
796 801 883 832 caesis
912 800 1016 836 xxviii,
1043 802 1075 835 4,
1103 802 1123 830 4

420 842 499 873 vires
537 842 605 883 ejus
639 843 803 874 accessisse
831 843 889 874 sibi
918 842 1125 884 gratulabatur

420 885 485 921 xiii,
503 889 534 921 5,
552 889 590 916 15

465 927 640 958 Gratulatio
653 932 760 957 mutua
781 927 862 964 xxxi,
875 930 906 964 S,
920 929 931 958 l
961 925 1125 968 gratulatio

420 970 573 1000 adventus
596 970 709 1006 xxxvii,
724 973 755 1006 3,
772 972 792 1000 7

465 1012 579 1043 Gratus
607 1013 691 1053 apud
716 1022 817 1052 regem
839 1010 892 1046 xii,
917 1013 969 1046 14,
996 1013 1016 1042 2
1041 1015 1127 1050 grata

421 1055 564 1085 voluntas
579 1055 651 1095 (pro
667 1060 753 1095 grato
770 1053 891 1093 animo)
914 1054 994 1089 xxiv,
1023 1056 1055 1089 6,
1086 1056 1126 1084 10

422 1098 525 1128 Vorst.
558 1102 644 1136 grata
666 1096 779 1137 legatio
795 1096 855 1126 fuit
876 1107 926 1130 xx,
949 1099 979 1131 5,
1000 1099 1031 1126 6.
1054 1106 1125 1131 xxx,

424 1143 457 1176 3,
484 1143 501 1170 1
525 1140 669 1179 gratiores
696 1139 838 1168 mulieres
864 1138 1044 1168 reducturus
1073 1137 1126 1173 vii,

422 1185 455 1219 3,
466 1185 485 1213 5
509 1182 622 1221 gratius
636 1182 794 1211 habiturus
817 1181 898 1216 xxix,
911 1184 942 1216 2,
957 1183 978 1211 6

466 1224 602 1254 Gravare
616 1224 809 1254 obsidionem
826 1222 1025 1252 multitudine
1049 1221 1127 1263 (1100

423 1270 482 1302 est,
504 1267 672 1306 graviorem
691 1271 722 1296 et
749 1266 849 1295 minus
870 1265 1059 1295 tolerabilem
1081 1265 1127 1294 fa-

423 1308 511 1349 cere)
534 1309 594 1344 xiV,
611 1312 642 1344 2,
660 1312 678 1339 3
702 1309 840 1339 Freinsh.
876 1309 992 1348 gravari
1006 1307 1127 1347 longin-

425 1361 486 1391 qua
502 1352 610 1382 militia
627 1351 704 1391 (vel,
723 1356 756 1381 ut
772 1350 946 1381 Gronovius
963 1351 1128 1391 legendum

424 1399 525 1434 putat,
549 1394 748 1434 longinquam
772 1392 929 1433 militiam)
955 1404 1005 1428 xx,
1028 1396 1059 1428 2,
1086 1396 1127 1424 12

425 1437 539 1475 gravati
556 1437 737 1477 praebitione
752 1436 922 1476 copiarum,
938 1435 1057 1476 injuriis
1072 1435 1128 1465 1111-

425 1479 514 1508 litum
537 1479 659 1515 xxxviii,
676 1481 728 1514 10,
748 1482 767 1509 8
790 1479 872 1508 socio
889 1479 974 1519 regni
989 1478 1067 1519 (vel,
1094 1483 1129 1507 ut

426 1521 601 1551 Gronovius
614 1522 778 1561 legendum
791 1526 890 1562 putat,
905 1521 1019 1551 socium
1028 1520 1129 1561 regni)

426 1564 526 1599 xxxix,
543 1567 574 1598 4,
593 1567 607 1595 1
627 1564 730 1594 Vorst.

468 1606 604 1636 Gravida
627 1607 648 1643 i,
664 1609 697 1645 4,
720 1611 738 1638 5
773 1606 896 1646 gravida
927 1610 1014 1646 partu
1045 1605 1130 1636 canis

424 1647 501 1683 xliii,
517 1651 549 1684 4,
565 1652 585 1680 4

468 1690 578 1722 Gravis
606 1690 690 1731 (pro,
714 1690 842 1720 moleste
866 1690 1062 1730 imminente)
1087 1690 1129 1726 iv,

426 1735 458 1768 3,
484 1736 504 1764 4
542 1743 664 1774 gravem
704 1734 837 1774 aliquem
867 1733 931 1772 pati
977 1733 1018 1768 iv,
1047 1736 1078 1768 3,
1107 1736 1128 1764 4

426 1776 543 1815 nuptiae
578 1776 729 1816 graviores
766 1776 933 1816 repentinis
969 1775 1127 1806 funeribus

426 1818 487 1853 xvi,
517 1822 548 1854 5,
574 1822 592 1849 3
628 1818 725 1859 gravis
742 1818 841 1848 luctus
857 1819 1001 1848 memoria
1023 1818 1125 1855 xxxiv,

426 1863 459 1896 2,
475 1864 495 1892 4
518 1871 608 1901 grave
624 1861 761 1901 praelium
782 1862 859 1902 (1100
885 1866 942 1896 est,
970 1871 1126 1901 magnum,

426 1903 553 1943 ingens)
590 1904 673 1939 xviii,
701 1906 734 1939 7,
762 1906 777 1933 1
814 1903 951 1932 Freinsh.
979 1903 1129 1934 exercitus

428 1945 514 1975 terris
529 1955 634 1985 graves
658 1946 689 1980 ii,
707 1948 758 1981 13,
773 1948 810 1975 10
835 1956 940 1985 graves
953 1945 1033 1975 victo
1047 1946 1129 1985 leges

428 1988 506 2016 dixit
528 1987 631 2023 xxxiii,
657 1991 687 2022 l,
709 1991 726 2018 5
752 1987 893 2028 gravibus
918 1988 1004 2017 bellis
1030 1988 1129 2018 vexati

429 2029 482 2064 xli,
511 2032 542 2065 1,
565 2033 586 2060 9
619 2029 736 2060 curatio
761 2030 893 2059 vulneris
922 2031 1039 2069 gravior
1062 2031 1129 2069 ipso

429 2072 555 2102 vulnere
583 2072 642 2102 fuit
663 2072 715 2108 xii,
741 2075 773 2108 9,
795 2075 833 2103 13
872 2072 984 2102 bellum
1012 2073 1130 2112 gravius

429 2114 482 2149 vii,
497 2117 564 2150 6,6
597 2114 772 2154 gravissima
797 2115 990 2144 execratione
1018 2126 1049 2145 se
1076 2115 1130 2144 ob-

430 2156 576 2196 stringere
599 2157 642 2192 iii,
666 2160 698 2192 4,
725 2160 740 2187 l
775 2156 952 2196 gravissima
979 2157 1131 2198 supplicia

431 2199 604 2229 miserrimae
620 2199 806 2239 captivitatis
830 2198 869 2234 xi,
885 2202 916 2235 3,
933 2202 951 2230 7

475 2241 640 2271 Gravitatis
657 2246 797 2281 respectu
823 2241 877 2278 vii,
893 2245 924 2277 3,
939 2244 959 2272 4

475 2284 616 2314 Graviter
630 2284 777 2324 castigare
801 2283 932 2324 aliquem
955 2283 988 2320 ii,
1010 2287 1063 2320 15,
1090 2287 1129 2315 11

431 2327 562 2367 graviter
576 2327 651 2357 ferre
675 2327 717 2362 iii,
733 2330 764 2362 6,
780 2328 810 2357 4.
834 2328 894 2363 xix,
911 2330 942 2363 3,
958 2330 978 2357 8
1005 2326 1132 2357 sauciari

431 2369 472 2405 vi,
489 2371 520 2404 4,
540 2372 576 2400 13
603 2369 723 2410 gravius
748 2369 781 2399 111
809 2369 943 2410 aliquem
973 2369 1132 2400 consulere

432 2411 464 2448 ii,
483 2414 534 2447 15,
550 2415 570 2443 8

476 2453 641 2494 Gregarius
657 2453 742 2484 miles
761 2453 792 2483 in
816 2454 1061 2493 potentissimum
1086 2465 1132 2485 10-

434 2506 502 2537 gem
518 2497 622 2526 evadit
654 2497 719 2532 xiii,
733 2499 765 2532 4,
790 2499 827 2527 11
864 2497 1030 2538 gregariam
1054 2497 1131 2527 mili-

436 2539 508 2569 tiam
526 2539 648 2569 sortitus
670 2539 741 2574 xxii,
758 2542 788 2575 1,
805 2542 825 2570 8

477 2581 634 2621 Gregatim
665 2582 741 2623 (hoc
765 2586 822 2618 est,
846 2581 1039 2624 catervatim)
1069 2581 1134 2619 xiii,

435 2626 466 2660 8,
483 2628 503 2654 2
531 2624 665 2654 Freinsh-

480 2666 637 2696 Gremium
661 2666 740 2702 xxiv,
755 2669 786 2702 3,
801 2669 821 2697 7

480 2708 562 2739 Grex
579 2709 734 2749 speciosus
749 2709 855 2749 magis,
872 2719 963 2749 quam
977 2709 1058 2739 utilis
1073 2709 1134 2745 xiv,

438 2753 470 2787 6,
487 2754 505 2782 3
530 2751 674 2791 pellicum
690 2752 836 2792 regiarum
853 2761 958 2792 greges
982 2752 1033 2788 xii,
1047 2755 1077 2787 3,
1095 2755 1134 2783 10

437 2799 604 2823 scortorum
630 2804 736 2836 greges
757 2805 845 2831 xxxv,
871 2797 903 2831 2,
924 2797 945 2826 2
978 2804 1135 2825 cervorum

439 2835 511 2871 xliV,
526 2839 558 2872 4,
574 2839 593 2867 8

483 2878 596 2908 Grinus
610 2889 661 2908 rex
675 2878 781 2909 Tlierae
797 2879 904 2909 insulae
927 2879 989 2914 xiii,
1005 2882 1036 2915 7,
1052 2882 1072 2910 2

484 2920 609 2961 Grypus
634 2921 784 2952 Demetrii
808 2923 887 2951 filius
910 2922 1010 2957 xxxix,
1038 2925 1066 2957 l,
1098 2924 1138 2952 12

438 2961 534 3003 Syriae
559 2973 685 3004 regnum
720 2973 800 2996 caeso
824 2963 1139 2996 Pseudo-Alexandro

1178 459 1328 500 reciperat
1348 458 1449 496 xxxix,
1463 462 1494 496 2,
1511 462 1530 490 7
1563 458 1677 489 bellurn
1691 469 1761 490 cum
1783 459 1874 490 fratre

1176 503 1254 543 gerit
1276 502 1374 538 xxxix,
1389 505 1421 539 2,
1435 505 1453 533 3
1470 506 1501 532 et
1513 501 1661 542 deinceps

1220 544 1341 585 Gygaea
1353 544 1503 594 Amyntas
1519 554 1593 574 uxor
1614 544 1669 585 vii,
1683 547 1715 581 4,
1730 547 1750 575 5

1219 587 1328 628 Gyges
1352 588 1373 624 i,
1385 591 1417 624 7,
1435 591 1474 618 17

1220 629 1407 671 Gylippus
1400 641 1441 665 lv,
1456 633 1488 666 4,
1503 632 1523 660 7

1218 672 1251 702 111
1272 673 1478 715 Gymnasium
1499 675 1657 703 contracto
1673 674 1782 702 senatu
1803 669 1875 707 xxii,

1175 719 1207 752 2,
1224 717 1265 746 10

1220 757 1336 798 Gyptis
1356 756 1603 798 Segobrigiorum
1617 756 1695 798 regis
1709 755 1774 786 filia
1801 754 1877 791 xliii,

1175 803 1206 837 3,
1224 804 1266 832 16

1483 925 1528 956 .

1219 1009 1343 1040 Habere
1372 1009 1506 1050 aliquem
1535 1010 1612 1050 (hoc
1650 1014 1698 1040 est
1736 1013 1878 1045 tractare,

1176 1052 1296 1093 hulten)
1311 1053 1411 1091 xxxvi,
1427 1056 1458 1088 3,
1474 1056 1494 1083 6
1518 1058 1589 1083 311
1605 1052 1712 1083 oculos
1727 1051 1804 1094 (hoc
1820 1056 1878 1088 est,

1176 1096 1208 1124 in
1239 1096 1353 1125 recenti
1383 1077 1545 1137 niemoria)
1574 1098 1699 1130 v,6,1.
1724 1095 1777 1132 1111,
1799 1097 1830 1131 2,
1857 1096 1878 1125 6

1176 1138 1291 1168 bellum
1318 1143 1371 1167 aut
1399 1148 1507 1179 pacem
1544 1137 1668 1174 xxxviii,
1693 1140 1759 1174 4,1
1790 1147 1878 1167 curas

1177 1180 1279 1221 (Sorg
1294 1181 1402 1216 haben,
1427 1181 1486 1211 hoc
1502 1185 1558 1216 est,
1574 1185 1664 1210 caute
1679 1178 1786 1229 agere)
1802 1179 1880 1216 xliii,

1177 1227 1208 1259 5,
1226 1226 1266 1254 12
1292 1223 1383 1253 fidem
1400 1224 1476 1263 (hoc
1491 1228 1548 1260 est,
1564 1223 1704 1264 credere)
1719 1222 1830 1259 xiii,]
1847 1225 1879 1253 2.

1177 1265 1258 1301 xxiv,
1286 1270 1317 1301 5,
1344 1268 1362 1297 3
1393 1265 1537 1296 fiduciam
1561 1265 1692 1305 alicujus
1719 1266 1796 1307 (hoc
1821 1269 1879 1301 est,

1177 1308 1270 1339 alicui
1299 1308 1410 1348 fidere)
1426 1309 1466 1344 vi,
1491 1311 1523 1344 4,
1550 1311 1590 1339 10
1625 1308 1658 1338 in
1679 1307 1809 1338 vinculis
1836 1306 1880 1344 xi,

1177 1353 1209 1387 7,
1225 1354 1244 1382 2
1261 1350 1321 1391 (ita
1347 1351 1453 1381 Florus
1476 1351 1508 1386 ii,
1532 1353 1564 1388 2,
1589 1350 1661 1391 31).
1690 1351 1879 1381 mentionem

1178 1393 1280 1434 (quod
1297 1393 1371 1423 alias
1386 1394 1502 1434 facere)
1525 1404 1555 1429 x,
1578 1395 1611 1428 2,
1637 1396 1668 1424 2.
1692 1393 1756 1429 11111,
1779 1395 1812 1429 2,
1838 1394 1879 1423 10

1178 1446 1302 1466 necesse
1316 1436 1393 1476 (hoc
1408 1441 1465 1471 est,
1482 1435 1568 1477 cogi)
1594 1436 1635 1471 iv,
1652 1438 1682 1470 3,
1700 1438 1719 1466 3
1741 1444 1880 1470 necesse,

1178 1479 1293 1508 bellum
1317 1479 1425 1508 inferre
1448 1478 1489 1514 xl,
1506 1482 1537 1514 l,
1558 1480 1578 1509 4
1608 1477 1780 1518 potentiam
1808 1477 1880 1518 (pro

1178 1526 1294 1556 tenere,
1318 1521 1497 1569 possidere)
1521 1521 1562 1556 vi,
1577 1522 1610 1556 4,
1630 1523 1646 1551 1
1678 1520 1880 1561 quaestionem

1179 1563 1251 1604 (pro
1275 1563 1432 1603 torquere)
1458 1563 1512 1599 xii,
1534 1567 1566 1598 5,
1593 1565 1612 1593 3
1635 1563 1789 1603 supplicia
1807 1562 1880 1604 (pro

1179 1606 1328 1646 statuere)
1344 1606 1395 1642 xii,
1411 1607 1462 1642 14,
1473 1609 1492 1636 4
1516 1613 1608 1636 terras
1621 1605 1693 1645 (pro
1707 1603 1881 1646 possidere)

1179 1648 1243 1683 xiii,
1259 1651 1291 1683 4,
1308 1651 1349 1679 20
1384 1629 1520 1678 Freiiish.
1556 1647 1681 1677 obvium
1696 1647 1829 1688 aliquem
1858 1647 1881 1684 i,

1179 1694 1210 1726 6,
1230 1694 1244 1721 1
1264 1696 1295 1721 et
1310 1694 1329 1722 2
1353 1691 1547 1731 receptacula
1571 1691 1683 1720 11311010
1708 1696 1807 1721 castra
1830 1700 1881 1720 so-

1179 1734 1295 1764 ciorum
1329 1732 1362 1769 ii,
1391 1736 1423 1769 4,
1455 1735 1496 1763 30
1528 1733 1669 1763 convivia
1695 1733 1773 1763 inter
1790 1743 1823 1763 se
1845 1733 1879 1770 ii,

1181 1778 1290 1812 10,10
1312 1777 1423 1806 habere
1447 1776 1538 1805 fidem
1560 1774 1691 1815 alicujus
1706 1779 1880 1816 suspectam

1180 1818 1224 1855 iii,
1240 1822 1273 1855 6,
1289 1821 1307 1849 3
1332 1818 1443 1848 milites
1467 1828 1586 1858 sparsos
1612 1818 1676 1848 sine
1702 1817 1880 1849 insidiarum

1177 1867 1262 1891 metu
1283 1872 1312 1897 V,
1330 1865 1362 1897 5,
1377 1865 1397 1892 2
1420 1860 1553 1901 aliquem
1576 1865 1752 1900 suspectum
1776 1861 1882 1908 prodi-

1178 1904 1271 1933 tionis
1292 1915 1322 1940 v,
1339 1906 1427 1940 9,12
1451 1904 1563 1934 habere
1578 1913 1684 1943 capras
1699 1908 1771 1933 ante
1791 1902 1880 1944 sigua

1178 1946 1231 1981 vii,
1265 1948 1296 1982 l,
1326 1950 1347 1977 9
1389 1946 1521 1985 aliquem
1551 1946 1661 1976 ducem
1697 1950 1878 1986 coeptorum,

1179 1993 1333 2019 auctorem
1349 1988 1444 2029 regni,
1462 1988 1536 2017 ibid.
1565 1989 1676 2018 habere
1688 1988 1855 2018 fiduciam
1847 1998 1880 2018 in

1179 2031 1282 2070 aliquo
1316 2031 1396 2066 xxxi,
1421 2034 1453 2067 7,
1480 2033 1500 2061 2
1535 2029 1641 2060 odium
1670 2041 1707 2060 ex
1737 2031 1881 2071 superbia

1179 2074 1279 2108 xxxvi,
1302 2076 1332 2108 1,
1350 2077 1365 2104 1
1398 2073 1509 2102 habere
1534 2071 1651 2112 majora
1675 2073 1823 2113 obsequia
1847 2073 1880 2103 in

1179 2115 1281 2155 aliquo
1305 2115 1369 2150 viii,
1385 2118 1417 2150 6,
1433 2118 1452 2145 6
1476 2116 1586 2144 habere
1606 2124 1702 2154 equos
1728 2125 1880 2156 praepara-

1180 2163 1227 2187 tos
1249 2158 1290 2193 ix,
1307 2160 1338 2193 7,
1355 2161 1375 2188 9
1404 2158 1515 2188 habere
1539 2157 1673 2198 aliquem
1695 2157 1728 2187 in
1750 2157 1880 2188 vinculis

1180 2200 1221 2236 xi,
1249 2203 1281 2236 7,
1305 2203 1324 2231 2
1356 2200 1504 2240 originem
1529 2200 1672 2230 alicunde
1704 2199 1880 2237 1111,4,12

1180 2247 1362 2283 potestatem
1391 2242 1573 2272 discedendi
1608 2243 1670 2279 xiv,
1700 2245 1732 2279 l,
1759 2244 1780 2273 4
1817 2253 1880 2273 rem

1180 2285 1304 2315 tacitam
1327 2296 1376 2320 xx,
1392 2288 1423 2323 3,
1439 2288 1458 2315 3
1482 2285 1652 2315 doctrinam
1677 2289 1880 2315 matronarum

1180 2333 1349 2368 separatam
1374 2337 1393 2357 a
1421 2327 1491 2357 viris
1513 2338 1563 2364 xx,
1583 2330 1615 2364 4,
1639 2331 1659 2359 8
1692 2328 1804 2358 habere
1825 2328 1882 2359 iter

1180 2370 1367 2410 (proficisci)
1394 2369 1475 2405 xxiv,
1498 2372 1530 2406 8,
1556 2373 1595 2401 15
1629 2370 1740 2400 habere
1766 2370 1881 2400 bellum

1181 2423 1250 2443 cum
1266 2413 1370 2453 aliquo
1392 2412 1496 2448 xxviii,
1521 2414 1554 2447 4,
1581 2415 1621 2443 13
1655 2412 1816 2443 consilium
1841 2413 1881 2443 de

1181 2455 1263 2485 bello
1301 2456 1381 2492 xxxi,
1409 2459 1440 2491 5,
1468 2458 1481 2486 1
1519 2459 1631 2485 coetum
1660 2454 1882 2495 conjurationis

1181 2509 1230 2533 xx,
1257 2501 1288 2533 4,
1318 2501 1357 2529 14
1393 2508 1457 2528 non
1485 2498 1691 2528 honestiorem
1720 2497 1881 2538 pueritiam

1181 2551 1272 2580 quam
1295 2540 1446 2581 principia
1470 2539 1594 2580 originis
1614 2540 1686 2575 xxii,
1705 2543 1733 2575 1,
1761 2543 1781 2572 2
1818 2550 1882 2570 11011

1182 2583 1293 2613 habere
1310 2584 1340 2612 in
1356 2583 1484 2613 fortunis
1498 2584 1581 2623 quod
1606 2583 1740 2619 amittas,
1765 2593 1822 2613 1100
1848 2583 1881 2612 111

1182 2626 1367 2656 verecundia
1402 2626 1485 2666 quod
1518 2625 1660 2665 inquines
1697 2625 1770 2661 xxii,
1801 2629 1832 2661 1,
1861 2628 1880 2657 7

1183 2669 1293 2698 habere
1318 2668 1381 2708 pari
1405 2678 1478 2698 01113
1502 2678 1602 2698 servos
1628 2678 1664 2697 ac
1693 2668 1802 2698 liberos
1827 2667 1882 2704 xli,

1183 2714 1215 2747 2,
1231 2715 1249 2741 5
1274 2711 1423 2741 incertum
1438 2715 1537 2740 utrum
1562 2711 1790 2740 munimentum
1808 2709 1880 2746 loci,

1184 2763 1224 2783 an
1250 2753 1394 2794 majestas
1418 2752 1482 2783 Dei
1505 2753 1574 2792 plus
1600 2753 1649 2783 hic
1673 2752 1881 2782 admirationis

1183 2796 1296 2825 habeat
1317 2795 1397 2831 xxiV,
1410 2799 1442 2832 6,
1458 2798 1476 2827 7
1500 2796 1593 2825 habet
1607 2799 1708 2825 statua
1723 2795 1791 2843 p-lus
1804 2805 1882 2836 prae-

1185 2838 1233 2868 dae
1261 2838 1292 2867 in
1322 2839 1458 2879 pondere
1483 2848 1576 2878 quam
1604 2839 1637 2868 in
1663 2837 1767 2878 specie
1801 2837 1882 2873 xxiv,

1186 2882 1271 2916 7,10
1293 2881 1386 2910 habet
1396 2881 1456 2911 hoc
1468 2879 1629 2921 plurimum
1642 2879 1789 2910 1110010110
1801 2889 1882 2916 xxxi,

1186 2926 1252 2959 5,5
1289 2923 1417 2953 habetur
1442 2923 1573 2963 benigne
1599 2927 1631 2952 et
1652 2922 1742 2962 juxta
1764 2921 1881 2953 cultum

1186 2965 1322 3007 pristinae
1336 2966 1466 2996 fortunae
1488 2965 1588 3003 xxxvi,
1605 2968 1636 3003 l,
1651 2968 1671 2997 6
1698 2965 1827 2996 habetur
1848 2964 1882 2995 id
