2174 3424
481 333 566 376 792

478 439 576 467 veret
602 436 751 477 conjux:
784 446 858 478 quae
882 437 1039 470 Damasci
1071 443 1172 479 capta

477 493 557 516 ante
568 486 702 526 nuptias
714 488 991 519 consuetudinem
1004 498 1080 520 cum
1094 499 1173 530 rege

477 537 608 568 habuit.
651 537 730 568 vid.
767 538 875 568 Notas
910 539 1093 570 Blancardi
1129 539 1171 570 ad

479 587 617 618 lib.vn.
642 586 791 618 Arriani.
821 588 892 619 Vor.

521 638 570 677 §3
595 637 623 667 A
639 637 713 677 qua]
738 638 776 669 F.
789 648 805 668 e
819 649 847 678 q.
864 639 969 672 Gron.

521 689 574 728 §6
600 687 714 717 Oen-ios
737 698 805 719 cum
829 689 1031 730 infulis,&c.]
1056 689 1170 730 Regiae

477 737 654 779 dignitatis
678 739 875 780 insignibus.
920 741 975 771 Ita
1000 741 1110 772 Pollio
1135 742 1170 772 in

478 789 643 820 Gallienis
657 789 786 820 duobus
801 800 877 830 cap.
895 794 943 822 10.
967 792 976 808 ‘
993 791 1170 822 Odenatus

476 848 537 869 rex
550 838 696 869 obtinuit
705 840 809 870 totius
817 840 969 871 Orientis
980 841 1170 881 imperium,

476 889 564 929 quod
581 899 616 919 se
630 888 774 920 fortibus
789 889 888 921 factis
913 890 1047 930 dignum
1065 896 1169 922 tantae

476 940 659 980 majestatis
673 939 787 970 infulis
804 940 1012 971 declaravit.’
1056 940 1169 979 Infuloe

476 989 613 1029 proprie
639 989 772 1030 quidem
801 990 1046 1028 sacerdotibus,
1072 991 1168 1021 victi-

474 1040 549 1078 πιίε,
561 1039 726 1080 rebusque
737 1040 840 1070 sacris
854 1039 1056 1079 tribuuntur,
1068 1050 1169 1080 quan-

475 1099 572 1130 quam
590 1093 625 1120 et
648 1099 763 1129 regum
787 1098 929 1130 persona
952 1100 1046 1120 sacra
1068 1091 1168 1121 habe.-

475 1144 551 1170 tur:
577 1144 613 1170 et
629 1140 775 1180 alioquin
803 1141 902 1170 etiam
932 1150 973 1171 ea
988 1150 1052 1171 vox
1069 1150 1168 1181 gene-

475 1189 577 1219 ralius
594 1189 767 1229 accipitur.
813 1190 861 1220 Ut
877 1199 929 1230 ap.
947 1191 1120 1230 Spartian.
1135 1191 1168 1221 in

474 1237 624 1269 Adriano
641 1242 754 1278 cap.6.
777 1238 915 1270 ‘infulis
927 1246 1063 1271 ornatus
1080 1241 1168 1271 Pan-

474 1288 608 1323 noniae,’
633 1289 665 1319 h.
682 1298 712 1319 e.
729 1289 828 1319 titulo
846 1288 1060 1328 praefecturae
1079 1291 1168 1320 Pan-

473 1339 614 1369 nonic‘ae.
658 1340 736 1369 Sen.
749 1339 790 1369 ad
805 1338 904 1369 Helv.
919 1342 969 1369 13.
993 1341 1002 1356 ‘
1017 1340 1078 1370 Vir
1092 1349 1168 1370 con-

472 1393 564 1419 stans
595 1389 683 1428 ipsas
710 1388 860 1418 miserias
889 1387 1068 1419 infularum
1093 1389 1168 1420 loco

472 1439 597 1470 habet.’
649 1440 694 1469 Et
721 1440 785 1479 Ep.
802 1442 853 1471 14.
889 1440 898 1456 ‘
915 1440 1037 1471 Literae
1066 1441 1167 1471 etiam

475 1489 565 1530 apud
600 1489 820 1520 mediocriter
849 1490 953 1520 malos
986 1489 1167 1520 infularum

473 1541 549 1571 loco
567 1539 667 1580 sunt,’
684 1540 716 1570 h.
733 1549 764 1570 e.
778 1540 964 1580 diguitatis.
1003 1541 1166 1573 Quaedam

473 1589 551 1621 edd.
568 1599 632 1619 non
651 1590 735 1619 bene
750 1599 817 1620 cum
831 1588 952 1626 infulis.
995 1591 1004 1607 ‘
1022 1590 1142 1621 Iut'ulae
1157 1591 1165 1604 ’

472 1640 662 1680 supplicum
678 1640 811 1680 insigne
825 1645 903 1671 sunt
919 1650 974 1680 ap.
993 1641 1066 1672 Liv.
1085 1650 1166 1673 XLV.

471 1693 522 1721 26.
533 1693 564 1721 2.
585 1690 678 1721 Eaed.
694 1690 849 1721 dicuutur
864 1691 872 1707 ‘
885 1691 1076 1721 velamenta
1089 1701 1166 1731 sup-

475 1740 624 1781 plicum'
648 1741 767 1772 Curtio
795 1750 859 1771 vu.
882 1745 911 1772 5.
931 1744 983 1772 51.
1013 1742 1100 1773 Caes.
1126 1743 1166 1774 B.

473 1791 511 1821 C.
527 1799 567 1822 11.
590 1793 641 1821 12.
664 1799 726 1821 nec
743 1790 807 1821 alio
825 1799 924 1821 sensu
948 1791 1165 1831 accipiendus

471 1842 505 1871 h.
524 1842 544 1872 1.
568 1841 733 1873 Justinus.
757 1841 900 1873 Freinsh.
945 1842 1036 1872 Puto
1060 1842 1166 1882 respi-

472 1900 551 1922 cere
565 1891 735 1923 Justinum
752 1891 793 1921 ad
814 1891 1061 1922 memorabilem
1078 1893 1167 1922 illam

470 1941 656 1980 historiam,
683 1951 780 1981 quam
797 1941 965 1981 Josephus
986 1942 1028 1972 de
1044 1941 1168 1982 Jaddo,

472 2001 599 2022 summo
614 1991 808 2023 Judaeorum
835 1991 1026 2031 sacerdote,
1041 1998 1166 2023 narrat.

473 2042 552 2073 vid.
569 2051 643 2072 eum
662 2050 714 2071 xr.
731 2040 848 2081 Antiq.
866 2043 896 2071 8.
925 2041 1010 2072 Voss.
1054 2042 1166 2073 ‘Infu-

476 2093 520 2124 1ae
537 2092 546 2106 ’
558 2092 686 2123 hicnon
700 2092 843 2132 insignia
855 2091 1028 2131 dignitatis
1043 2094 1164 2132 regiae;

472 2144 531 2175 sed
549 2143 693 2184 insignia
719 2143 908 2183 supplicum
932 2148 1021 2182 sunt,
1043 2145 1163 2175 velatis

471 2195 625 2227 manibus
655 2194 840 2226 orantium:
874 2194 962 2225 unde
988 2199 1022 2225 et
1054 2195 1164 2226 ‘vela-

472 2250 587 2277 menta
613 2243 823 2284 supplicum'
848 2243 888 2274 ab
905 2244 1096 2275 auctoribus
1118 2245 1164 2275 di-

472 2300 614 2327 cuntur:
643 2295 781 2335 ipsaque
808 2293 972 2324 vocabula
996 2294 1164 2332 insularum

471 2353 507 2379 et
529 2347 762 2378 velamentorum
784 2345 887 2376 etiam
913 2346 1093 2386 conjuncta
1114 2355 1164 2376 re-

472 2398 663 2438 periuntur.
707 2396 780 2427 Liv.
801 2404 947 2427 xxxvii.
972 2396 1162 2435 ‘Teii,cum

471 2448 506 2478 in
536 2447 641 2478 oculis
671 2446 844 2487 populatio
880 2451 983 2483 esset,
1012 2452 1162 2478 oratores

470 2507 546 2528 cum
583 2496 697 2527 infulis
731 2500 766 2526 et
796 2495 994 2526 velamentis
1025 2495 1067 2526 ad
1098 2497 1163 2527 Ro-

470 2558 605 2580 manum
631 2546 816 2578 miserunt!
857 2548 935 2578 Tac.
953 2555 978 2578 1.
1006 2547 1051 2578 H.
1075 2548 1164 2578 ‘Ve-

472 2600 618 2629 lamenta
631 2602 665 2629 et
677 2596 799 2628 infulas
810 2596 1055 2637 praeferentes!
1080 2599 1165 2629 Rur-

471 2659 525 2679 sus
549 2649 621 2679 Liv.
645 2656 727 2678 xnv.
752 2650 804 2678 26.
827 2648 933 2678 ‘'l'ota
949 2648 1163 2679 multitudine

471 2709 546 2730 cum
574 2697 689 2729 infulis
718 2697 849 2728 obviam
878 2696 1005 2728 effusa!
1050 2698 1164 2735 Infulae

471 2749 681 2780 victimarum
697 2747 813 2778 itidem
841 2748 1033 2779 velamenta
1056 2748 1164 2788 fuere,

472 2804 511 2829 ut
527 2798 579 2828 vel
604 2807 646 2828 ex
673 2797 723 2827 his
751 2797 912 2828 Varronis
939 2807 987 2828 u.
1011 2799 1053 2829 de
1071 2800 1107 2829 L.
1125 2800 1163 2830 L.

472 2854 630 2889 apparet:
653 2847 801 2880 ‘Insulas
827 2848 935 2880 dictas
962 2855 1104 2890 apparet
1129 2850 1162 2881 in

944 345 1085 376 NO'I'AE
1118 346 1179 376 vA
1190 347 1380 378 RIORUM
1414 347 1465 378 IN

1223 440 1351 479 hostiis,
1366 440 1454 482 quod
1477 441 1668 472 velamenta
1684 451 1702 472 e
1718 441 1819 472 lana.’
1845 441 1918 473 νον.

1225 489 1328 520 Hunc
1342 490 1363 521 1.
1376 491 1524 523 illustrat
1537 491 1631 523 Avus
1647 491 1733 523 Obs.
1747 492 1779 522 in
1793 492 1918 533 Script.

1223 540 1354 570 Eccles.
1368 543 1399 571 6.

1266 590 1318 629 §8
1342 590 1574 630 Abdalom‘mus]
1610 592 1711 623 Diod.
1746 600 1836 622 xvu.
1861 593 1917 623 46.

1221 638 1426 678 Βαλλώνυμον
1451 646 1563 679 vocat,
1593 651 1656 671 non
1687 641 1830 681 Sidonis,
1856 641 1917 672 sed

1220 688 1301 728 Tyri
1318 698 1429 729 regem
1446 691 1677 723 constitutum.
1723 692 1802 723 Vid.
1819 692 1916 723 Curt.

1221 747 1271 770 1v.
1289 741 1319 769 l.
1342 742 1394 771 28.
1420 740 1511 771 Vett.
1535 742 1641 772 nostri
1665 741 1749 772 mire
1773 741 1916 773 variant.

1221 788 1326 827 Bong.

1261 838 1411 879 Sidoniae]
1449 839 1551 879 Puta,
1586 840 1690 871 urbis.
1744 840 1916 871 Sidoniam

1219 888 1336 919 urbem
1367 889 1453 920 dixit
1480 890 1582 920 etiam
1609 891 1782 930 Virgilius.
1828 891 1917 923 Quia

1219 942 1332 968 tamen
1350 939 1434 970 Mss.
1451 939 1578 971 habent
1594 940 1710 971 Sidona
1724 941 1774 971 vel
1789 941 1917 980 Sidone,

1226 989 1457 1029 cogitandum,
1470 1000 1510 1020 an
1527 1000 1591 1021 non
1608 992 1654 1030 id,
1669 991 1755 1031 quod
1773 991 1846 1021 aliis
1864 995 1918 1022 est

1221 1040 1340 1080 Sidon,
1355 1042 1590 1072 terminatione
1610 1042 1725 1072 Latina
1742 1042 1914 1072 nominare

1219 1091 1363 1121 voluerit
1393 1091 1550 1122 Sidenum.
1597 1092 1808 1132 Quanquam,
1838 1102 1914 1122 cum

1219 1140 1290 1179 ipse
1307 1141 1436 1171 Noster
1450 1150 1553 1172 xv111.
1568 1143 1598 1172 3.
1615 1141 1764 1171 nominet
1788 1141 1917 1180 Sidona,

1218 1200 1286 1220 non
1311 1191 1471 1230 Sidenum,
1495 1196 1553 1222 aut
1579 1191 1752 1231 Sidoniam,
1777 1191 1802 1222 f.
1829 1192 1915 1232 opti-

1218 1250 1308 1270 mum
1321 1240 1363 1270 sit
1380 1241 1433 1271 hic
1446 1241 1547 1271 etiam
1560 1241 1672 1281 legere
1687 1250 1753 1272 non
1763 1242 1915 1280 Sidonioe,

1219 1289 1277 1319 sed
1293 1288 1428 1319 Sidoni&
1451 1289 1562 1320 Schef.

1261 1340 1314 1378 §9
1339 1338 1502 1378 Oblocare]
1550 1339 1711 1379 Impressi
1747 1339 1914 1380 quondam

1218 1389 1407 1420 habuerunt
1430 1390 1578 1428 ablocme,
1606 1390 1693 1430 quod
1721 1396 1772 1421 est
1787 1391 1914 1421 rectius

1218 1440 1373 1480 opinione
1399 1449 1483 1471 mea.
1530 1439 1618 1470 Nam
1649 1440 1843 1472 ‘ablocare'
1873 1451 1912 1472 ac

1217 1491 1373 1521 ‘elocare
1388 1489 1396 1502 ’
1420 1490 1519 1520 idem.
1571 1489 1722 1520 Ablocare
1746 1499 1845 1522 sensu
1872 1491 1916 1521 si-

1217 1541 1287 1572 mili
1311 1540 1487 1580 usurpavit
1509 1540 1605 1570 Suet.
1634 1540 1750 1570 Vitell.
1765 1543 1796 1571 7.
1819 1540 1915 1570 ‘Do-

1216 1601 1306 1622 mum
1323 1591 1356 1621 in
1381 1590 1544 1632 reliquam
1569 1589 1645 1620 anni
1669 1594 1802 1630 partem
1824 1590 1915 1621 ablo-

1217 1641 1335 1672 caret!
1357 1642 1408 1672 Id.

1259 1692 1376 1723 Misere
1398 1692 1496 1722 vitam
1516 1690 1722 1731 exhibentem]
1744 1690 1913 1722 Putabam

1215 1742 1403 1782 exigentem,
1427 1743 1484 1772 sed
1504 1742 1567 1772 hoc
1590 1748 1719 1772 rectum
1745 1746 1810 1772 est.
1854 1742 1911 1773 Ita

1218 1794 1344 1824 Noster
1363 1801 1454 1823 xxn.
1473 1795 1504 1823 l.
1520 1795 1550 1823 3.
1575 1795 1584 1809 ‘
1597 1792 1712 1822 Vitam
1730 1792 1838 1832 stupri
1855 1802 1913 1832 pa.

1218 1843 1337 1874 tientia
1353 1843 1507 1874 exhibuit
1520 1842 1541 1874 :‘
1568 1842 1644 1873 add.
1661 1847 1772 1873 notam
1800 1842 1840 1872 ad
1858 1852 1911 1874 lx.

1217 1895 1249 1924 2.
1276 1896 1308 1924 7.
1347 1894 1478 1924 Bernec.
1524 1901 1616 1923 xxii.
1645 1896 1675 1923 l.
1705 1895 1736 1923 3.
1770 1892 1911 1923 ‘Vitam

1218 1943 1350 1984 stupri,'
1364 1946 1427 1974 διο.
1468 1944 1519 1976 Ex
1532 1953 1597 1984 quo
1611 1946 1769 1983 apparet,
1785 1943 1795 1959 ‘
1809 1943 1910 1974 vitam

1216 1993 1404 2037 exhibere'
1444 1993 1488 2024 id.
1517 2003 1590 2024 esse
1621 1992 1722 2034 quod,
1752 1994 1913 2033 tolerare,

1217 2043 1431 2074 sustentare!
1465 2045 1538 2075 Nec
1555 2048 1684 2074 tantum
1701 2044 1819 2075 dicunt
1841 2044 1850 2061 ‘
1864 2044 1911 2074 vi-

1217 2099 1284 2124 tam
1307 2094 1467 2125 exhibere
1481 2096 1501 2131 ς’
1524 2093 1584 2124 sed
1599 2097 1635 2124 et
1657 2093 1836 2124 ‘exhibere
1853 2094 1912 2123 ali-

1217 2144 1339 2185 quem,’
1373 2153 1446 2185 pro,
1486 2145 1645 2183 tolerare,
1681 2145 1783 2175 alere.
1828 2143 1908 2175 vid.

1216 2196 1300 2226 Not.
1314 2194 1355 2225 ad
1371 2203 1422 2225 lx.
1438 2197 1468 2225 2.
1482 2197 1511 2226 7.
1541 2195 1614 2225 Vor.

1258 2246 1332 2285 §10
1370 2245 1521 2275 Coronam
1549 2244 1689 2285 auream]
1722 2243 1908 2275 Athenaeus

1217 2302 1283 2324 ΧΠ.
1305 2303 1346 2324 ex
1364 2294 1509 2325 Charete
1525 2292 1641 2332 refert,
1663 2294 1670 2308 ‘
1683 2298 1761 2333 post
1783 2293 1909 2324 victum

1215 2344 1368 2384 Darium,
1394 2344 1509 2375 missas
1548 2343 1741 2374 Alexandro
1769 2352 1911 2374 coronas

1216 2394 1338 2434 partim
1370 2403 1389 2424 a
1415 2393 1537 2433 legatis
1567 2393 1730 2433 gentium,
1759 2392 1912 2433 aliisque,

1216 2444 1398 2474 aestimatas
1412 2443 1528 2474 decem
1541 2443 1686 2473 millibus
1699 2452 1737 2474 ac
1751 2443 1912 2483 quingen-

1217 2494 1260 2525 tis
1286 2493 1446 2525 talentis.'
1492 2493 1603 2525 Obvia
1630 2493 1711 2524 talia
1737 2493 1909 2533 gratulati-

1215 2544 1287 2574 onis
1324 2543 1482 2582 exempla
1519 2547 1598 2573 sunt
1627 2547 1662 2572 et
1690 2542 1724 2573 in
1761 2543 1909 2573 Romana

1215 2594 1369 2625 historia.
1414 2593 1509 2624 Utin
1526 2593 1600 2624 Liv.
1618 2601 1782 2623 xxxvm.
1805 2594 1857 2623 37.
1873 2594 1906 2622 4.

1216 2654 1290 2676 cum
1307 2645 1367 2675 Cu.
1383 2644 1530 2674 Manlius
1551 2643 1785 2683 Gallograecos
1812 2641 1909 2673 vicis-

1215 2700 1278 2733 set,
1295 2703 1400 2735 eoque
1424 2699 1554 2724 terrore
1577 2692 1691 2723 Asiam
1708 2692 1906 2723 liberasset:

1215 2747 1224 2762 ‘
1239 2745 1351 2775 Missae
1374 2743 1518 2784 undique
1546 2742 1732 2784 legationes
1748 2752 1814 2773 non
1831 2752 1908 2782 gra-

1214 2796 1353 2826 tulatum
1370 2794 1468 2825 modo
1485 2798 1668 2824 venerunt:
1692 2793 1750 2823 sed
1765 2802 1906 2824 coronas

1214 2848 1317 2879 etiam
1342 2856 1460 2878 aureas
1477 2856 1538 2888 pro
1563 2846 1630 2877 suis
1648 2855 1786 2887 quaeque
1803 2844 1908 2876 facul-
