2101 3419
401 328 485 369 864

400 432 475 471 mit,
492 441 596 462 annos
613 435 728 462 natum
755 430 979 461 ἑπτακαίδεκαε
996 430 1102 462 Diod.

403 492 468 515 xx.
485 485 536 513 20.
553 486 588 513 et
601 484 654 513 28.
667 481 835 522 quomodo
851 482 902 512 liic
915 481 1101 522 reponend.

400 533 560 564 arbitror.
603 533 682 565 Jam
712 532 801 563 enim
829 542 935 563 annos
964 531 1104 572 quinde-

401 583 467 615 cim
484 583 634 614 desierat
647 591 720 613 esse
732 582 930 613 Alexander
943 582 994 613 M.
1009 585 1045 612 et
1060 591 1101 612 ex

401 644 498 666 xvn.
519 635 665 676 quinarii
688 639 768 665 nota
789 634 876 664 male
895 634 1028 674 juncta,
1045 636 1104 663 aut

400 685 613 725 negligenter
638 694 814 725 expressa,
844 684 909 714 levi
934 692 1048 713 errore
1065 681 1104 712 fit

403 744 485 766 xm.
515 735 618 765 Paus.
648 735 683 765 in
714 734 827 764 Boeot.
858 733 1043 764 Herculem
1069 736 1105 762 et

402 784 648 824 Alexandrum,
679 783 866 814 Alexandri
890 783 938 814 M.
964 782 1062 821 filios,
1085 792 1106 813 a

403 834 596 866 Cassandro
631 843 762 865 veneno
800 833 948 864 sublatos
985 833 1105 864 refert.

403 886 510 925 Bong.

448 935 558 967 Occidi
573 946 641 966 eum
662 935 756 966 tacite
771 946 839 966 cum
855 938 954 965 matre
970 934 1106 965 Barsine

394 986 504 1027 jubet]
541 987 641 1018 Alter
667 985 852 1017 Alexandri
880 986 929 1016 M.
950 985 1051 1024 filius,
1071 989 1107 1015 et

402 1037 476 1077 ipse
494 1036 702 1076 Alexander,
728 1040 766 1066 nt
793 1045 869 1066 cum
890 1040 998 1066 matre
1016 1035 1107 1065 Rox-

403 1097 466 1118 ane
485 1087 764 1125 obtruncaretur,
788 1086 941 1118 Glauciae
964 1084 1106 1126 praefec-

402 1141 439 1168 to
463 1137 625 1168 custodiae
642 1137 834 1168 Cassander
852 1136 1047 1176 imperavit,
1070 1140 1107 1166 ut

404 1197 446 1218 ex
475 1187 576 1218 Diod.
605 1196 684 1218 mx.
712 1190 786 1218 105.
808 1186 897 1217 scire
923 1187 1012 1217 licet.
1059 1185 1108 1216 At

406 1237 590 1268 Herculem
616 1247 691 1268 cum
712 1241 821 1267 matre
836 1237 978 1267 Barsine
996 1236 1107 1266 occidi

400 1287 524 1328 jubere
541 1297 606 1318 non
624 1287 757 1328 potuit3
780 1286 852 1325 sed,
864 1291 901 1317 ut
917 1287 980 1317 hoc
998 1286 1109 1326 fieret,

404 1338 498 1379 prius
524 1338 655 1378 maguis
683 1337 989 1377 pollicitationibus
1006 1337 1109 1377 Poly-

405 1388 641 1428 perchontem,
667 1387 725 1428 qui
756 1387 942 1418 Herculem
971 1388 1005 1418 in
1038 1397 1109 1426 reg-

406 1447 486 1468 num
503 1437 716 1469 Macedoniae
734 1437 914 1468 restituere
936 1437 1108 1475 studebat,

405 1488 575 1519 solicitam
594 1493 696 1529 atque
720 1486 880 1518 inducere
902 1487 1109 1518 necesseha-

405 1538 498 1569 buit:
528 1544 565 1570 ut
590 1549 631 1569 ex
657 1537 759 1569 Diod.
786 1546 849 1569 xx.
871 1541 925 1570 28.
954 1543 1109 1569 constare

406 1593 535 1630 potest.
564 1589 636 1620 Vor.

453 1640 560 1670 Caedes
586 1640 741 1680 sepultura
765 1638 960 1680 proderetur]
998 1638 1110 1669 Haesit

407 1691 460 1722 hic
478 1701 566 1732 aqua
582 1691 766 1731 Glareano,
781 1691 840 1722 sed
858 1701 918 1732 per
938 1693 946 1708 ‘
961 1691 1111 1730 sepultu-

408 1741 496 1772 ram'
513 1742 567 1772 hic
579 1742 780 1782 intelligitur
791 1742 922 1772 exustio
937 1740 1111 1771 cadaveris

409 1793 442 1822 in
461 1801 555 1831 rogo,
578 1796 614 1822 ut
633 1792 782 1831 pluribus
800 1792 948 1822 ostendit
964 1791 1112 1831 ampliss.

412 1847 447 1872 et
468 1841 601 1872 clariss.
627 1842 752 1882 Cuper.
781 1842 865 1872 Obs.
892 1850 916 1872 1.
945 1844 976 1871 7.
1004 1842 1111 1871 Groev.

453 1893 471 1932 ς
494 1895 512 1922 5
536 1891 680 1922 Alterum
692 1892 919 1932 quwuefilium
932 1902 1001 1921 cum
1014 1895 1113 1921 nzulre

410 1942 556 1981 Roxane]
580 1943 720 1972 Factum
738 1942 882 1982 liocjam
897 1947 974 1972 ante
989 1941 1114 1979 fuerat,

409 1998 448 2023 ut
470 2002 512 2023 ex
528 1992 614 2023 serie
633 1992 796 2031 historiae,
822 2002 921 2032 quum
946 1990 1044 2021 modo
1070 2001 1111 2021 ex

411 2042 512 2073 Diod.
550 2041 770 2081 ostendimus,
803 2046 958 2072 constare
987 2045 1113 2081 potest.

416 2092 490 2123 Vor.

456 2144 474 2183 ξ
495 2145 515 2173 6
542 2142 779 2182 Navaliprcelio
793 2141 921 2181 iterato]
943 2141 1021 2172 Fuit
1035 2150 1115 2180 ergo

412 2198 447 2224 et
462 2193 614 2233 superius
633 2194 786 2234 proelium
805 2193 935 2223 navale.
984 2192 1029 2223 At
1053 2193 1114 2222 lioc

414 2245 543 2275 Noster
566 2253 632 2274 non
668 2244 816 2282 dicebat,
844 2248 879 2274 et
908 2243 1115 2273 contrarium

412 2297 559 2325 testatur
590 2293 692 2325 Diod.
721 2303 799 2325 xix.
845 2294 1033 2333 Corruptus
1057 2293 1116 2331 igi-

413 2349 469 2374 tur
500 2344 594 2374 locus
618 2348 653 2374 et
683 2344 899 2375 distinctione
937 2343 1117 2380 sanandus,

411 2395 475 2425 hoc
494 2393 613 2425 modo:
636 2395 756 2434 praelio,
777 2395 889 2436 iterato
906 2393 1116 2432 congreditur.

414 2445 423 2462 ‘
438 2444 586 2476 lterato’
615 2454 680 2474 non
695 2445 735 2475 ad
760 2447 768 2462 ‘
784 2445 920 2484 pra-lios
942 2444 999 2474 sed
1018 2444 1026 2460 ‘
1039 2453 1118 2474 con-

414 2494 586 2534 greditur'
619 2493 849 2525 referendum.
907 2496 968 2525 Est
1004 2498 1117 2524 autem

415 2545 563 2575 ‘iterato
587 2545 773 2584 congredi,’
799 2544 949 2575 secunda
969 2544 1055 2581 vice,
1073 2544 1119 2573 al-

419 2602 493 2627 tero
507 2596 624 2636 prcelio
641 2605 805 2636 pugnare.
852 2596 907 2626 Ita
924 2604 1015 2635 saepe
1035 2595 1120 2626 Nos-

418 2650 482 2683 ter,
506 2647 543 2676 ut
561 2655 596 2676 v.
614 2648 644 2677 4.
674 2648 682 2662 ‘
698 2647 781 2676 Cum
807 2646 932 2676 bellum
960 2645 1119 2676 Lacedoe-

417 2696 517 2726 monii
534 2705 553 2726 a
569 2696 651 2726 mari
669 2696 702 2726 in
721 2701 843 2726 terram
857 2696 1122 2735 transtulissent,

418 2746 545 2776 iterato
561 2746 763 2777 vincuntur.’
787 2745 892 2783 Sclu’s.

465 2796 587 2827 Amissa
601 2796 709 2836 classe]
736 2797 830 2828 Plut.
846 2797 877 2827 in
898 2797 1052 2828 Demetr.
1069 2798 1119 2828 18.

422 2846 522 2877 Diod.
542 2856 606 2878 xx.
624 2850 676 2877 50.
695 2852 728 2878 et
746 2857 839 2888 seqq.
864 2848 968 2886 Bong.

464 2899 480 2936 ᾗ
504 2900 522 2927 7
548 2898 758 2939 Ρὶιίαηι,ᾃ·ε.]
789 2899 973 2931 Athcnaeus
992 2907 1072 2931 xm.
1090 2902 1119 2930 5.

856 336 997 365 NOTAE
1034 335 1294 366 VARIORUM
1329 335 1381 365 IN

1155 440 1187 471 p.
1203 433 1276 462 576.
1296 428 1380 467 Αὕτη
1395 429 1415 467 ἡ
1430 428 1502 460 Θαῒς
1518 428 1569 460 καὶ
1583 427 1662 467 μετὰ
1676 427 1731 458 τὸν
1748 427 1854 466 Ἀλεξ-

1155 480 1262 522 άνδρου
1285 480 1414 512 θάνατον
1442 479 1492 511 καὶ
1514 477 1695 517 Πτολεμαίῳ
1719 476 1854 516 ἐγαμήθη

1154 533 1197 570 τῷ
1225 531 1332 573 πρώτῳ
1360 529 1584 567 βασιλεύσαντι
1609 527 1778 568 Αἰγύπτου,
1804 527 1856 558 καὶ

1156 581 1320 622 ἐγέννησεν
1345 582 1426 620 αὐτῷ
1450 580 1559 612 τέκνον
1592 577 1776 610 Λεοντίσκον
1804 577 1856 609 καὶ

1155 632 1272 673 Λάγον,
1289 630 1441 673 θυγατέρα
1456 631 1488 662 δὲ
1504 630 1642 671 Εἰρήνην.

1199 685 1216 724 §
1241 686 1260 714 8
1285 684 1329 714 Et
1350 686 1383 713 ut
1413 681 1591 723 appareret]
1629 681 1712 712 Mss.
1736 682 1766 710 et
1790 688 1857 710 non

1156 738 1351 773 agnoscunt.
1395 733 1463 763 Sed
1480 737 1516 763 et
1532 733 1563 762 in
1579 731 1702 763 ceteris
1716 730 1857 761 distinc-

1156 785 1203 814 tio
1219 785 1353 816 videtnr
1366 795 1483 826 parum
1499 790 1590 826 apta.
1635 785 1766 816 Vellem
1781 793 1857 814 eam

1156 834 1231 866 fieri
1247 835 1309 865 hoc
1325 835 1445 867 niodo:
1473 838 1647 876 AEgyplum
1663 833 1810 872 remittit,
1825 835 1858 863 ut

1156 888 1331 925 appareret,
1358 895 1407 916 eos
1432 896 1493 917 non
1516 886 1597 925 odio,
1619 886 1672 916 sed
1691 883 1860 923 dignitatis

1154 935 1259 973 gloria
1290 945 1439 966 accensos.
1485 936 1588 966 Donis
1623 933 1858 972 muneribusque

1156 985 1241 1016 inter
1255 986 1322 1026 ipsa
1339 986 1414 1017 bella
1441 985 1675 1025 contendebant,
1696 987 1783 1016 tanto
1805 984 1858 1014 Ιιο-

1156 1036 1285 1075 nestz‘us,
1302 1038 1354 1076 sse.
1378 1036 1494 1068 Schef.

1202 1087 1218 1126 ξ
1242 1089 1262 1116 9
1288 1087 1386 1117 Tanto
1401 1087 1556 1117 honestius
1571 1089 1654 1123 tunc,
1670 1085 1739 1125 tra]
1780 1085 1860 1126 Epi-

1159 1135 1327 1175 phonema
1344 1137 1448 1166 simile
1461 1146 1502 1167 11.
1519 1139 1569 1167 10.
1587 1139 1638 1167 11.
1661 1135 1759 1166 Bern.

1203 1187 1219 1226 ξ
1246 1188 1296 1217 10.
1315 1189 1368 1216 11.
1386 1186 1454 1225 12.]
1489 1185 1622 1216 Probus
1642 1185 1675 1215 in
1694 1186 1792 1216 Eum.
1805 1183 1862 1215 fin.

1159 1236 1167 1252 ‘
1183 1236 1293 1267 Nemo
1310 1237 1463 1267 Eumene
1489 1236 1564 1267 vivo
1586 1246 1646 1267 rex
1669 1235 1860 1277 appellatus

1160 1291 1224 1325 est,
1240 1286 1299 1317 sed
1317 1286 1524 1327 praefectus:
1552 1286 1653 1317 iidem
1671 1289 1747 1327 post
1761 1285 1861 1326 hujus

1159 1346 1318 1368 occasum
1345 1337 1460 1367 statim
1484 1337 1610 1376 regium
1631 1340 1788 1367 ornatum
1805 1345 1863 1366 no·

1159 1396 1305 1428 menque
1333 1386 1546 1418 sumserunt!
1592 1387 1674 1426 Leg.
1703 1387 1796 1417 Plut.
1827 1386 1862 1416 in

1160 1438 1318 1468 Demetr.
1347 1440 1400 1469 20.
1434 1437 1539 1467 Diod.
1566 1445 1630 1467 xx.
1653 1438 1706 1467 54.
1734 1439 1770 1467 et
1794 1434 1864 1476 Ap-

1161 1488 1252 1527 pian.
1283 1487 1412 1527 Syriae.
1450 1496 1484 1527 p.
1516 1489 1589 1517 122.
1620 1495 1663 1517 m.
1704 1486 1862 1524 Bongars.

1161 1538 1294 1569 Horum
1319 1537 1476 1577 exemplo
1500 1536 1707 1578 Agathocles
1724 1547 1759 1568 se
1782 1546 1865 1578 quo-

1161 1599 1225 1630 que
1258 1589 1346 1618 ultro
1378 1589 1506 1628 Regem
1544 1587 1744 1625 nominavit,
1775 1586 1864 1628 quod

1162 1640 1327 1679 potentiae
1353 1649 1422 1669 suae
1459 1643 1586 1678 praeter
1614 1647 1690 1668 eum
1726 1637 1864 1669 titulum

1162 1690 1243 1721 nihil
1271 1690 1388 1720 deesse
1405 1689 1562 1720 videret:
1588 1687 1692 1719 Diod.
1722 1697 1787 1719 xx.
1811 1691 1865 1720 55.

1162 1741 1196 1771 Is
1213 1741 1338 1781 quippe
1354 1740 1432 1780 jure
1459 1740 1609 1780 gentium
1627 1740 1702 1770 Rex
1725 1744 1789 1778 est,
1807 1738 1865 1780 qui

1164 1791 1373 1830 superiorem
1390 1800 1455 1821 non
1471 1790 1638 1830 agnoscit.
1685 1788 1785 1822 Quod
1807 1799 1865 1820 au-

1164 1846 1232 1872 tem
1255 1842 1333 1882 jure
1361 1842 1531 1872 communi
1562 1841 1708 1872 obtineri
1738 1845 1866 1880 potest,

1163 1891 1292 1922 frustra
1320 1892 1362 1923 ab
1394 1893 1459 1923 alio
1490 1893 1630 1932 petitur.
1677 1893 1776 1926 Quod
1808 1893 1866 1934 qui

1163 1942 1306 1982 faciunt,
1322 1943 1408 1973 male
1423 1944 1604 1974 consulunt
1621 1953 1688 1974 sum
1710 1944 1867 1984 majesta·

1166 1994 1203 2031 ti,
1233 1992 1411 2034 fascesque
1437 1994 1642 2024 submittunt
1670 1994 1788 2025 alienae
1808 2004 1866 2034 po-

1166 2044 1300 2081 tentiae,
1325 2048 1360 2074 ut
1383 2049 1527 2084 apparet
1552 2053 1594 2074 ex
1618 2044 1703 2074 Tac.
1725 2053 1763 2075 11.
1782 2046 1814 2075 2.
1830 2047 1867 2075 et

1168 2102 1219 2125 xi.
1234 2096 1284 2124 10.
1307 2097 1341 2123 et
1359 2102 1427 2123 xii.
1447 2095 1497 2125 14.
1527 2095 1623 2124 Rern.

1210 2145 1226 2183 ᾗ
1254 2147 1290 2173 15
1319 2144 1415 2183 Carpi
1427 2154 1458 2174 se
1470 2143 1625 2183 singulos]
1639 2143 1720 2175 vid.
1740 2144 1867 2175 Noram

1168 2195 1209 2226 ad
1229 2199 1355 2227 v111.l.
1372 2199 1403 2227 2.
1434 2197 1483 2228 Id.

1212 2246 1284 2275 Non
1296 2256 1450 2277 commune
1464 2247 1676 2278 universorum
1691 2246 1799 2278 bellum
1811 2247 1869 2277 du-

1167 2296 1255 2335 cunt]
1281 2296 1346 2326 llic
1370 2297 1513 2327 ‘bellum
1531 2296 1674 2327 ducere’
1706 2296 1870 2337 simplici-

1169 2351 1220 2376 ter
1236 2351 1287 2377 est
1304 2356 1378 2386 pro,
1395 2346 1520 2377 bellum
1538 2356 1677 2385 gerere:
1705 2351 1742 2377 ut
1763 2346 1795 2376 iu
1813 2346 1870 2376 illo

1169 2396 1446 2435 virgil.1x.]15n.
1469 2398 1560 2429 ‘Qui
1587 2397 1711 2427 bellum
1735 2396 1869 2427 assidue

1170 2445 1298 2476 ducunt
1322 2455 1396 2476 cum
1420 2451 1521 2486 gente
1546 2447 1693 2478 Latina.'
1737 2446 1816 2478 vid.
1834 2449 1872 2478 et

1169 2496 1321 2528 libellum
1340 2503 1489 2528 nostrum
1512 2497 1554 2528 de
1579 2498 1718 2529 Latinit.
1735 2496 1758 2528 f.
1776 2507 1870 2538 susp.

1174 2550 1227 2578 14.
1275 2548 1406 2587 Sarpius
1425 2552 1536 2577 tamen
1552 2547 1597 2578 id.
1615 2552 1667 2578 est
1684 2547 1790 2588 quod,
1803 2546 1872 2578 bel-

1171 2598 1236 2628 lum
1255 2597 1456 2635 extranei-<³3
1480 2603 1515 2628 et
1543 2597 1677 2638 quidem
1703 2607 1757 2637 ap.
1783 2596 1873 2636 opti-

1171 2657 1240 2678 mos
1259 2647 1451 2677 Latinitatis
1468 2651 1634 2678 auctores.
1664 2646 1764 2678 Vorst.
1804 2647 1872 2677 Ex·

1173 2698 1314 2738 plicant,
1355 2697 1479 2727 bellum
1519 2701 1652 2737 gerunt.
1706 2696 1755 2727 At
1792 2695 1873 2726 mihi

1171 2750 1180 2766 ‘
1196 2747 1338 2779 ducere’
1370 2747 1423 2778 liic
1448 2746 1494 2778 id.
1520 2747 1655 2777 videtur
1671 2756 1722 2785 ac,
1738 2750 1872 2786 putare,

1172 2799 1327 2831 credere.
1372 2799 1419 2829 Ut
1435 2798 1479 2829 sit
1495 2798 1683 2828 sententia:
1710 2798 1814 2838 Carpi
1830 2797 1872 2828 ab

1173 2848 1359 2889 Antigono,
1384 2848 1462 2889 quia
1484 2848 1605 2887 singuli
1623 2857 1803 2888 perperam
1818 2847 1875 2877 ha-

1174 2899 1274 2931 beant
1293 2908 1501 2940 pcrsuasum,
1516 2898 1652 2939 bellum,
1679 2898 1768 2940 quod
1786 2898 1873 2939 gerit
