2174 3424
535 317 620 357 656

537 431 658 461 magna
667 421 867 462 Scytharum
879 431 955 462 pars
969 422 1072 464 tergis
1083 422 1233 464 vulpium

536 471 686 502 induitur
702 481 740 503 ac
753 473 909 512 murium,
922 483 994 514 quae
1011 479 1106 505 tactu
1122 475 1236 505 mollia

537 526 573 552 et
588 521 864 561 impenetrabilia
880 524 988 554 ventis
1004 529 1080 555 sunt
1091 524 1113 555 ?’
1131 525 1237 556 Hinc·

538 581 603 611 qne
618 572 729 602 lucem
745 572 870 612 accipit
890 573 1069 604 Claudiani
1092 584 1138 605 vs.
1155 574 1211 604 ille
1226 584 1234 604 ε

538 623 547 638 ‘
560 622 678 652 Castra
689 632 808 654 cruore
822 627 953 663 natant,
966 624 1107 655 moritur
1121 625 1239 664 pellita

533 671 722 711 juventus)
756 673 964 704 Prudentius
987 678 1099 705 autem
1127 675 1239 714 hujus-

539 721 629 751 modi
646 721 780 761 pellitas
798 730 909 754 vestes
923 726 1091 754 mastrucas
1107 723 1241 755 videtur

540 782 679 811 vocare,
691 772 771 803 dum
786 773 843 805 lib.
859 782 898 804 11.
923 780 1032 806 contr.
1047 774 1240 815 Symmach.

542 823 590 853 sic
617 823 732 853 canit:
756 824 764 840 ‘
780 823 939 854 Tentavit
963 823 1105 855 Geticus
1132 834 1242 865 nuper

542 873 659 904 delere
683 877 846 914 tyrannus
874 873 1024 914 Italiam,
1050 874 1161 914 patrio
1187 884 1243 905 ve-

542 923 639 953 niens
663 923 799 963 juratus
830 923 872 954 ab
903 923 1008 962 Istro,
1043 923 1116 954 Has
1149 933 1243 954 arces

544 982 679 1013 aequare
695 973 776 1012 solo,
791 976 884 1004 tecta
899 982 1002 1003 aurea
1016 971 1157 1004 flammis
1172 974 1244 1004 Sol-

544 1031 637 1061 vere,
660 1022 838 1053 mastrucis
865 1032 1026 1063 proceres
1048 1024 1172 1055 vestire
1195 1027 1245 1054 to-

546 1075 662 1112 gatos.²
709 1073 829 1113 Neque
845 1072 936 1103 aliud
951 1073 1119 1104 intellexit
1132 1074 1246 1105 Caesar

548 1124 589 1154 B.
605 1124 648 1155 G.
664 1123 742 1154 dum
758 1123 869 1154 nescio
884 1133 965 1164 qnos
981 1124 1124 1164 populos
1144 1125 1153 1142 ‘
1172 1126 1247 1156 rhe-

546 1173 713 1205 nonibus’
752 1173 799 1204 ait
834 1174 952 1204 vestiri
986 1174 1115 1205 solitos.
1159 1174 1248 1205 Sunt

547 1225 637 1254 enim
654 1223 733 1254 ethi
751 1223 831 1254 nihil
846 1223 947 1262 aliud,
965 1233 1063 1264 quam
1079 1224 1247 1255 detractae

546 1268 629 1304 feris
646 1274 763 1314 pelles,
791 1278 828 1304 ut
852 1278 948 1304 recte
966 1273 1070 1304 tradit
1085 1273 1246 1304 Isidorus.

550 1324 639 1354 Mod.
665 1324 724 1354 Vir
740 1333 878 1363 magnus
893 1324 1022 1354 marinis
1043 1324 1095 1354 hic
1112 1323 1249 1364 legend.

550 1374 684 1412 suadet,
707 1384 783 1404 cum
800 1379 834 1404 et
851 1374 885 1404 in
900 1374 980 1405 Tac.
997 1374 1040 1405 G.
1056 1384 1086 1405 c.
1105 1377 1156 1404 17.
1182 1374 1248 1405 sit:

550 1425 559 1441 ‘
574 1425 625 1454 De
640 1424 783 1464 pellibus
797 1424 995 1462 belluarum,
1007 1433 1088 1465 quas
1101 1423 1251 1454 exterior

553 1474 710 1505 Oceanus
727 1475 858 1515 gignit.'
883 1475 946 1505 Vix
963 1475 1168 1514 persuadet:
1186 1484 1252 1504 ma-

552 1525 600 1563 gis
623 1524 797 1555 Turnebus
828 1524 913 1556 Adv.
936 1534 996 1556 xv.
1019 1527 1072 1556 23.
1095 1524 1105 1542 ‘
1122 1523 1252 1555 mures'

554 1574 709 1614 antiquos
726 1574 946 1613 intellexisse,
959 1584 1026 1605 non
1042 1579 1174 1605 tantuin
1196 1574 1254 1605 do·

553 1623 712 1654 mesticas
728 1623 802 1653 illas
824 1624 983 1654 bestiolas
1005 1624 1117 1655 omnia
1134 1623 1254 1655 roden-

555 1679 606 1704 tes
635 1683 674 1704 ac
705 1673 823 1712 penori
854 1672 990 1704 infestas
1007 1684 1014 1704 :
1045 1674 1104 1705 sed
1135 1678 1170 1705 et
1203 1674 1255 1704 sil-

554 1728 686 1755 vestres
706 1722 863 1765 ferasque
884 1724 1010 1754 bestias
1030 1724 1166 1755 minoris
1188 1723 1255 1755 for-

556 1783 619 1804 mae
637 1774 723 1813 pelle
739 1774 1041 1805 commendabiles:
1069 1784 1134 1815 quo
1150 1774 1182 1804 in
1200 1784 1256 1814 ge-

556 1834 636 1855 nere
654 1829 731 1854 suut
744 1829 868 1855 martes
882 1831 916 1856 et
931 1825 1136 1856 hermelinae.
1160 1825 1257 1856 Facit

557 1874 621 1904 huc
648 1874 729 1904 illud
755 1874 832 1904 Sen.
854 1875 919 1914 Ep.
946 1883 1002 1906 xc.
1027 1878 1079 1906 38.
1103 1876 1112 1892 ‘
1130 1875 1259 1915 Magna

556 1923 759 1962 Scytharum
779 1923 875 1962 pars'
891 1925 954 1955 Sec.
993 1923 1206 1963 Eginhardus
1225 1924 1258 1954 in

558 1975 630 2004 Vit.
649 1974 759 2004 Caroli
782 1974 830 2004 M.
855 1974 863 1991 ‘
883 1975 936 2004 Ex
963 1974 1104 2014 pellibus
1125 1974 1259 2005 lutrinis

559 2024 613 2054 vel
628 2023 765 2053 murinis
780 2024 918 2054 thorace
932 2024 1089 2055 confecto
1102 2025 1258 2056 humeros

561 2084 600 2104 ac
618 2074 853 2114 pectushieme
869 2074 1067 2105 muniebat.'
1093 2074 1259 2106 Ammian.

562 2126 714 2155 xxxl.3.
751 2124 883 2154 Hunnis
912 2125 990 2154 item
1017 2124 1258 2156 ‘indumenta'

563 2172 683 2203 tribuit
703 2172 711 2188 ‘
728 2182 771 2203 ex
796 2173 939 2213 pellibus
963 2174 1167 2205 silvestrium
1191 2185 1260 2206 mu-

563 2223 649 2253 rium
666 2224 907 2254 consarcinatis
922 2223 943 2255 :’
961 2225 1017 2254 ubi
1030 2225 1137 2255 Notas
1151 2226 1262 2256 erudi-

564 2272 711 2302 tissimas
734 2273 776 2304 V.
799 2282 828 2304 c.
856 2273 910 2304 Fr.
936 2274 1175 2314 Lindeubrogii
1191 2275 1260 2306 vid.

565 2322 724 2352 Ceterum
742 2321 783 2353 de
801 2323 952 2362 pelliceis
969 2325 1172 2363 tegumentis
1196 2325 1261 2356 huc

565 2372 777 2412 pertinentia
805 2374 918 2413 multa,
947 2383 1009 2404 nec
1040 2375 1264 2415 aspernanda,

566 2422 736 2461 congessit
771 2423 912 2454 Hieron.
947 2424 1080 2463 Magius
1114 2425 1262 2456 Miscell.

567 2480 622 2502 111.
640 2475 670 2503 7.
694 2472 877 2503 Berueccer.
924 2473 964 2503 In
987 2473 1142 2514 quibusd.
1164 2473 1264 2505 codd.

566 2521 690 2561 legitur
698 2521 810 2559 felinis
827 2532 888 2562 pro
896 2522 1022 2560 ferinis.
1066 2524 1187 2554 Totum
1210 2532 1264 2554 au·

568 2575 637 2601 tem
661 2571 692 2602 h.
717 2572 739 2602 l.
771 2573 817 2602 sic
840 2572 1032 2603 emendavit
1055 2573 1095 2603 cl.
1124 2573 1264 2604 Salmas.

570 2621 668 2652 Lnnoe
683 2621 724 2651 iis
745 2632 815 2652 usus
836 2622 916 2661 [ἃς.
932 2623 971 2653 V.
988 2623 1098 2663 supr.]
1124 2623 1265 2664 Scythas

569 2673 671 2710 enim,
694 2672 764 2703 sive
781 2673 939 2712 Parthos,
959 2674 1097 2704 murinis
1113 2674 1268 2714 pellibus,

568 2721 786 2752 conficiendis
801 2722 936 2761 tunicis,
948 2733 1023 2753 usos
1037 2723 1152 2762 fuisse,
1165 2727 1267 2754 testa-

570 2777 626 2801 tur
646 2771 790 2812 lIesych.
815 2771 913 2812 Σίμωρ
927 2772 1008 2811 παρὰ
1028 2770 1155 2812 Πάρθοις
1166 2773 1268 2803 καλεῖ·

571 2820 622 2850 ταί
641 2832 671 2849 τι
691 2821 764 2859 μυὸς
783 2821 888 2861 ἀγρίου
911 2820 1000 2862 εἶδος,
1024 2820 1059 2852 οὗ
1078 2823 1144 2854 ταῖς
1169 2824 1268 2863 δοραῖς

572 2873 703 2910 χρῶνται
738 2872 810 2911 πρὸς
838 2874 979 2911 χιτῶνας.
1024 2873 1267 2914 Hujuscemodi

997 329 1140 360 NOTAE
1174 330 1439 362 VARIORUM
1475 331 1525 362 IN

1285 425 1415 456 tunicas
1427 424 1560 464 μυωτοὺς
1575 425 1806 467 appellabant.
1829 426 1896 458 Sed
1911 436 1981 459 non

1285 485 1421 515 possum
1449 475 1504 507 hic
1529 476 1720 517 praeterire,
1742 487 1816 517 qnae
1846 477 1888 508 de
1917 477 1981 509 hoc

1285 526 1418 556 animali
1436 526 1477 557 ad
1492 536 1545 558 me
1563 527 1761 567 perscripsit
1784 527 1835 558 vir
1850 527 1982 558 divinus

1287 576 1329 607 cl.
1346 575 1538 609 Salmasius.
1562 577 1614 607 De
1630 577 1771 616 Simore,
1788 577 1910 618 inquit,
1926 587 1983 609 ve-

1287 634 1359 655 rum
1384 630 1448 664 est,
1473 625 1561 666 quod
1590 626 1652 656 tibi
1678 626 1711 656 in
1736 625 1892 656 familiari
1916 635 1986 656 ser-

1287 685 1386 706 mone
1402 675 1484 715 dixi,
1497 676 1664 717 hodieque
1680 686 1699 707 a
1714 676 1828 706 Persis
1843 676 1907 707 hoc
1929 685 1986 706 no-

1289 735 1366 756 men
1393 725 1466 757 dari
1492 726 1694 757 animalculo
1721 725 1855 757 cuidam
1881 734 1987 766 parvo

1830 774 1853 786 ψ

1291 824 1350 857 feli
1365 835 1431 857 non
1447 826 1610 857 dissimili.
1631 825 1883 863 Arabes25w
1906 824 1989 855 Sim-

1291 887 1370 917 mor,
1407 878 1503 917 cnjus
1534 878 1656 918 pellem
1691 876 1887 908 calidiorem
1916 885 1989 906 esse

1292 928 1427 967 corpori
1443 928 1597 967 humano,
1620 936 1717 968 quam
1741 925 1924 967 cujuslibet
1943 926 1989 956 al-

1294 978 1397 1009 terius
1413 978 1576 1016 animalis,
1589 977 1757 1016 scribunt,
1770 975 1830 1007 sed
1842 985 1904 1006 nec
1916 975 1991 1006 eod.

1295 1028 1393 1058 modo
1408 1028 1606 1068 praeparari.
1644 1028 1735 1058 Puto
1751 1036 1839 1065 esse,
1855 1030 1893 1057 ut
1907 1025 1990 1056 illud

1296 1078 1418 1109 animal
1433 1078 1643 1118 describunt,
1660 1087 1760 1119 quam
1773 1077 1922 1108 Martem
1939 1075 1995 1106 Zi-

1295 1127 1454 1158 bellinam
1472 1129 1570 1168 vulgo
1589 1128 1811 1168 appellamus,
1835 1125 1994 1166 Hungari

1297 1183 1333 1209 et
1348 1178 1482 1217 Poloni,
1506 1178 1736 1218 Germanique
1752 1176 1852 1215 Sobel,
1868 1175 1921 1205 vel
1937 1175 1996 1205 Zo-

1297 1228 1354 1258 bel.
1384 1228 1451 1259 Sed
1468 1233 1504 1259 ut
1518 1227 1578 1259 feli
1594 1228 1710 1259 similis
1726 1227 1770 1257 sit
1784 1227 1857 1257 haec
1873 1224 1996 1262 bestia,

1298 1287 1365 1308 non
1392 1278 1469 1309 ideo
1494 1282 1607 1309 tamen
1635 1276 1826 1308 admiserim
1852 1274 1999 1314 scriptu-

1299 1338 1383 1368 ram,
1398 1339 1498 1370 quam
1521 1329 1554 1359 in
1581 1328 1735 1370 quibusd.
1758 1327 1892 1367 scriptis
1915 1325 1996 1358 Jus-

1299 1378 1359 1409 tini
1375 1378 1626 1418 exemplaribus
1643 1377 1784 1418 reperiri
1808 1377 1870 1415 ais,
1887 1375 2000 1414 felinis

1299 1431 1354 1459 aut
1366 1428 1507 1459 murinis.
1551 1428 1636 1460 Quis
1651 1428 1738 1458 enim
1755 1436 1822 1457 non
1834 1424 1941 1464 videt,
1955 1423 1998 1454 ab

1301 1477 1460 1518 imperito
1475 1478 1586 1518 aliquo
1599 1487 1674 1508 esse
1687 1476 1929 1515 excogitatam,
1941 1473 1999 1515 qui

1301 1538 1377 1559 cum
1401 1528 1534 1559 videret
1558 1527 1694 1559 murinas
1716 1527 1763 1558 ibi
1780 1526 1874 1566 pelles
1895 1524 2001 1556 nomi-

1302 1579 1386 1618 nari,
1403 1579 1517 1609 statim
1533 1578 1666 1619 putavit
1674 1577 1793 1617 felinas
1808 1585 1869 1617 pro
1884 1574 2004 1614 ferinis

1303 1628 1478 1669 dicendas,
1502 1638 1584 1669 quas
1613 1627 1744 1658 Auctor
1765 1636 1832 1657 una
1857 1633 2003 1656 comme-

1304 1679 1473 1710 moraret?
1497 1678 1601 1720 Atqui
1618 1682 1748 1709 certum
1765 1681 1816 1707 est
1832 1679 1916 1707 vett.
1941 1676 2003 1706 La-

1305 1730 1392 1760 tinos
1418 1729 1559 1759 mnrium
1583 1728 1729 1767 nomine,
1759 1736 1835 1758 cum
1866 1725 2004 1757 murinas

1303 1780 1397 1820 pelles
1424 1778 1555 1816 dixere,
1586 1782 1622 1808 et
1658 1776 1741 1807 feles
1771 1776 1876 1816 ipsos,
1905 1783 2003 1806 omne

1307 1838 1413 1868 genus
1434 1827 1638 1858 domesticos
1659 1826 1828 1867 ferosque,
1851 1834 2005 1865 compre-

1307 1878 1474 1917 hendisse,
1496 1882 1531 1907 et
1557 1877 1686 1917 majora
1707 1875 1811 1907 etiam
1836 1874 2007 1914 animalia,

1308 1936 1449 1968 quorum
1479 1927 1586 1966 pelles
1611 1925 1651 1956 ad
1679 1925 1840 1956 vestitum
1865 1933 2006 1964 usurpa·

1308 1981 1436 2007 rentur.
1460 1976 1543 2007 Cum
1556 1976 1735 2016 pantheras
1745 1974 1885 2006 Romani
1895 1983 2007 2004 mures

1308 2026 1490 2057 Africanos
1528 2029 1706 2064 vocarunt,
1742 2034 1854 2055 nonne
1890 2032 2006 2054 earum

1310 2076 1417 2117 pelles
1444 2075 1592 2106 murinas
1620 2084 1717 2116 posse
1748 2073 1862 2105 vocari
1890 2072 2009 2104 verisi-

1310 2126 1388 2156 mile
1405 2126 1479 2156 est?
1503 2125 1594 2156 Puto
1619 2130 1732 2155 tamen
1750 2124 1921 2157 Justinum
1945 2132 2008 2163 per

1309 2177 1448 2206 murinus
1481 2177 1575 2215 pelles
1603 2175 1809 2206 intellexisse
1842 2173 2008 2204 minorum

1311 2228 1457 2257 omnium
1469 2226 1672 2263 animalium,
1684 2231 1721 2257 ut
1737 2230 1817 2256 sunt
1833 2228 2012 2262 martures,

1311 2277 1428 2314 meles,
1442 2276 1525 2307 feles
1537 2276 1610 2315 feri,
1627 2277 1756 2316 vulpes,
1770 2275 1909 2306 simores
1925 2274 2011 2305 Par-

1312 2327 1407 2365 thici,
1425 2332 1458 2358 et
1475 2327 1552 2358 alia.
1595 2326 1795 2364 Persei-inas
1811 2334 1903 2364 vero,
1918 2333 2014 2364 gran-

1313 2377 1444 2407 diorum
1460 2376 1619 2415 ferarum,
1640 2380 1678 2407 ut
1696 2381 1774 2406 sunt
1788 2375 1870 2414 lupi,
1884 2374 2011 2412 leones,

1313 2426 1482 2466 leopardi,
1496 2430 1531 2456 et
1548 2426 1678 2456 similia.
1701 2424 1891 2455 Marcellin.
1908 2432 2012 2454 xxxx.

1313 2479 1346 2507 2.
1370 2480 1478 2511 notat,
1505 2476 1514 2492 ‘
1535 2476 1676 2506 Hunnos
1699 2474 1908 2505 indumentis
1932 2482 2012 2513 ope·

1315 2524 1373 2555 riri
1389 2524 1514 2563 linteis,
1529 2525 1580 2554 vel
1597 2534 1639 2554 cx
1656 2523 1796 2564 pellibus
1808 2522 2012 2554 silvestrium

1314 2575 1457 2605 murium
1480 2572 1746 2604 consarcinatis!
1789 2571 1845 2603 Ad
1869 2581 1967 2612 quem
1992 2572 2015 2602 l.

1315 2624 1423 2654 Henr.
1452 2624 1566 2654 Valcs.
1595 2622 1713 2653 scribit
1742 2621 1800 2652 has
1840 2621 2015 2661 pelliculas

1317 2673 1476 2704 odoratas
1501 2672 1616 2711 fuisse,
1641 2676 1676 2703 et
1703 2671 1788 2702 citat
1810 2670 2014 2710 Hieronymi

1317 2724 1431 2761 verba,
1447 2733 1523 2764 quae
1538 2722 1580 2753 de
1597 2723 1661 2752 alio
1685 2722 1784 2762 plane
1804 2730 1899 2752 mure
1914 2721 2015 2752 intel-

1316 2773 1465 2814 ligenda.
1509 2773 1596 2804 Nam
1619 2772 1740 2802 animal
1758 2771 1889 2801 Moschi
1910 2771 2013 2801 etiam

1316 2833 1389 2853 mus
1407 2828 1471 2861 est,
1487 2828 1519 2853 et
1536 2822 1716 2853 Zibethum
1734 2830 1865 2862 quoque
1884 2830 2014 2851 murem

1317 2872 1556 2914 appellarunt;
1580 2871 1639 2902 sed
1662 2880 1777 2902 eorum
1803 2870 1948 2912 pellibus
1971 2870 2013 2901 ad
