2174 3424
430 317 514 361 826

429 419 579 452 dentiam
602 420 728 463 primns
753 421 788 453 ln
817 427 969 457 context.
991 425 1123 467 recepit

429 471 673 505 Berneccerus.
702 473 775 505 Vor.

472 523 490 563 ς
513 525 534 553 6
557 523 597 554 In
623 524 831 565 monumenta]
854 525 964 557 Scrib.
988 536 1121 560 monum.

428 572 551 604 omissa
563 583 669 615 praep.
701 575 812 606 Plaut.
836 576 971 608 Curcul.
987 586 1045 608 111.
1065 580 1119 609 69.

424 621 435 639 ⁶
451 622 505 654 Ibi
522 633 610 655 nunc
627 629 771 656 statuam
798 627 868 658 volt
889 627 969 659 dare
985 637 1119 658 auream

425 671 574 704 solidam
597 672 788 706 faciundam
816 685 858 707 ex
884 686 966 707 auro
992 677 1120 718 Philip·

428 732 515 763 paeo,
540 733 614 764 quae
639 724 703 756 siet
717 726 1001 767 Septempedalis‚
1016 726 1119 758 factis

427 778 680 806 monumentum
694 776 760 806 suis
772 779 793 814 ς’
806 781 841 807 et
854 776 925 808 Liv.
940 786 964 808 1.
976 780 1029 809 55.
1051 778 1060 794 ‘
1071 777 1119 808 Ut

426 822 522 855 Jovis
539 825 701 865 templum
717 825 750 855 in
763 829 875 856 monte
886 826 1036 866 Tarpeio
1051 835 1120 857 mo·

425 877 622 904 numentum
648 875 741 914 regni
767 875 818 905 sui
842 875 1050 917 nominisque
1067 885 1119 908 re·

425 921 623 962 linqueret.’
647 924 781 955 Gronov.

469 972 593 1003 Barcen
630 972 784 1012 condidit]
823 973 926 1004 Nulla
951 974 1054 1006 Barce
1075 974 1118 1006 ab

426 1019 623 1053 Alexandro
659 1022 694 1053 in
733 1022 820 1053 ostio
857 1023 933 1053 Indi
969 1024 1118 1055 condita.

424 1070 564 1111 Βαρσίκην
576 1072 623 1103 ibi
634 1072 767 1103 invenio
779 1082 789 1111 ;
804 1076 839 1103 et
851 1072 898 1104 sic
911 1073 1118 1106 rescribend.

425 1121 523 1152 Salm.

465 1170 598 1210 Relicto,
612 1171 682 1211 δῖα]
705 1171 863 1203 Vincent.
889 1172 899 1190 ‘
914 1173 966 1204 vel
989 1183 1053 1204 uno
1075 1182 1118 1205 ex

423 1220 540 1252 amicis
555 1221 605 1252 lit.
620 1222 704 1254 Ind.'
717 1222 836 1253 omissa
854 1232 936 1254 voce
945 1223 1039 1264 praef.

466 1272 483 1311 ς
507 1274 525 1302 7
552 1272 642 1311 Cum,
658 1272 725 1312 ἐγὼ]
748 1273 907 1304 vincent.
923 1275 931 1290 ‘
945 1283 1021 1305 cum
1034 1283 1082 1306 ar.
1095 1274 1117 1307 Ι.

420 1320 455 1352 in
471 1321 593 1352 itinere
608 1322 811 1353 invenienda
826 1321 905 1353 dic.'

465 1373 672 1414 Babyloniam
683 1374 779 1414 redit]
803 1373 994 1412 Μνημονικὸν
1011 1375 1034 1407 J
1039 1375 1116 1407 usti·

420 1423 455 1455 ni
471 1422 643 1464 ἁμάρτημα.
689 1425 804 1465 Inquit
817 1425 903 1456 enim
922 1426 1021 1465 paulo
1039 1430 1116 1466 post

419 1483 495 1514 cap.
514 1477 564 1506 13.
580 1477 610 1505 3.
635 1474 645 1491 ‘
658 1475 734 1505 Hac
749 1485 791 1505 ex
809 1485 909 1506 causa
933 1475 1115 1516 Babyloni-

419 1533 473 1554 am
489 1523 689 1556 festinanti?
733 1525 791 1564 Et,
820 1535 894 1566 quae
916 1531 1115 1567 sequuntur,

416 1574 510 1606 Susis
540 1584 693 1615 magnam
722 1579 853 1616 partem
881 1582 958 1607 acta
981 1586 1055 1608 esse
1071 1587 1113 1608 ex

419 1625 520 1657 Diod.
564 1625 699 1659 Arrian.
742 1631 778 1658 et
814 1627 938 1658 ceteris
969 1632 1113 1660 constat.

421 1678 528 1719 Bong.

462 1730 479 1769 ξ
504 1731 524 1759 8
547 1728 717 1768 Proefectos
747 1728 831 1769 suos]
867 1729 919 1760 Ex
944 1729 993 1760 his
1016 1728 1112 1760 fuere

418 1778 602 1818 Cleander,
616 1779 773 1818 Sitalces,
790 1777 960 1819 Agathou,
980 1783 1016 1811 et
1030 1781 1112 1811 Era-

417 1837 495 1860 con.
509 1829 604 1860 Curt.
620 1829 695 1859 init.
707 1828 764 1859 lib.
784 1837 820 1859 Χ.
845 1829 943 1859 Rern.

461 1880 478 1920 ᾧ
501 1882 522 1910 9
545 1879 661 1910 Filiam
674 1881 742 1919 post
762 1878 826 1908 hoec
841 1878 936 1909 Darii
946 1879 1030 1918 regis
1039 1878 1112 1910 Sta-

415 1928 527 1969 tiram]
550 1928 649 1959 Hanc
665 1933 763 1968 pater
783 1928 906 1959 Darius
927 1928 1036 1960 adhuc
1058 1939 1112 1960 su·

415 1984 550 2021 pei-stes
560 1978 754 2010 Alexandro
770 1978 936 2009 collocare
950 1979 1113 2011 voluerat.

416 2031 491 2063 Imo
523 2031 672 2073 petierat
694 2029 736 2060 ab
767 2039 807 2060 eo
830 2034 869 2060 ut
894 2030 1021 2070 nuptiis
1047 2031 1112 2062 sibi

416 2083 506 2114 illam
530 2082 742 2123 adjungeret,
769 2080 817 2111 uti
841 2080 935 2112 Curt.
960 2090 1019 2111 111.
1036 2084 1067 2112 5.
1082 2084 1115 2112 1·

412 2132 545 2165 scribit.
591 2131 719 2163 Verum
741 2134 812 2161 tum
833 2130 968 2171 quidem
983 2136 1111 2172 tempo-

413 2182 458 2214 ris
471 2181 667 2213 Alexander
682 2179 860 2211 recusavit.
894 2180 1029 2212 Arrian.
1048 2191 1110 2213 vu.

413 2231 516 2263 filiam
533 2231 641 2271 Darii,
656 2239 754 2272 quam
779 2229 974 2261 Alexander
997 2232 1111 2263 matri-

413 2282 524 2313 monio
537 2281 735 2321 sibijunxit‚
749 2279 930 2311 ‘Arsinen’
949 2285 1008 2312 aut
1023 2283 1032 2299 ‘
1046 2281 1108 2313 Ar-

414 2331 551 2363 sinoiin'
568 2335 679 2362 vocat.
697 2329 836 2370 Ἀρσίνην
849 2331 936 2362 enim
948 2332 1000 2362 vel
1011 2331 1109 2373 Ἀρσι.

412 2383 485 2420 νόην
495 2382 626 2423 legend.
638 2381 683 2413 ibi
693 2391 779 2421 esse,
791 2391 857 2413 non
868 2386 905 2413 ut
915 2382 1043 2414 editum
1055 2388 1107 2416 est

414 2432 574 2474 Βαρσίνην,
587 2432 672 2463 bene
688 2431 803 2462 docuit
818 2432 999 2464 Blancard.
1032 2433 1105 2465 Vor.

412 2482 582 2524 Στάτειραν
617 2481 714 2513 eand.
752 2491 886 2523 quoque
932 2484 1106 2524 appellant

412 2535 510 2567 Plut.
543 2534 643 2565 Alex.
679 2542 711 2574 p.
738 2534 812 2564 703.
839 2539 875 2565 et
899 2534 1024 2568 Zonar.
1054 2544 1104 2567 ιν.

417 2588 470 2676 Μς,
496 2637 535 2666 10
559 2634 622 2666 Sed
638 2637 679 2670 et,
702 2633 773 2674 ssa]
807 2633 928 2666 AElian.
954 2643 1036 2666 vul.
1059 2634 1102 2667 V.

411 2686 457 2717 H.
474 2688 505 2716 7.
540 2683 732 2724 Ἀλέξανδρος
747 2683 798 2714 ὅτε
810 2685 937 2724 Δαρεῖον
957 2683 1035 2725 εἷλε,
1048 2684 1104 2724 ’γά-

410 2747 483 2773 μους
494 2733 592 2765 εἷσἾ-ία
602 2733 651 2764 καῖ
663 2734 771 2764 ἑαυτοῦ
781 2733 831 2764 καὶ
845 2736 906 2765 τῶν
920 2734 1029 2774 φίλων.

454 2784 663 2825 Ομιὶηιαίίὐιω
697 2785 912 2825 Macedonum]
949 2784 1102 2824 Διανέμων

409 2836 464 2866 τὰς
485 2834 611 2875 ἀρίστας
629 2835 692 2866 τοῖς
705 2833 848 2875 ἀρίστοις.
891 2836 983 2868 Plut.
998 2835 1100 2869 Alex.

412 2888 485 2917 120.
508 2885 614 2925 Bong.

880 330 1021 363 No'rAE
1053 331 1317 365 VARIORUM
1349 334 1401 365 IN

1218 427 1344 459 Crimen
1370 428 1469 469 regis]
1489 426 1663 460 ‘Crimen’
1694 426 1725 460 h.
1750 428 1773 459 l.
1801 437 1867 460 non

1171 481 1222 508 est
1240 478 1329 517 quod
1352 478 1386 508 in
1412 479 1527 518 lingua
1545 484 1658 509 nostra
1675 477 1868 518 significat;

1170 527 1228 558 sed
1244 527 1278 558 id
1300 528 1508 569 simpliciter,
1533 529 1620 570 quod
1649 529 1803 568 dicimus,
1825 539 1868 560 un

1168 578 1322 616 reproehe,
1333 587 1374 608 un
1390 577 1497 618 bldme,
1512 578 1740 619 opprobrium.
1755 579 1833 610 Fab.

1210 626 1394 666 Leraretur]
1418 628 1464 658 Ut
1480 637 1546 659 ΧΠ.
1562 631 1592 660 3.
1606 631 1638 659 9.
1678 629 1733 659 Ita
1749 628 1791 660 de
1806 629 1866 660 Se-

1169 676 1346 708 miramide
1364 677 1464 710 Oros.
1481 688 1507 710 1.
1519 681 1550 710 4.
1565 678 1606 709 de
1620 678 1759 710 Claudio
1772 680 1866 710 Suet.

1168 729 1221 759 26.
1234 731 1265 759 9.
1289 729 1388 760 Bern.

1212 777 1299 810 CAP.
1316 786 1366 808 XI.
1403 778 1419 818 ξ
1445 780 1461 808 1
1486 777 1529 809 Se
1542 788 1596 818 ωε,
1615 778 1685 818 εμπ]
1707 778 1866 811 Vincent.

1169 827 1179 846 ⁴
1192 837 1227 859 se
1245 838 1289 858 aes
1306 828 1349 859 al.
1366 827 1407 858 ad
1425 829 1538 859 omnia
1553 828 1633 869 imp.
1650 838 1701 869 pr.
1715 828 1787 861 sol!

1210 877 1358 917 Domum]
1381 877 1437 908 Ita
1463 878 1670 919 antiquiores
1697 878 1787 919 typis
1809 888 1867 910 ex-

1168 929 1288 970 pressi.
1326 929 1435 968 Bong.
1466 928 1588 959 maluit
1613 929 1726 959 domos.
1750 929 1864 960 Vorst.

1212 981 1228 1020 §
1252 982 1272 1010 2
1297 979 1367 1010 Non
1379 989 1497 1010 summa
1509 978 1647 1018 tantum]
1682 978 1783 1020 Angli
1799 989 1865 1011 una

1167 1039 1252 1060 voce
1269 1029 1401 1060 auctius
1423 1038 1482 1060 non
1504 1038 1619 1059 summa
1644 1031 1765 1060 tantum
1785 1039 1863 1060 com-

1167 1079 1321 1111 mendata.
1342 1078 1456 1110 Schef.

1211 1129 1248 1160 N
1247 1139 1279 1160 ec
1290 1140 1309 1160 a
1324 1128 1510 1160 debitoribus
1524 1128 1636 1169 magis,
1661 1139 1751 1169 quam
1765 1139 1784 1160 a
1799 1139 1863 1160 cre-

1167 1179 1318 1210 ditoribus
1350 1179 1475 1218 gratius
1510 1179 1654 1219 excepta]
1699 1180 1708 1196 ‘
1731 1179 1861 1220 Magis’

1167 1229 1397 1269 comparativo
1417 1229 1585 1269 junctum.
1612 1229 1778 1261 Priscian.
1802 1229 1862 1262 lib.

1168 1287 1225 1310 111.
1269 1278 1384 1309 Plaut.
1411 1278 1541 1318 ‘magis
1569 1278 1712 1318 majores
1739 1282 1863 1319 nugas'

1166 1327 1264 1359 dixit.
1281 1328 1438 1366 Bongars.
1466 1327 1555 1359 Add.
1571 1328 1695 1359 Notam
1711 1338 1785 1369 sup.
1800 1337 1862 1360 111.

1165 1381 1196 1409 2.
1224 1380 1277 1409 27.
1310 1378 1493 1408 Berneccer.
1538 1380 1547 1395 ‘
1571 1377 1683 1418 Magis
1714 1377 1861 1418 gratius'

1164 1437 1238 1469 pro,
1251 1428 1387 1468 gratius.
1434 1426 1595 1459 Abundat
1608 1427 1696 1458 enim
1712 1431 1721 1444 ‘
1734 1427 1860 1468 magis’

1165 1478 1207 1508 ad
1225 1478 1500 1519 comparativum.
1544 1477 1620 1509 Nec
1645 1481 1697 1508 est
1713 1485 1766 1507 res
1789 1477 1860 1509 sine

1165 1528 1333 1568 exemplo.
1377 1527 1506 1558 Noster
1533 1536 1592 1558 111.
1618 1529 1649 1557 2.
1665 1529 1696 1558 7.
1725 1527 1860 1567 ‘Magis

1163 1577 1310 1609 clarior!
1353 1578 1467 1608 Multa
1482 1577 1563 1608 item
1579 1576 1612 1608 id
1630 1585 1735 1617 genus
1750 1576 1861 1608 Vech·

1162 1638 1234 1660 ner.
1251 1629 1284 1660 in
1301 1629 1515 1660 Hellenolex.
1533 1627 1715 1668 congessit.
1729 1627 1738 1644 ⁴
1750 1626 1859 1659 Grate

1164 1689 1282 1710 munus
1299 1679 1466 1720 accipere’
1481 1678 1570 1710 dixit
1587 1687 1661 1719 sup.
1677 1686 1729 1709 XI.
1742 1679 1792 1710 10.
1808 1680 1860 1710 10.

1167 1729 1240 1762 Vor.

1204 1781 1221 1820 ξ
1246 1782 1264 1811 3
1295 1779 1417 1819 Viginti
1455 1778 1553 1810 millia
1588 1775 1752 1816 talentum]
1787 1775 1858 1808 Alii

1161 1830 1225 1861 tria
1239 1834 1267 1861 et
1283 1829 1399 1869 viginti
1412 1829 1511 1860 millia
1536 1829 1729 1860 talentorum.
1774 1828 1857 1859 Cur-

1161 1881 1228 1912 tius
1255 1889 1308 1911 1x.
1334 1882 1365 1910 2.
1390 1878 1433 1910 de
1454 1878 1572 1910 decem
1588 1877 1733 1909 millibus
1749 1878 1855 1909 talen-

1161 1934 1234 1961 tum
1250 1929 1368 1969 tradit,
1384 1938 1457 1970 quae
1482 1928 1616 1969 quidem
1633 1928 1709 1968 ipsa
1722 1937 1790 1959 non
1805 1932 1855 1959 to-

1162 1983 1198 2011 ta
1213 1988 1364 2019 expensa
1380 1978 1516 2010 fuerint.
1540 1978 1676 2010 Medius.
1735 1978 1855 2010 Curtio

1162 2032 1336 2062 consentit
1361 2030 1496 2062 omnino
1527 2030 1619 2062 Plut.
1655 2029 1755 2062 Alex.
1779 2032 1852 2061 120.

1161 2081 1261 2112 Rern.

1203 2133 1221 2172 ξ
1244 2134 1263 2161 5
1288 2131 1356 2162 Nec
1379 2140 1483 2170 annos,
1497 2131 1549 2161 sed
1562 2130 1716 2170 stipendia
1727 2139 1783 2161 sua
1797 2139 1853 2161 nu·

1159 2179 1289 2220 merari]
1311 2180 1339 2212 1.
1363 2189 1394 2211 e.
1420 2189 1487 2211 non
1515 2189 1619 2210 annos
1642 2179 1767 2220 aetatis,
1791 2179 1852 2210 sed

1159 2239 1263 2262 annos
1288 2229 1533 2270 stipendiorum
1560 2228 1739 2260 factorum.
1768 2229 1852 2259 ‘Vi-

1158 2290 1243 2313 cena
1265 2281 1437 2322 stipendia
1451 2280 1579 2311 meriti'
1604 2280 1778 2320 dicuntur,
1793 2280 1852 2322 qui

1156 2331 1277 2372 viginti
1290 2341 1450 2363 annorum
1460 2329 1628 2372 stipendia
1640 2330 1751 2362 meriti
1762 2335 1852 2363 sunt.

1162 2381 1236 2412 Vor.

1198 2434 1216 2473 ᾧ
1238 2436 1258 2464 6
1283 2433 1363 2473 Nec,
1375 2432 1445 2473 δῖα]
1468 2432 1555 2463 Saxo
1572 2441 1649 2464 x1v.
1663 2442 1696 2474 p.
1712 2435 1785 2464 262.
1799 2435 1852 2466 16.

1154 2482 1163 2499 ‘
1176 2483 1253 2515 Non
1277 2487 1345 2515 tam
1361 2483 1601 2523 redargutione
1617 2483 1676 2514 sed
1693 2483 1849 2515 convicio

1154 2533 1303 2575 agebat)
1347 2533 1505 2565 Vincent.
1538 2534 1548 2550 ⁴
1574 2534 1650 2565 Nec
1686 2534 1749 2566 hoc
1774 2534 1847 2575 jam

1154 2592 1248 2625 pree.
1264 2583 1321 2614 sed
1338 2593 1367 2615 c.
1382 2582 1540 2623 agebant,
1556 2582 1735 2615 dicentes!

1197 2634 1277 2664 Cum
1288 2636 1378 2674 patre
1389 2633 1468 2664 inire
1489 2633 1580 2673 bella]
1606 2632 1716 2673 Dixit,
1730 2637 1769 2664 ut
1783 2633 1848 2665 Ar-

1152 2682 1236 2714 tlan.
1252 2692 1317 2714 V11.
1331 2681 1410 2721 μετὰ
1423 2682 1480 2713 τοῦ
1493 2681 1604 2722 πατρὸς
1617 2681 1845 2722 στρατεύεσθαι.

1152 2734 1262 2773 Vulgo
1268 2733 1378 2774 finire,
1389 2732 1496 2763 minus
1509 2737 1612 2763 recte.
1637 2733 1743 2772 Bong.

1192 2783 1340 2814 Jubentcs
1367 2792 1434 2813 eum
1465 2783 1561 2813 solum
1593 2792 1661 2813 cum
1682 2786 1770 2823 patre
1791 2793 1844 2814 suo

1152 2832 1324 2864 Hammone
1354 2833 1432 2864 inire
1454 2832 1547 2873 bella]
1579 2833 1634 2864 lta
1657 2834 1844 2874 locunljam

1150 2882 1230 2915 olim
1252 2882 1429 2915 emendavi
1444 2882 1486 2915 ad
1502 2884 1560 2916 illa
1582 2884 1692 2916 Curtii
1707 2884 1772 2917 mei
1789 2893 1841 2917 lv.
