2101 3419
523 340 719 373 JUS'rlNl
754 342 851 372 mn.
885 341 1043 372 xxxi.
1076 341 1185 372 cAr.
1216 330 1258 372 6.

168 439 202 470 in
230 438 446 480 ‘Epliesum,’
473 446 650 478 perperam
683 436 869 467 adsociatae

170 489 274 520 verbo
289 489 454 528 venissent,
480 492 692 528 pepererunt
718 488 873 519 convenis-

166 542 244 570 sent.
268 538 380 570 Schef.

210 590 227 629 ᾧ
251 592 272 620 6
294 589 425 620 Assidui
450 588 533 619 circa
556 587 742 618 Annibalem
761 586 870 627 suere]

166 638 387 680 Antiquiores
404 639 493 680 typis
508 649 587 678 exp.
614 648 682 668 cum
696 637 872 669 Annibale:

167 688 270 729 idque
286 698 358 729 pro,
373 688 463 729 apud
481 688 698 719 Annibalem.
744 690 753 705 ‘
769 688 871 719 Cum'

165 748 240 778 pro,
268 738 371 778 apud,
398 738 480 769 satis
505 743 634 770 notum.
679 738 728 769 Ut
744 738 752 755 ‘
771 739 868 779 queri

166 798 242 819 cum
260 788 397 829 aliquo.’
419 789 519 819 t'orst.
566 789 785 829 Antiquiores
797 799 868 820 cum

165 838 330 878 Annibale,
355 838 445 879 quod
473 838 597 879 probat
621 839 735 870 Vorst.
780 838 866 870 Mihi

163 890 273 931 glossa
289 890 429 921 alterius
446 890 592 922 videtur.
615 889 725 928 Schef.

207 941 294 972 CAP.
312 950 348 972 v.
373 942 391 982 ξ
409 944 438 972 1.
456 941 664 981 Omnibusque
677 940 868 981 perrogatis]

165 989 317 1032 Appian.
342 1001 375 1032 p.
404 994 459 1022 93.
488 990 690 1022 Annibalem
722 991 866 1031 primum

163 1045 370 1076 sententiam
384 1049 540 1086 rogatum
554 1045 684 1076 scribit.
708 1045 867 1083 Bongars.

161 1095 272 1127 Sicuti
298 1095 562 1136 ‘perspectare’
587 1095 750 1126 Suetonio
768 1095 866 1126 Dom.

161 1147 193 1177 4.
216 1148 248 1177 7.
264 1150 329 1186 est,
345 1155 363 1176 a
380 1145 548 1186 principio
569 1145 613 1176 ad
639 1145 741 1176 finem
758 1155 866 1187 usque

162 1200 341 1238 spectare:
364 1197 412 1228 ita
425 1198 433 1214 ‘
449 1206 633 1237 perrogare
644 1196 652 1208 ³
669 1200 734 1234 est,
748 1205 865 1227 omnes

161 1257 327 1289 peragere
343 1248 544 1279 sententias.
579 1249 630 1279 Eo
646 1247 750 1278 verbo
767 1252 867 1278 utun-

162 1303 218 1330 tur
234 1303 269 1330 et
294 1298 367 1330 Liv.
387 1307 493 1329 xxtx.
511 1300 563 1330 19.
579 1300 630 1329 10.
655 1298 737 1328 Tac.
754 1297 800 1329 H.
814 1306 864 1329 1v.

159 1351 191 1380 9.
215 1351 247 1381 3.
281 1349 374 1380 Suet.
399 1348 488 1388 Aug.
509 1351 561 1379 35.
585 1351 617 1379 9.
649 1347 723 1389 (ubi
749 1357 866 1388 proero-

157 1408 236 1438 gare
266 1398 388 1429 vitiose
427 1397 565 1438 legitur)
594 1398 685 1429 Plin.
715 1407 766 1428 vr.
800 1398 864 1438 Ep.

160 1450 214 1480 22.
239 1452 276 1479 et
291 1448 424 1488 Paneg.
439 1450 493 1478 60.
517 1447 689 1488 Lamprid.
716 1447 748 1477 in
767 1448 866 1478 Com-

159 1498 261 1529 modo
278 1501 331 1529 21.
355 1498 503 1529 Bernecc.
557 1497 613 1528 Ita
636 1498 644 1515 ‘
660 1507 842 1539 perrogare
858 1498 866 1510 ’

159 1549 202 1580 de
218 1549 464 1590 personis,quae
479 1553 642 1588 rogantur
651 1558 778 1579 omnes.
803 1549 865 1579 Di-

159 1604 242 1631 cunt
254 1603 366 1630 autem
380 1602 415 1629 et
427 1599 435 1614 ‘
447 1599 556 1638 legem
567 1598 774 1638 perrogare!
788 1598 865 1630 Val.

159 1649 209 1680 M.
224 1658 248 1681 1.
271 1651 303 1680 2.
332 1648 414 1680 Ext.
432 1651 460 1679 1.
483 1649 492 1665 ‘
507 1648 669 1679 Traditas
687 1648 751 1679 sibi
768 1649 863 1689 leges

159 1698 393 1739 perrogabat.'
447 1698 503 1729 Sic
535 1698 622 1728 enim
652 1698 698 1729 ibi
727 1698 862 1738 legend.

159 1749 231 1780 sine
248 1749 364 1787 dubio,
392 1758 473 1787 non,
500 1753 537 1779 ut
560 1749 623 1789 ipsi
648 1749 731 1779 alios
753 1749 863 1780 secuti

156 1799 339 1838 edidimus,
353 1799 562 1838 praerogalmt.
612 1799 705 1829 Idem
726 1808 806 1829 vm.
830 1802 861 1830 6.

155 1853 187 1881 4.
205 1850 215 1867 ‘
234 1849 407 1880 Tribunus
431 1851 474 1890 pl.
497 1850 607 1889 legem
625 1850 798 1888 adversim,
814 1850 863 1880 iu-

156 1901 402 1932 tercessionem
418 1901 625 1941 collegarum
642 1901 862 1941 pei-rogavit!

165 1949 271 1981 Vorst.

198 2001 216 2040 ς
233 2002 253 2030 2
274 1999 330 2031 Ad
345 2000 444 2040 suppl.
460 2000 529 2040 5⁴02]
553 2000 644 2032 Saxo
660 2009 721 2032 xv.
736 2011 772 2041 p.
787 2004 862 2033 364.

156 2048 181 2080 f.
207 2048 285 2080 ‘Ad
301 2059 327 2080 s.
351 2049 556 2081 arbitrorum
583 2060 617 2081 n.
643 2051 746 2081 etiam
772 2051 861 2082 Tho-

156 2100 277 2132 donem
296 2101 416 2132 nuntio
430 2101 612 2133 vocatum.'

199 2152 252 2192 §5
276 2152 386 2182 Etiam
413 2161 481 2183 cum
505 2152 598 2192 victo,
622 2152 693 2193 ξω]
729 2152 862 2185 Heren-

156 2201 230 2232 nius
245 2202 390 2233 Pontius
406 2213 462 2244 ap.
486 2203 559 2235 Liv.
583 2212 637 2234 rx.
657 2206 687 2235 3.
712 2207 761 2235 13.
784 2205 793 2221 ‘
812 2205 861 2235 Ea

155 2256 209 2283 est
235 2262 317 2293 gens
342 2253 504 2293 Romana,
531 2264 607 2294 quae
635 2253 725 2284 victa
751 2254 860 2294 quies-

157 2311 234 2333 cere
257 2303 410 2343 nescia&
433 2306 498 2335 διο.
524 2305 671 2335 Bernecc.
730 2304 860 2335 Dubito

154 2351 257 2382 valde
286 2353 376 2384 Just.
399 2354 449 2384 sic
480 2354 666 2395 scripsisse.
721 2355 861 2394 Ingrata

156 2411 236 2433 sane
250 2403 496 2444 conjunctionis
513 2415 583 2436 cum
598 2406 652 2436 hic
674 2405 857 2446 repetitio:

154 2462 224 2484 cum
241 2453 379 2485 Romano
395 2465 463 2486 cum
485 2456 577 2487 victo.
619 2457 685 2487 Sed
705 2466 767 2487 nec
787 2466 861 2497 par-

157 2503 262 2534 ticula
284 2506 350 2534 tum
376 2505 431 2536 hic
449 2507 652 2538 necessaria.
697 2507 858 2537 Mallem:

154 2563 224 2584 cum
238 2554 389 2594 Romano,
405 2565 457 2586 seu
471 2566 498 2586 o.
518 2567 550 2597 p.
568 2557 684 2597 aliqua,
707 2566 759 2588 seu
780 2557 860 2588 tice-

157 2604 204 2634 ris
221 2607 270 2643 tu,
283 2605 378 2636 etiam
393 2606 474 2636 victo
486 2610 515 2638 et
523 2607 552 2646 J'.
568 2608 589 2638 l.
607 2617 681 2646 esse,
697 2608 750 2638 vel
766 2607 861 2638 etiam

156 2655 229 2684 tunc
256 2655 347 2686 victo.
370 2655 486 2688 Schef.
541 2656 608 2697 Ap.
638 2658 708 2688 Liv.
738 2666 859 2688 xxvrr.

158 2706 211 2734 14.
228 2703 403 2735 Hannibal
418 2706 548 2747 inquit:
574 2709 581 2724 ‘
601 2707 685 2738 Cum
708 2716 747 2738 eo
762 2707 860 2738 nimi-

157 2763 232 2784 rum
249 2754 346 2785 hoste
363 2765 415 2787 res
431 2762 495 2796 est,
509 2757 565 2799 qui
582 2767 645 2789 nec
659 2758 780 2789 bonam
797 2767 860 2789 nec

157 2804 280 2835 malam
306 2804 397 2836 ferre
426 2805 597 2838 fortunam
624 2812 750 2849 potest.
793 2808 860 2838 Seu

159 2853 258 2895 vicit,
281 2853 440 2888 ferociter
454 2855 561 2889 instat
577 2852 699 2897 victis3
723 2867 781 2890 seu
796 2858 860 2890 vie-

1544 328 1631 370 959

926 441 980 468 tus
995 440 1061 475 est,
1076 436 1245 467 instaurat
1263 445 1337 467 cum
1355 434 1542 466 victoribus
1557 444 1631 466 cer-

927 487 1064 518 tamen.'

966 540 983 579 §
999 541 1019 569 6
1043 538 1118 569 Suis
1132 547 1183 569 eos
1196 537 1316 578 opibus]
1341 536 1440 569 Quod
1457 536 1490 567 in
1504 534 1626 567 Africa

923 594 1044 619 contra
1084 588 1381 628 Carthaginienses
1415 588 1486 628 jam
1526 592 1628 618 antea

922 639 1052 669 fecerat
1080 636 1301 677 Agathocles.
1347 638 1533 677 Eleganter
1556 636 1629 677 Ap-

921 688 1016 729 pian.
1031 686 1108 718 Τοὺς
1121 686 1274 726 πολέμους
1290 686 1386 718 ἅπασι
1402 686 1562 726 χαλεποὺς
1572 686 1629 725 μὲν

921 738 995 769 οἴκοι
1010 738 1057 769 διὰ
1072 737 1162 777 λίμον
1181 737 1236 769 τὸν
1258 736 1500 777 ἐπιγιγνόμενον,
1523 737 1577 777 ἔξω
1594 736 1628 768 δὲ

919 787 1131 829 κουφοτέρους.
1155 789 1262 828 Bong-

962 841 979 880 ἕ
996 843 1016 870 8
1039 838 1271 879 Ministerium]
1298 838 1352 869 [ta
1367 839 1452 870 Mss.
1467 842 1506 870 ut
1522 847 1627 871 xxrv.

919 894 951 922 2.
968 894 1000 923 5.
1015 892 1024 909 ‘
1039 890 1214 922 arbitrium
1229 890 1238 903 ’
1267 899 1341 931 pro,
1357 889 1534 921 arbitrum.
1579 891 1627 922 Et

918 951 969 973 Vl.
990 944 1019 973 2.
1037 945 1089 973 15.
1113 941 1124 958 ‘
1139 941 1297 973 Postulat
1322 940 1387 972 sibi
1412 940 1486 972 dari
1511 940 1627 972 minis-

920 992 1042 1024 terium
1065 991 1255 1034 impensae,’
1279 996 1318 1024 ut
1343 997 1397 1023 est
1422 992 1455 1023 in
1476 992 1625 1032 vulgatis

918 1042 1031 1074 libris:
1049 1052 1126 1074 nam
1139 1042 1186 1074 ibi
1204 1042 1290 1074 Mss.
1305 1041 1497 1073 ministrum.
1516 1042 1627 1073 Idem.

962 1093 1051 1124 CAP.
1069 1102 1122 1124 vr.
1148 1095 1165 1134 ς
1181 1096 1198 1124 1
1224 1093 1324 1132 Huic,
1338 1093 1409 1133 ἔξω]
1434 1093 1523 1124 Saxo
1540 1102 1624 1124 xm.

918 1153 952 1184 p.
967 1146 1041 1175 241.
1056 1146 1110 1175 44.
1126 1145 1135 1161 ‘
1148 1143 1262 1185 Hujus
1277 1143 1441 1185 pactionis
1453 1143 1543 1175 obtr.
1559 1153 1626 1176 am.

917 1204 945 1225 r.
963 1192 1080 1226 fuere!

965 1244 1123 1285 Verentes‚
1150 1255 1199 1281 ne,
1227 1245 1296 1286 ἔξω]
1342 1245 1351 1262 ‘
1370 1246 1463 1277 Laco
1491 1245 1624 1277 consilii

918 1295 1071 1336 quamvis
1091 1296 1234 1337 egregii,
1250 1296 1337 1337 quod
1354 1306 1420 1327 non
1435 1296 1509 1337 ipse
1526 1295 1623 1327 affer-

917 1350 983 1385 ret,
996 1345 1165 1385 inimicus,
1178 1352 1213 1378 et
1226 1347 1390 1378 adversus
1404 1347 1533 1387 peritos
1545 1356 1624 1388 per-

925 1395 1048 1427 vicax!
1080 1397 1166 1428 Tac.
1185 1406 1208 1428 1.
1232 1397 1278 1428 H.
1294 1400 1347 1428 26.
1372 1398 1472 1428 Bern.

961 1446 977 1486 ξ
991 1448 1009 1477 3
1026 1446 1281 1478 Assentationum
1295 1447 1540 1488 adulationibus]
1557 1447 1618 1478 As-

915 1496 1116 1536 sentantz’um,
1133 1495 1223 1537 quod
1240 1502 1293 1527 est
1309 1496 1342 1526 in
1360 1500 1429 1527 vet.
1452 1496 1537 1528 Cod.
1553 1497 1620 1528 Pe-

916 1546 1028 1585 lerini,
1059 1550 1192 1577 rectum
1220 1551 1315 1587 puto.
1349 1547 1509 1586 Bongars.
1570 1547 1621 1578 At

915 1605 980 1636 ego
996 1596 1077 1627 illud
1094 1597 1232 1628 rectius.
1283 1597 1338 1628 Ita
1360 1598 1434 1628 Liv.
1459 1606 1538 1629 v111.
1564 1601 1619 1630 24.

916 1649 966 1677 13.
982 1646 991 1662 ‘
1005 1646 1184 1677 discrimen
1202 1647 1346 1688 periculi
1359 1649 1366 1662 '
1383 1647 1483 1679 dixit.
1532 1649 1621 1680 Nos-

915 1700 968 1726 ter
993 1705 1098 1727 xxtx.
1126 1699 1156 1728 l.
1181 1700 1213 1727 5.
1241 1698 1250 1714 ‘
1267 1696 1429 1729 facinoris
1455 1698 1618 1730 crimen:'

914 1750 950 1777 et
984 1756 1050 1778 vn.
1079 1750 1110 1777 l.
1139 1749 1190 1778 12.
1222 1748 1231 1765 ‘
1246 1752 1367 1788 gentes
1396 1749 1621 1790 populorum.’

914 1797 1007 1828 Flor.
1030 1807 1055 1828 1.
1082 1801 1131 1829 16.
1148 1801 1178 1829 7.
1205 1797 1379 1836 ‘fallacias
1400 1799 1621 1830 insidiarum.’

913 1848 1009 1880 Suet.
1029 1849 1114 1880 Caes.
1129 1852 1181 1880 67.
1198 1852 1229 1880 2.
1243 1851 1252 1866 ‘
1269 1859 1388 1881 munus
1404 1849 1619 1883 officiorum.’

913 1897 1010 1929 Idem
1042 1899 1229 1931 Domitian.
1259 1903 1289 1931 3.
1318 1903 1350 1932 3.
1382 1903 1390 1917 ‘
1405 1900 1619 1932 animadver-

912 1948 1042 1979 sionem
1057 1949 1239 1989 supplicii.’
1274 1950 1458 1982 Berneccer.
1516 1951 1617 1984 Junt.

912 2002 1147 2031 assentatorum.
1194 1999 1263 2030 Sed
1295 2001 1436 2041 propius
1466 2000 1509 2031 ab
1537 2001 1619 2032 alio-

912 2060 985 2081 rum
1002 2050 1078 2082 cod.
1091 2051 1241 2082 lectione
1259 2051 1369 2092 abest,
1385 2051 1476 2093 quod
1499 2052 1533 2083 in
1550 2052 1616 2083 Pe-

911 2101 1008 2132 lerini
1024 2102 1141 2133 codice
1157 2101 1241 2133 fuit:
1265 2103 1501 2134 assentantium.
1538 2103 1616 2135 Hoc

912 2156 947 2183 et
962 2152 1151 2192 Bongarsio
1169 2153 1295 2184 arrisit.
1323 2153 1432 2184 Graev.
1480 2154 1617 2194 Melius,

911 2207 949 2233 ut
976 2203 1196 2243 Bongarsius,
1222 2205 1459 2236 assentantium.
1493 2205 1614 2236 Faber.

911 2254 1053 2285 Mallem
1070 2255 1293 2285 assentantium
1308 2265 1383 2286 cum
1410 2256 1615 2297 Bongarsio,

912 2304 964 2334 vel
982 2309 1178 2344 propterea,
1204 2305 1362 2345 quoniam
1390 2305 1422 2335 in
1444 2305 1543 2338 Junt.
1560 2315 1615 2336 co-

911 2354 987 2385 dice
1005 2354 1131 2394 legitur
1143 2357 1389 2386 assentatorum:
1405 2355 1492 2386 haud
1510 2354 1614 2386 dubie

911 2413 954 2434 ex
971 2404 1081 2444 glossa
1097 2404 1250 2435 alterius.
1274 2404 1380 2443 Schef.
1440 2405 1614 2436 Assentan-

910 2455 989 2485 tium
1007 2454 1194 2495 probarunt
1210 2454 1325 2494 Angli.
1353 2455 1462 2486 Graev.

955 2504 1068 2544 Novis,
1105 2504 1175 2545 ἔξω]
1221 2504 1267 2535 Η.
1297 2504 1434 2544 phrasin
1464 2504 1614 2536 illustrat

911 2555 1082 2587 eruditiss.
1105 2554 1233 2595 Spanh.
1254 2554 1297 2585 ad
1325 2554 1456 2586 Callim.
1483 2556 1517 2586 in
1533 2555 1611 2587 Del.

910 2609 984 2638 240.

953 2657 1003 2697 §4
1026 2655 1151 2687 Acilius
1167 2655 1341 2696 Romanus]
1372 2654 1509 2686 Manius
1534 2654 1613 2686 Aci-

910 2708 975 2739 lius
993 2707 1149 2739 Glabrio.
1200 2706 1266 2747 Ap.
1287 2706 1435 2747 Appian.
1452 2706 1612 2737 mendose

910 2758 1036 2799 legitur
1052 2757 1182 2789 Ἀκίνιος
1196 2757 1330 2788 inverso
1344 2761 1370 2787 A
1392 2766 1454 2797 pro
1468 2756 1611 2788 Ἀκίλιος.

910 2809 995 2840 Erat
1009 2808 1064 2839 hic
1080 2808 1208 2839 Consul
1225 2817 1301 2839 cum
1325 2807 1367 2839 P.
1393 2807 1495 2838 Corn.
1516 2807 1610 2848 Scip.

911 2859 1050 2891 Nasica.
1094 2858 1206 2900 Vulgo
1226 2857 1390 2899 Anicium,
1415 2857 1544 2899 inepte,
1571 2861 1610 2888 ut
