2101 3419
702 373 752 404 IN
786 372 1053 405 JUSTINUM.

162 469 279 511 legibus
293 470 421 502 taedium
446 476 546 503 metus
567 471 723 514 religionis
743 472 858 504 evincit

160 515 205 550 iii,
222 517 252 550 3,
267 517 306 545 10
323 513 460 545 Freinsh.

204 556 405 587 Consuetudo
419 556 516 598 stupri
542 556 606 594 viii,
621 560 654 594 6,
669 560 690 588 6
726 568 857 589 consue-

161 600 237 629 tudo
252 599 388 630 solennis
403 600 445 636 ix,
459 603 490 636 8,
503 602 524 631 9

205 641 320 672 Consul
338 647 458 672 creatur
479 641 561 677 xxxi,
584 643 617 678 7,
632 643 653 673 2
686 642 726 672 ad
742 641 856 673 bellum

160 683 268 714 missus
282 684 364 721 xxxi,
377 687 409 722 6,
420 688 441 717 4
463 684 606 716 consules
618 684 764 726 Carthag.
774 684 856 721 xxxi,

160 730 193 762 2,
209 729 229 757 9

204 769 372 799 Consulere
395 767 466 810 (pro
481 768 665 807 deliberare)
689 767 723 804 ii,
747 771 801 805 15,
825 771 857 800 4.

160 811 262 846 xxxiv,
275 814 307 847 3,
317 815 339 843 3
376 822 431 852 pro
446 816 579 842 statuere
606 810 628 848 i,
641 814 673 847 7,
685 814 736 843 10.
758 811 791 847 ii,
805 814 857 848 15,

161 857 191 884 8.
225 865 255 890 v,
269 856 300 890 3,
316 856 337 885 6
378 864 433 895 pro
447 854 608 885 consilium
624 858 727 895 petere
754 853 798 891 iii,
824 857 856 890 3,

161 899 214 927 11.
250 896 297 932 iii,
312 900 344 932 5,
360 899 381 928 4
419 907 474 937 pro
506 896 622 927 mederi
649 896 691 932 vi,
707 899 739 932 6,
755 899 775 928 2
801 907 857 937 pro

159 938 260 969 facere
285 939 350 974 xlii,
366 942 400 979 5,
414 942 435 971 4
484 939 607 970 oracula
629 939 705 980 (hoc
728 943 786 976 est,
811 939 858 969 in-

161 980 330 1022 terrogare)
346 981 388 1018 xi,
404 985 458 1017 ll,
472 984 492 1013 2
514 982 547 1012 in
557 992 618 1012 rem
628 982 705 1022 (hoc
715 986 771 1018 est,
783 992 859 1013 con-

160 1023 240 1058 silia,
249 1034 401 1064 opemque
412 1025 455 1054 rei
465 1024 694 1055 accommodam
707 1023 859 1066 praebere)

161 1065 194 1101 ii,
212 1069 264 1102 15,
283 1069 322 1097 16
337 1065 475 1097 Freinsh.
507 1067 666 1098 consulere
689 1066 765 1107 quid
789 1077 858 1097 cru-

161 1107 262 1138 delius
274 1108 305 1138 in
320 1108 453 1149 aliquem
470 1109 492 1145 i,
507 1112 539 1145 7,
556 1112 596 1140 10
620 1109 740 1150 gravius
755 1109 788 1140 in
803 1109 859 1140 ali-

161 1161 253 1192 quem
268 1150 301 1186 ii,
317 1155 369 1187 15,
386 1155 406 1182 8
429 1151 583 1182 laboribus
595 1151 723 1183 Graeciae
737 1151 859 1193 (curare

161 1197 197 1223 ut
219 1193 338 1223 labores
367 1193 497 1224 Graeciae
521 1193 682 1234 desinant)
708 1194 751 1230 vi,
777 1197 810 1230 6,
837 1197 858 1225 2

161 1235 264 1266 Vorst.
287 1236 449 1266 consulant
461 1236 518 1266 sibi
530 1236 591 1277 ipsi
604 1236 665 1272 xvi,
675 1238 707 1272 4,
721 1239 759 1268 15
784 1247 858 1268 conÎ‡

160 1277 274 1309 sultum
289 1278 368 1308 velle
383 1279 473 1309 saluti
487 1289 549 1309 suae
564 1279 604 1314 xi,
623 1281 674 1314 14,
689 1281 710 1310 4

205 1320 388 1351 Consultare
404 1333 410 1351 :
434 1321 467 1351 in
482 1327 645 1362 utrumque
657 1331 771 1362 pronus
783 1331 858 1352 con-

161 1362 257 1393 sultat
270 1362 353 1398 xxiii,
369 1365 402 1399 3,
418 1366 438 1394 6

204 1404 472 1436 Consultationem
512 1406 552 1436 ad
592 1405 708 1437 amicos
747 1404 858 1436 referre

160 1446 263 1484 xxxiV,
279 1450 311 1484 3,
327 1450 346 1478 3

205 1489 357 1521 Consulto
372 1490 482 1521 cedere
496 1490 637 1521 hostibus
651 1490 673 1527 i,
690 1493 742 1526 10,
759 1493 799 1522 21

204 1532 392 1563 Consumere
407 1532 479 1573 (pro
495 1533 607 1563 sensim
622 1532 790 1572 conficere)
804 1532 857 1569 xii,

160 1578 192 1610 5,
208 1578 228 1606 8
252 1574 391 1605 consumi
415 1576 489 1615 (pro
510 1575 620 1615 perire,
635 1575 765 1615 confici)
778 1585 809 1611 v,
826 1578 858 1612 l,

162 1619 213 1647 10.
236 1627 265 1653 v,
281 1620 313 1653 6,
328 1621 347 1648 5
385 1617 538 1648 consumti
554 1617 634 1648 bello
649 1617 721 1658 (pro
751 1617 858 1658 praelio

161 1658 266 1699 caesis)
293 1660 334 1695 ix,
349 1662 380 1695 4,
395 1662 416 1690 4
434 1659 570 1690 Freinsh.
604 1670 784 1690 consumere
808 1670 859 1690 ur-

160 1702 231 1731 bem
245 1701 390 1732 incendio
404 1712 434 1738 v,
449 1704 481 1738 8,
495 1705 516 1733 4
550 1712 728 1733 consumere
751 1706 859 1733 noctes

160 1743 194 1773 in
216 1744 340 1784 stupris,
368 1744 435 1774 dies
461 1744 494 1774 in
520 1744 669 1775 conviviis
694 1755 764 1781 xxx,
781 1747 811 1781 l,
838 1748 858 1776 8

160 1786 300 1826 praelium
313 1786 466 1817 consumit
480 1797 585 1818 omnes
599 1787 645 1823 iii,
660 1791 691 1822 5,
705 1790 745 1818 11
769 1787 858 1818 stella

161 1833 308 1865 cometes,
337 1839 408 1859 cum
436 1828 564 1859 oriretur
589 1829 859 1869 occumberetque,

159 1877 293 1912 quatuor
335 1872 476 1901 horarum
504 1871 638 1912 spatium
687 1872 859 1902 consumsit

160 1913 272 1949 xxxvii,
287 1915 319 1950 2,
334 1916 353 1945 3
377 1918 537 1944 consumta
551 1918 642 1944 aetate
656 1924 784 1955 corpora
805 1914 858 1952 xii,

161 1958 193 1992 8,
210 1959 250 1986 12

204 1997 424 2028 Consummare
439 1996 512 2038 (pro
527 1996 690 2039 perficere)
707 1997 740 2035 ii,
758 2002 810 2034 15,
826 2001 858 2030 6.

160 2040 215 2076 xii,
229 2044 261 2076 5,
289 2043 329 2071 12
355 2040 380 2070 F
382 2041 493 2071 reinsb.
519 2051 730 2072 consummare
756 2041 857 2083 operis

161 2082 256 2113 totius
271 2083 397 2122 gloriam
412 2083 454 2118 ix,
469 2086 502 2119 8,
517 2086 558 2115 21

205 2125 396 2166 Consurgere
418 2125 453 2155 in
476 2125 704 2156 aemulationem
728 2124 781 2161 xii,
804 2128 856 2162 15,

161 2170 200 2199 11
225 2177 411 2209 consurgens
425 2178 462 2198 ex
477 2167 569 2198 Italia
581 2169 680 2198 nubes
693 2168 773 2204 xxix,
790 2170 821 2205 3,
838 2171 855 2200 l

204 2210 407 2250 Contagionis
420 2215 518 2241 metus
533 2211 634 2247 xxxvi,
649 2213 681 2247 2,
698 2214 737 2242 15

204 2252 378 2293 Contegere
392 2263 478 2283 crura
491 2260 577 2284 veste
593 2252 655 2289 xiv,
671 2256 704 2290 6,
719 2256 761 2285 12

205 2294 410 2326 Contemnere
435 2295 597 2326 infantiam
622 2296 700 2336 regis
726 2295 777 2336 (id
799 2299 858 2331 est,

162 2346 265 2377 regem
276 2341 422 2377 tanquam
431 2336 599 2378 infantem)
614 2337 666 2373 vii,
679 2341 712 2374 2,
723 2341 743 2369 7
755 2337 859 2368 Vorst.

163 2379 262 2419 legem
277 2384 309 2409 et
320 2389 421 2419 regem
433 2384 629 2410 contemnere
643 2380 683 2415 ix,
696 2384 728 2416 5,
738 2382 757 2410 3
781 2390 858 2420 prae-

163 2421 419 2462 dictaMagorum
433 2421 573 2457 xii,l3,5
597 2421 754 2452 contemni
766 2421 859 2451 afini-

162 2463 244 2493 timis
259 2463 300 2500 vi,
314 2466 347 2499 4,
371 2467 391 2495 2
414 2473 432 2493 a
447 2474 510 2494 non
526 2464 702 2495 timentibus
717 2464 777 2500 xxi,
791 2468 822 2500 5,
838 2467 858 2495 8

207 2506 389 2536 Contemtus
404 2505 559 2546 religionis
574 2506 596 2544 i,
608 2509 641 2543 9,
656 2509 677 2537 6
700 2507 773 2537 victi
788 2507 859 2536 hos-

163 2547 201 2578 tis
213 2548 254 2584 xi,
272 2551 324 2583 14,
341 2551 358 2579 1
389 2547 488 2578 aetatis
502 2549 583 2585 xxix,
600 2551 631 2583 1,
648 2551 688 2579 10
722 2553 860 2579 contem-

163 2595 228 2619 tum
246 2590 377 2620 hostium
392 2590 450 2620 sibi
465 2591 587 2621 demere
602 2590 654 2627 vii,
670 2594 701 2627 6,
718 2594 736 2621 5
760 2591 859 2621 admi-

165 2633 242 2662 ratio
257 2633 289 2662 in
313 2637 502 2663 contemtum
528 2633 654 2663 vertitur
674 2631 747 2669 xxii,
770 2636 802 2669 6,
819 2635 856 2664 ll

162 2674 195 2704 in
208 2680 395 2705 contemtum
407 2675 510 2706 venire
519 2676 620 2712 xxxix,
629 2679 685 2712 5,5
703 2685 772 2706 cum
784 2685 858 2706 con-

165 2722 263 2747 temtu
277 2718 410 2748 hostium
424 2718 561 2748 resistere
575 2718 655 2754 xxiv,
671 2722 703 2754 S,
718 2720 738 2749 2

207 2759 437 2800 Contemplatio
452 2759 614 2791 liberorum
629 2760 702 2801 (pro
718 2759 860 2790 conside-

164 2802 294 2838 ratione,
310 2802 467 2844 respectu)
491 2803 543 2840 vii,
558 2807 589 2840 5,
604 2806 623 2835 7
649 2803 754 2834 Vorst.
785 2813 860 2833 conÎ‡

166 2843 324 2885 templatio
335 2844 464 2885 justitiae
479 2845 542 2882 viii,
558 2848 590 2882 3,
606 2848 646 2877 14

209 2887 406 2919 Contendere
413 2888 489 2930 (hoc
503 2888 627 2928 estâ€šire)
642 2887 675 2924 ii,
688 2890 720 2924 8,
736 2890 754 2919 3
771 2886 861 2928 (pro-

167 2928 279 2969 ficisci)
294 2940 325 2966 v,
337 2933 369 2966 2,
384 2933 416 2961 2.
452 2930 494 2966 xi,
507 2933 539 2967 2,
553 2934 572 2962 5
596 2930 647 2961 Ita
673 2930 861 2961 contendere

168 2981 217 3001 rus
234 2972 314 3011 xxxi,
330 2975 361 3010 2,
376 2976 398 3005 6
419 2971 590 3016 (pugnare)
616 2972 658 3012 iv,
675 2976 706 3011 5,
721 2976 741 3006 4
755 2971 861 3015 (niti).

1488 363 1603 405 xxxi

904 470 948 508 vi,
957 473 988 507 3,
999 473 1019 503 8
1032 468 1226 512 (affirmare).
1240 469 1282 508 ix,
1294 472 1327 507 4,
1337 473 1358 502 9
1371 468 1395 500 F
1396 470 1508 502 reinsh.
1530 481 1605 504 con-

904 514 1006 545 tendit
1029 523 1152 544 manere
1181 513 1214 543 in
1237 513 1343 544 Sicilia
1365 513 1409 549 iv,
1424 517 1457 550 5,
1472 516 1492 546 4
1529 524 1609 545 conÎ‡

904 557 1052 587 tendebat
1065 566 1105 586 ne
1119 555 1161 592 vi,
1171 558 1203 592 3,
1214 559 1234 587 8
1256 556 1444 587 contendere
1459 556 1541 586 vario
1556 556 1604 587 luÎ‡

904 599 1055 629 dicrorum
1083 608 1194 646 genere
1219 598 1272 634 vii,
1285 601 1317 634 2,
1334 601 1374 629 14
1417 599 1606 629 contendere

904 642 1048 672 adversus
1070 649 1148 671 vires
1182 641 1327 677 hostium,
1362 650 1426 670 non
1459 641 1605 672 adversus

904 683 1094 715 calamitates
1114 682 1158 722 xi,
1183 686 1236 719 12,
1260 686 1301 714 13
1329 683 1420 712 donis
1455 683 1536 714 inter
1572 693 1607 714 se

904 726 1092 757 contendere
1119 735 1170 761 xv,
1193 728 1226 761 2,
1244 729 1264 757 S
1301 725 1489 756 contendere
1514 726 1605 756 armis

904 778 976 799 cum
988 767 1093 808 aliquo
1108 767 1189 804 xxiv,
1205 770 1238 805 2,
1249 770 1270 800 4
1304 778 1399 809 equo,
1414 778 1516 805 cursu,
1530 768 1604 799 viri-

904 811 962 842 bus
978 809 1089 847 xxxvii,
1109 812 1142 845 4,
1160 813 1177 841 l

948 852 1116 885 contentio
1132 852 1211 883 inter
1225 850 1348 883 Xerxen
1363 856 1396 882 et
1416 851 1604 882 Artemenen

905 895 1072 926 admodum
1088 895 1222 926 fraterna
1245 894 1279 931 ii,
1296 897 1351 931 10,
1368 898 1409 926 10
1443 895 1604 925 contentio

906 943 953 969 est
966 938 1045 969 inter
1060 937 1180 979 aliquos
1191 938 1230 968 de
1242 937 1346 978 aliqua
1356 947 1388 967 re
1403 937 1474 974 iiâ€š1,
1488 940 1506 968 5
1523 937 1605 967 alere

905 980 1121 1013 contentiones
1136 980 1306 1011 civitatium
1321 979 1386 1016 viii,
1403 983 1434 1016 1,
1449 982 1468 1011 3

949 1023 1123 1055 Contentus
1138 1022 1281 1064 praesenti
1296 1026 1377 1052 statu
1393 1022 1438 1059 iii,
1454 1025 1486 1058 1,
1501 1024 1522 1053 6
1544 1021 1605 1051 for-

907 1071 982 1097 tuna
997 1065 1140 1107 praesenti
1156 1066 1259 1102 xxviii,
1275 1067 1307 1100 2.
1324 1067 1364 1096 13
1397 1075 1462 1095 non
1477 1069 1606 1095 conten-

907 1114 956 1139 tus
967 1119 1156 1139 summovere
1173 1108 1255 1138 bella
1269 1107 1322 1144 vii,
1338 1111 1370 1143 6,
1386 1110 1426 1139 13
1450 1117 1514 1138 non
1530 1116 1605 1138 con-

907 1155 991 1183 tenta
1006 1151 1092 1192 regni
1105 1151 1250 1181 terminos
1264 1149 1341 1181 tueri
1355 1151 1377 1185 i,
1395 1153 1427 1186 2,
1441 1153 1461 1182 8

951 1194 1118 1225 Conterere
1133 1203 1201 1224 ossa
1216 1198 1249 1224 et
1272 1197 1440 1234 postremas
1461 1192 1605 1235 reliquias

907 1235 953 1272 iii,
967 1239 999 1273 4,
1018 1239 1058 1267 13

951 1278 1122 1310 Continens
1138 1277 1245 1319 (terra,
1261 1287 1331 1318 quae
1349 1277 1456 1308 insulis
1471 1278 1606 1319 opponi-

908 1326 967 1352 tur.
992 1321 1136 1362 Thucyd.
1166 1321 1188 1357 i,
1206 1323 1236 1356 1,
1252 1323 1304 1351 19.
1347 1320 1474 1362 á¼¤Ï€ÎµÎ¹ÏÎ¿Î½
1501 1326 1605 1354 vocat,

907 1364 1069 1394 Nostrates
1094 1364 1151 1394 das
1177 1366 1259 1395 veste
1283 1362 1392 1404 Laud)
1423 1363 1465 1400 xi,
1503 1367 1535 1400 5,
1562 1366 1604 1395 10

908 1406 1048 1437 Freinsh.

949 1459 987 1480 ex
1003 1447 1186 1479 Continenti
1201 1446 1384 1488 (continuo)
1402 1447 1422 1483 i,
1437 1450 1470 1483 9,
1486 1450 1537 1480 19.
1573 1457 1604 1484 v,

907 1493 940 1528 3,
955 1494 986 1522 7.
1008 1501 1038 1528 v,
1054 1495 1087 1527 5,
1109 1493 1130 1522 4
1164 1489 1266 1531 (Hinc
1282 1490 1421 1520 hodierni
1447 1489 1531 1521 Galli
1550 1490 1606 1520 ha-

907 1534 982 1564 bent
996 1543 1085 1563 suum
1100 1532 1311 1572 incontinent)
1326 1532 1431 1562 Vorst.

951 1576 1152 1607 Continentia
1166 1585 1283 1604 morum
1300 1576 1448 1605 bonorum
1464 1578 1559 1604 mater
1572 1574 1606 1611 ii,

907 1620 939 1654 2,
953 1621 973 1649 9
1005 1618 1205 1648 continentiae
1227 1616 1436 1647 Romanorum
1464 1617 1607 1656 exempla

907 1660 991 1697 xviii,
1006 1663 1038 1698 2,
1054 1663 1073 1692 8
1090 1665 1122 1691 et
1135 1663 1155 1692 9
1178 1659 1371 1691 continentia
1385 1659 1518 1690 Viriathi
1531 1659 1606 1695 xliv,

908 1706 941 1740 2,
957 1705 978 1733 8

952 1744 1135 1776 continere:
1159 1744 1357 1775 continentur
1367 1742 1434 1784 ejus
1446 1743 1529 1774 libris
1541 1753 1607 1774 om-

910 1787 996 1818 nium
1011 1787 1183 1817 seculorum
1194 1797 1240 1817 res
1256 1792 1361 1827 gestae,
1378 1786 1469 1816 Praef.
1484 1789 1504 1817 2
1528 1796 1605 1826 quos

908 1829 1044 1865 vincula,
1059 1839 1123 1859 non
1138 1834 1239 1859 castra
1253 1829 1470 1859 continuerant
1491 1839 1521 1864 Î½,
1536 1832 1568 1863 6,
1585 1832 1607 1860 9

907 1882 1019 1913 parvus
1043 1872 1082 1901 ad
1098 1871 1318 1902 continendam
1341 1871 1496 1902 civitatem
1520 1880 1607 1900 exer-

907 1915 986 1945 citus
1010 1925 1039 1950 v,
1055 1917 1088 1949 8,
1113 1916 1151 1944 11
1185 1914 1296 1954 quibus
1323 1913 1462 1954 epistolis
1490 1913 1605 1943 bellum

907 1956 1020 1997 Agidis
1034 1956 1250 1986 continebatur
1271 1955 1323 1992 xii,
1340 1959 1371 1991 1,
1397 1958 1417 1986 4
1451 1955 1605 1986 contineri

906 1998 1072 2029 meretricis
1089 1998 1218 2028 audacia
1233 2008 1296 2027 non
1319 2003 1423 2038 potest
1437 1998 1605 2039 parietibus

906 2041 997 2081 regiae
1015 2041 1125 2071 domus
1143 2052 1213 2076 xxx,
1230 2044 1261 2075 2,
1279 2043 1296 2071 1
1321 2040 1480 2072 continere
1495 2050 1526 2070 se
1553 2040 1605 2081 (id

906 2089 962 2119 est,
983 2093 1047 2113 non
1062 2083 1188 2124 aggredi
1214 2092 1291 2124 quos
1306 2083 1422 2124 possis)
1446 2083 1509 2119 xlii,
1535 2085 1569 2120 4,
1585 2086 1605 2114 8

905 2126 1009 2157 Vorst.

949 2167 1138 2208 Contingere
1153 2179 1160 2198 Î¹
1184 2167 1269 2208 quod
1284 2177 1354 2198 cum
1369 2176 1432 2197 non
1458 2166 1606 2209 contigis-

906 2215 953 2241 set
967 2210 1038 2252 (pro
1060 2221 1124 2240 non
1148 2210 1264 2241 sactum
1280 2214 1371 2246 esset,
1386 2219 1450 2239 non
1466 2209 1530 2239 fieri
1546 2220 1602 2250 po-

906 2253 1033 2292 tuisset)
1049 2263 1079 2289 v,
1095 2256 1127 2289 9,
1144 2256 1185 2285 14
1199 2253 1303 2283 Vorst.
1326 2256 1408 2282 sorte
1421 2251 1514 2282 alicui
1529 2262 1607 2282 con-

907 2295 1000 2335 tingit
1014 2295 1172 2326 Occidens
1196 2295 1249 2331 xii,
1265 2297 1298 2331 2,
1315 2297 1332 2325 1

950 2337 1140 2369 Continuare
1154 2348 1161 2367 :
1209 2347 1272 2366 non
1307 2340 1426 2366 tantum
1455 2335 1604 2366 bellorum

907 2380 1137 2411 continuaretur
1151 2379 1184 2416 ii,
1199 2382 1232 2416 2,
1248 2382 1288 2410 12
1316 2379 1504 2409 continuatis
1519 2388 1607 2408 man-

907 2422 1045 2453 sionibus
1061 2422 1124 2458 xiii,
1140 2424 1172 2459 8,
1189 2425 1208 2452 5

951 2464 1108 2495 Continua
1133 2463 1243 2493 militia
1267 2463 1320 2499 xii,
1336 2466 1367 2498 8,
1385 2465 1423 2493 13
1447 2462 1604 2493 continuae

907 2512 1019 2536 mortes
1042 2506 1118 2548 (hoe
1143 2511 1201 2542 est,
1225 2516 1318 2546 parvo
1333 2505 1493 2535 intervallo
1509 2505 1605 2535 altera

908 2549 1032 2579 alteram
1071 2548 1309 2589 subsequentes)
1350 2547 1411 2582 xvi,
1440 2550 1471 2583 1,
1502 2550 1518 2578 l
1555 2547 1605 2576 Ita

908 2591 1056 2622 continua
1069 2590 1174 2630 praelia
1186 2590 1267 2627 xxxi,
1283 2593 1315 2626 3,
1331 2593 1348 2621 l
1372 2589 1454 2619 bella
1463 2589 1516 2625 vii,
1528 2592 1559 2624 6,
1572 2592 1604 2620 3.

907 2632 1032 2668 xxxviii,
1047 2635 1079 2668 4,
1095 2635 1133 2664 11
1151 2632 1287 2663 Freinsh.
1310 2631 1464 2662 continuis
1485 2631 1605 2671 frigori-

908 2676 965 2706 bus
980 2680 1108 2705 uruntur
1129 2675 1254 2716 Scythae
1277 2674 1312 2710 ii,
1336 2677 1368 2710 2,
1392 2676 1413 2704 9
1449 2673 1610 2704 continuis

907 2718 1063 2748 montibus
1077 2717 1164 2747 vallis
1178 2717 1331 2748 clauditur
1345 2715 1446 2752 xxxvi,
1461 2719 1493 2751 3,
1509 2719 1528 2747 2

950 2760 1068 2791 Contra
1079 2760 1174 2790 decus
1190 2759 1305 2800 regium
1321 2759 1394 2799 (pro
1408 2768 1495 2789 secus
1511 2767 1603 2799 quam

907 2813 1010 2843 regem
1019 2802 1166 2841 decebat)
1180 2801 1234 2837 xii,
1251 2805 1303 2837 12,
1316 2805 1357 2833 12
1372 2800 1474 2832 Vorst.
1497 2805 1604 2832 contra

908 2844 1068 2887 (adverb.)
1095 2844 1129 2880 ii,
1146 2848 1175 2881 1,
1192 2847 1245 2877 10.
1282 2843 1348 2881 viii,
1372 2847 1405 2881 4,
1420 2846 1460 2874 11
1497 2848 1604 2874 contra

909 2897 995 2918 versa
1008 2888 1075 2918 vice
1090 2887 1154 2924 xiii,
1169 2890 1200 2923 1,
1216 2889 1236 2918 7

952 2930 1141 2961 Contrahere
1174 2928 1341 2970 perjurium
1368 2927 1442 2969 (pro
1463 2926 1603 2958 commit-

913 2972 1044 3015 tere)iiiâ€š
1059 2975 1139 3008 7,15
1164 2971 1214 3003 Ita
1225 2971 1310 3002 nefas
1323 2971 1470 3008 xxiv,3,8
1493 2969 1605 3002 auxilia
