2101 3419
759 355 807 385 ΙΝ

217 451 327 483 sentire.
354 456 386 481 et
411 451 512 492 loqui)
536 451 588 486 xii,
605 455 636 487 5,
663 455 683 482 8
715 451 780 491 (Ita
806 453 912 483 ‘male

215 494 343 535 opinari’
357 495 484 525 Sueton.
500 494 581 534 Aug.
597 497 651 530 51,
666 496 704 531 4)
721 494 856 525 lz'reinsh.

261 537 378 577 Opinio
394 538 466 577 (pro
482 537 579 575 fama)
596 536 660 572 viii,
676 539 708 572 3,
723 540 752 568 8.
770 538 821 573 xii,
838 542 869 573 5,
882 541 914 568 5.

217 580 269 615 xii,
286 584 317 615 8,
332 584 363 611 2.
386 579 469 615 xviii,
485 584 516 615 5,
537 583 586 610 17.
610 579 692 614 xxiii,
713 583 741 615 l,
759 583 808 611 12.
845 590 913 615 xxv,

217 626 249 657 2,
268 625 317 653 10.
352 621 433 657 xxxi,
448 626 480 657 6,
496 624 547 653 14.
571 621 668 658 xli,4,
685 626 715 652 9.
738 622 810 658 xliv,
835 625 866 657 3,
895 626 913 652 5

217 665 286 705 (lta
301 665 381 695 Caes.
396 665 435 694 de
451 664 531 694 Bell.
558 664 642 694 Gall.
667 664 701 700 ii,
717 667 758 696 24
788 669 796 682 ‘
807 664 915 704 opinio

218 706 364 737 victoriae’
389 717 444 746 pro
466 706 690 736 existimatione
718 717 754 736 ex
790 707 917 737 victoria

217 750 322 790 parta)
345 760 413 784 xxv,
430 752 461 785 2,
478 752 497 780 7
521 749 569 778 Ita
585 749 669 779 sere:
692 749 847 789 opinionis
870 749 917 778 in·

218 792 308 822 victae
323 792 473 821 exercitus
495 791 597 826 xxxiii,
614 795 644 826 1,
660 794 679 822 3
704 791 841 823 Freinsh.

263 834 538 874 Opobalsametum
564 834 664 869 xxxvi,
680 836 711 869 3,
729 836 747 864 3

262 876 504 916 opobalsamum
536 877 619 916 apud
642 876 770 906 Judaeos
800 881 918 906 tantum

221 925 327 948 natum
350 919 450 954 xxxvi,
467 921 498 954 3,
525 922 542 950 1
568 918 679 959 (hodie
702 924 733 948 et
756 918 828 948 alibi
853 929 921 958 pro·

221 962 323 991 venit:
355 966 391 991 ut
418 961 512 996 cairi,
541 962 711 991 secundum
741 961 919 992 relationem

218 1003 457 1044 itinerariorum)
490 1003 628 1033 Freinsh.
657 1003 846 1043 opobalsami
875 1015 921 1034 ar-

222 1047 309 1076 bores
334 1047 461 1076 formam
485 1046 614 1076 similem
643 1046 738 1087 piceis
765 1047 922 1077 arboribus

221 1089 337 1119 habent
359 1088 458 1125 xxxvi,
469 1091 501 1124 3,
516 1092 537 1119 4

265 1130 416 1171 Oportere
438 1131 470 1166 ii,
488 1133 541 1167 13,
557 1133 589 1161 6.
611 1129 694 1165 xxiv,
709 1133 742 1166 6,
759 1133 775 1161 l

266 1174 410 1214 Opperiri
432 1173 506 1214 (pro
531 1172 708 1213 expectare)
731 1173 784 1210 xii,
810 1176 842 1209 8,
871 1176 922 1204 10.

222 1216 276 1252 xii,
294 1219 344 1251 13,
364 1219 391 1246 l.
413 1216 478 1251 xiii,
493 1219 525 1252 6,
539 1219 578 1246 15
604 1215 741 1245 Freinsh.

266 1258 426 1298 Oppidani
443 1258 495 1294 xii,
512 1261 563 1294 10,
580 1261 610 1289 2.
626 1258 686 1292 xxi,
697 1261 729 1294 2,
741 1260 771 1289 8.
783 1257 849 1295 xlii,
860 1260 892 1294 4,
903 1261 922 1289 2

267 1301 396 1341 Oppido
411 1310 535 1341 parcere
557 1301 609 1336 xii,
623 1303 655 1335 7,
669 1304 688 1331 8

269 1344 438 1384 Opponere
452 1343 591 1373 hostibus
607 1343 740 1383 populos
756 1342 818 1379 viii¹
835 1345 867 1379 6,
884 1346 900 1373 l

269 1388 454 1426 Opportuna
477 1385 558 1415 bello
583 1385 652 1415 loca
673 1386 857 1425 occupanda
881 1385 923 1420 iv,

227 1432 260 1464 4,
277 1433 296 1460 8
319 1428 501 1470 opportunis
515 1428 590 1459 locis
605 1433 714 1469 puteos
734 1428 834 1459 facere
870 1428 923 1464 xii,

269 1514 453 1554 Opprimere
469 1513 606 1554 (proprie
622 1518 669 1543 est
683 1512 879 1553 inopinantes
894 1518 926 1542 et

225 1557 392 1597 imparatos
418 1557 580 1595 invadere)
605 1556 638 1591 ii,
657 1559 688 1592 8,
706 1559 732 1586 1.
755 1555 788 1591 ii,
808 1559 858 1591 10,
877 1558 926 1586 13.

227 1610 257 1635 ν,
273 1604 305 1635 5,
321 1602 352 1630 2.
375 1599 416 1635 xi,
431 1602 463 1634 2,
478 1602 519 1629 10
542 1598 679 1628 Freinsh.
703 1598 841 1638 oppressi
866 1608 926 1627 ser-

228 1643 327 1672 vitute
339 1641 455 1682 injusta
476 1641 518 1677 xi,
534 1644 565 1676 1,
582 1644 601 1672 2
625 1642 796 1680 opprimere
812 1646 928 1669 motum

228 1685 260 1714 in
276 1686 344 1724 ipso
360 1689 427 1713 ortu
451 1684 504 1719 xii,
519 1687 549 1719 1,
562 1687 581 1714 8
605 1683 757 1723 oppressit
772 1682 928 1713 infamiam

228 1727 440 1757 insidiatorum
456 1726 596 1766 potentia
616 1725 669 1761 xii,
685 1728 735 1760 13,
750 1728 790 1756 10

274 1769 467 1811 Oppugnare
496 1769 601 1798 urbem
624 1768 677 1804 vii,
707 1771 738 1803 6,
770 1771 821 1799 14.
859 1777 929 1802 xxv,

229 1814 262 1849 4,
278 1815 297 1843 7
321 1811 496 1852 oppugnari
509 1815 634 1841 externo
649 1811 738 1840 hoste
760 1810 844 1846 xviii,
861 1814 893 1846 2,
910 1813 930 1841 2

275 1853 478 1895 Oppugnatio
494 1854 575 1883 urbis
598 1864 646 1888 xx,
662 1856 694 1889 2,
708 1855 748 1884 10

274 1897 431 1937 Optabilis
443 1896 530 1926 ruina
551 1896 632 1931 xxxi,
649 1899 680 1931 8,
697 1898 715 1925 3

274 1940 392 1980 Optata
406 1949 486 1969 mors
508 1938 591 1974 xviii,
605 1942 637 1973 4,
656 1940 695 1969 14
727 1937 835 1967 misera
866 1937 932 1977 qui-

231 1983 303 2013 dem
317 1992 375 2018 res,
389 1982 443 2012 sed
458 1981 596 2021 optanda
610 1980 640 2011 ei
653 1980 714 2010 fuit
735 1980 825 2014 xxvii,
841 1983 873 2015 2,
890 1982 908 2009 3

275 2024 450 2065 Optimates
484 2034 514 2060 V,
530 2026 562 2060 3,
580 2026 610 2054 8.
644 2022 709 2058 xlii,
725 2026 756 2058 5,
783 2026 803 2053 2
838 2022 932 2052 factio

232 2066 417 2109 optimatum
440 2066 472 2102 ii,
487 2068 520 2103 4,
534 2069 551 2097 1

277 2109 444 2150 Optimus:
468 2109 507 2139 ab
522 2107 641 2148 optimo
663 2117 787 2148 quoque
810 2106 933 2146 spiritus

232 2153 340 2194 patriae
368 2152 498 2182 debetur
519 2150 600 2188 xxxi,
623 2154 655 2188 4,
679 2154 697 2182 7
729 2150 879 2190 optimum
905 2149 933 2179 ei

234 2196 333 2226 visum
347 2199 395 2224 est
416 2193 477 2229 xiv,
491 2197 524 2229 2,
539 2196 559 2224 6

277 2236 448 2278 Opulentia
460 2236 619 2266 Persarum
642 2235 675 2272 ii,
699 2238 751 2272 10,
768 2237 821 2266 22.
845 2233 885 2270 vi,
901 2236 934 2270 2,

279 2320 468 2362 Opulentius
481 2318 600 2361 epulari
622 2318 667 2356 iii,
683 2322 714 2355 3,
731 2324 749 2350 5

280 2363 456 2404 Opulentus
472 2362 606 2403 populus
631 2362 664 2398 ii,
680 2364 712 2396 3.
730 2364 770 2393 10
806 2361 936 2401 opulen-

237 2412 302 2436 tum
328 2411 463 2436 sumtum
491 2403 584 2435 alicui
609 2404 743 2444 praebere
765 2403 828 2439 xlii,
859 2408 890 2438 5,
916 2406 936 2434 9

238 2449 387 2489 opulenta
416 2448 479 2478 vita
514 2446 638 2482 xxxviii,
667 2449 699 2482 9,
729 2451 748 2477 4
783 2446 937 2486 gregarius

239 2492 326 2522 miles
347 2491 530 2531 imperatore
553 2488 728 2528 opulentior
762 2488 835 2523 xliv,
858 2491 890 2523 2,
917 2491 936 2518 8

239 2532 489 2574 opulentissimus
515 2532 675 2562 Persarum
699 2541 750 2561 rex
773 2531 813 2565 vi,
839 2534 870 2565 2,
898 2532 937 2561 14

239 2575 481 2616 opulentissimae
496 2574 635 2604 civitates
649 2573 714 2609 viii,
726 2576 757 2610 3,
769 2576 787 2604 7
808 2573 939 2613 opulen-

242 2619 390 2649 tissimum
406 2617 567 2658 imperium
590 2615 642 2652 xli,
659 2618 691 2652 1,
705 2619 725 2646 8

285 2661 375 2701 Opus
401 2660 473 2701 (pro
496 2659 618 2698 labore)
640 2658 682 2694 xl,
698 2661 730 2693 2,
746 2660 765 2689 3
803 2657 939 2687 Freinsh.

241 2714 336 2744 opera
345 2701 582 2733 Atheniensium
592 2701 704 2732 effectu
718 2699 833 2741 majora
848 2710 939 2740 quam

243 2752 315 2776 voto
344 2746 429 2775 fuere
451 2745 485 2781 ii,
500 2747 532 2780 6,
549 2746 563 2774 l
591 2754 669 2784 opus
704 2744 838 2773 humana
861 2752 941 2772 mor-

242 2789 362 2818 talitate
390 2786 490 2827 majus
516 2787 573 2828 (de
601 2785 794 2824 Alexandro)
818 2783 871 2820 xii,
889 2788 941 2820 16,

243 2834 264 2862 2
286 2841 348 2861 rem
366 2829 468 2870 magni
488 2835 521 2860 et
542 2828 636 2859 animi
657 2834 689 2859 et
704 2829 804 2869 operis
819 2838 941 2868 aggres-

247 2884 309 2909 sus,
323 2872 415 2903 Praef.
432 2875 448 2903 l

289 2916 378 2956 Opus
393 2925 459 2945 esse
472 2924 573 2955 regern
589 2913 662 2955 (pro
679 2912 766 2953 rege)
789 2912 830 2947 xi,
843 2915 875 2948 7,
901 2915 941 2943 10

245 2958 311 2999 (lta
328 2958 456 2990 Plautus
470 2956 502 2989 in
518 2957 622 2989 Milite
644 2956 684 2993 iv,
707 2960 740 2993 2,
754 2958 796 2987 69
820 2960 825 2973 ¹
845 2955 942 2986 talen-

845 354 1116 386 va'rlNUM.

1560 343 1667 389 xciii

963 458 1027 482 turn
1054 453 1235 493 Philippum
1259 451 1330 482 huic
1355 463 1433 492 opus
1455 452 1519 482 auri
1542 452 1609 482 est-¹
1637 458 1669 482 et

963 496 1044 525 idem
1056 495 1141 531 alibi,
1155 501 1163 513 ‘
1177 505 1254 535 opus
1271 500 1317 525 est
1330 505 1424 534 puero
1434 495 1559 525 cibum!
1574 495 1668 525 Adde

963 537 1002 567 A.
1017 537 1099 568 Gen.
1111 538 1181 572 xvii,
1195 541 1214 568 2
1230 543 1262 568 et
1272 537 1409 567 Nonium
1425 538 1456 567 in
1473 548 1547 568 voce
1559 537 1669 568 Offen-

963 581 1064 616 dere.)
1097 580 1234 610 Freinsh.
1266 580 1487 621 (Accusativus
1516 585 1523 597 ¹
1542 579 1667 620 regem,’

964 622 1018 662 qui
1033 622 1064 651 in
1081 627 1165 652 textu
1182 628 1240 658 est,
1263 632 1325 651 non
1339 633 1356 651 a
1371 633 1447 653 voce
1466 627 1473 639 ‘
1486 623 1574 662 opus’
1591 623 1670 662 regi-

965 669 1031 701 tur;
1047 665 1099 694 sed
1116 664 1241 705 respicit
1255 666 1380 695 verbum
1396 666 1574 705 praecedens
1601 670 1609 682 ¹
1624 675 1671 695 re-

965 707 1184 747 sponderunt’)
1218 707 1325 736 Vorst.

1010 748 1074 778 Ora
1090 749 1303 789 Cappadociae
1327 749 1360 785 ii,
1374 752 1406 783 4,
1422 751 1442 780 2

1011 790 1178 821 Oraculum
1202 791 1234 827 ii,
1250 794 1283 827 6,
1300 794 1341 821 16
1369 791 1408 821 de
1423 791 1571 821 felicitate
1587 790 1673 831 regni

967 833 1181 864 Macedonum
1204 833 1259 869 vii,
1275 837 1308 869 6,
1327 836 1342 863 l
1381 833 1421 863 de
1447 833 1532 862 nodo
1563 832 1673 863 Gordii

968 876 1008 912 xi,
1025 879 1056 912 7,
1069 879 1089 907 4
1113 876 1218 916 (plura
1234 876 1303 906 vide
1316 875 1348 905 in
1364 874 1590 915 Responsum).
1606 885 1673 905 ora-

968 918 1071 948 culmu
1102 918 1292 958 Delphicum
1330 917 1460 958 ejusque
1503 917 1672 958 descriptio

969 961 1050 996 xxiv.
1066 964 1097 997 6,
1113 964 1134 992 6
1157 961 1195 990 ad
1214 959 1370 991 oraculum
1386 960 1575 1000 Delphicum
1604 971 1674 1000 pro-

971 1003 1067 1034 ficisci
1089 1003 1136 1040 iii,
1151 1006 1182 1039 3,
1199 1006 1238 1034 11
1256 1001 1371 1033 oraculi
1385 1003 1506 1033 diversa
1521 1002 1675 1033 sententia

972 1046 1031 1075 suit
1053 1046 1096 1082 iii,
1122 1049 1155 1081 4,
1179 1049 1218 1077 16
1242 1046 1370 1086 antiqua
1400 1045 1523 1076 oracula
1553 1045 1676 1075 cecine-

971 1093 1043 1118 runt
1078 1088 1120 1125 xi,
1151 1091 1183 1124 7,
1212 1090 1232 1119 4
1284 1088 1408 1118 oracula
1450 1088 1676 1128 responderunt

972 1131 1013 1166 xi,
1038 1134 1070 1166 7,
1096 1134 1136 1162 10
1165 1130 1289 1160 oracula
1318 1130 1477 1161 consulere
1514 1130 1567 1166 xii,
1599 1133 1632 1166 2,
1655 1133 1675 1161 8

973 1174 1097 1204 oracula
1111 1173 1268 1213 Delphica
1291 1174 1465 1213 praedicunt
1487 1172 1580 1202 alicui
1604 1172 1678 1202 insi-

973 1216 1039 1246 dias
1075 1216 1129 1252 xii,
1159 1220 1191 1252 2,
1219 1219 1237 1248 3
1277 1217 1315 1245 ad
1347 1215 1505 1246 oraculum
1533 1215 1678 1256 Delphos

975 1258 1091 1298 legatos
1107 1258 1227 1289 mittere
1250 1269 1301 1294 xx,
1317 1261 1348 1293 3,
1366 1262 1382 1290 1

1018 1301 1112 1331 Orare
1136 1301 1157 1336 i,
1174 1304 1205 1335 6,
1225 1304 1275 1332 13.
1298 1301 1362 1337 viii,
1379 1303 1410 1335 4,
1423 1302 1454 1330 4.
1489 1299 1541 1336 xii,
1568 1302 1621 1336 12,
1647 1302 1679 1330 6.

974 1354 1043 1378 xxx,
1060 1347 1091 1378 2,
1109 1346 1139 1373 8.
1163 1343 1287 1378 xxxviii,
1305 1347 1337 1378 5,
1353 1346 1384 1374 9.
1407 1342 1507 1379 xxxix,
1524 1347 1556 1378 5,
1572 1345 1590 1373 7

1019 1386 1126 1416 Oratio
1153 1386 1345 1415 Mithridatis
1367 1385 1490 1420 xxxviii,
1506 1387 1526 1416 4
1550 1394 1605 1425 per
1631 1389 1679 1413 to-

976 1434 1050 1458 tum.
1067 1429 1163 1458 oratio
1176 1428 1324 1458 acuminis
1338 1433 1367 1458 et
1385 1427 1515 1457 solertiae
1531 1428 1633 1467 plena,
1647 1432 1681 1456 ut

976 1481 1033 1501 nec
1049 1471 1170 1500 ornatui
1180 1471 1321 1504 facilitas,
1337 1481 1395 1501 nec
1411 1470 1553 1500 facilitati
1569 1469 1681 1500 inven—

977 1513 1096 1543 tionum
1114 1514 1238 1543 deesset
1253 1519 1378 1542 ornatus
1404 1513 1444 1547 ix,
1461 1515 1492 1547 8,
1511 1515 1550 1543 10

1021 1556 1133 1586 Orator
1157 1556 1368 1596 Syracusanus
1398 1555 1511 1595 Lycias
1545 1564 1575 1589 v,
1600 1556 1633 1590 9,
1660 1556 1681 1584 9

979 1597 1216 1628 Atheniensium
1248 1598 1477 1628 Demosthenes
1509 1596 1573 1632 xiii,
1601 1601 1632 1632 5,
1660 1599 1680 1626 9

979 1641 1027 1670 Μ.
1060 1641 1139 1672 Cato
1169 1640 1297 1671 Catonis
1321 1640 1446 1670 oratoris
1469 1639 1551 1669 filius
1572 1638 1683 1674 xxxiii,

979 1687 1010 1719 2,
1029 1686 1045 1714 1
1071 1689 1223 1713 oratorum
1239 1683 1322 1724 apud
1348 1681 1553 1713 Athenienses
1576 1686 1683 1712 aucto-

979 1726 1051 1755 ritas
1074 1726 1114 1761 xi,
1130 1728 1162 1761 4,
1180 1729 1221 1756 10

1024 1768 1114 1798 Orbis
1128 1773 1273 1798 terrarum
1289 1766 1363 1806 (pro
1390 1766 1485 1796 totius
1510 1765 1591 1796 orbis
1614 1771 1685 1795 terr.

980 1811 1069 1840 rebus
1095 1810 1216 1851 gestis),
1239 1809 1330 1840 Praef.
1359 1812 1379 1840 2
1404 1809 1483 1839 orbis
1507 1807 1586 1838 vires
1609 1812 1682 1848 (pro

981 1852 1075 1882 totius
1105 1853 1203 1890 orbis)
1226 1852 1289 1887 viii,
1315 1855 1348 1887 2,
1377 1854 1398 1882 6
1429 1851 1510 1881 orbis
1538 1856 1682 1881 terrarum

981 1895 1123 1935 princeps
1139 1895 1261 1925 Graecia
1283 1894 1347 1929 viii,
1362 1896 1394 1930 4,
1405 1897 1424 1925 7
1442 1894 1522 1923 orbis
1538 1898 1681 1923 terrarum

982 1937 1132 1973 vindices,
1150 1938 1225 1967 ibid.
1249 1936 1330 1966 orbis
1345 1936 1466 1977 imperii
1481 1936 1685 1966 fundamenta

977 1979 1056 2019 jecit
1071 1985 1158 2020 pater
1181 1980 1221 2015 ix,
1239 1982 1270 2016 8,
1285 1982 1326 2011 21
1355 1979 1436 2008 orbis
1451 1983 1596 2008 terrarum
1611 1988 1686 2018 spo—

981 2022 1029 2051 liis
1058 2023 1167 2052 referta
1193 2023 1264 2051 urbs
1286 2021 1328 2056 xi,
1347 2024 1399 2058 14,
1423 2024 1464 2052 10
1493 2020 1574 2050 orbis
1604 2020 1686 2051 bella

982 2064 1068 2094 finire
1080 2065 1112 2094 in
1129 2075 1190 2094 uno
1206 2064 1311 2105 capite
1333 2063 1388 2099 xii,
1404 2066 1435 2099 9,
1453 2066 1474 2094 6
1497 2063 1578 2093 orbis
1594 2068 1687 2093 terra-

983 2117 1047 2136 rum
1063 2113 1233 2137 conventus
1257 2106 1311 2142 xii,
1330 2108 1381 2141 13,
1398 2109 1417 2137 3
1442 2106 1522 2136 orbis
1539 2111 1685 2136 terrarum

982 2150 1081 2179 victus
1104 2150 1168 2185 xiii,
1199 2153 1229 2186 1,
1262 2152 1300 2180 14
1324 2148 1405 2178 orbis
1431 2148 1598 2178 domitores
1621 2148 1687 2184 xiv,

982 2195 1014 2227 4,
1040 2195 1082 2223 20
1110 2192 1211 2233 (Vide
1236 2197 1268 2222 et
1295 2191 1366 2220 Ind.
1392 2191 1424 2221 in
1453 2190 1555 2231 Nep.)
1582 2190 1691 2220 Vorst.

984 2240 1049 2264 toto
1062 2235 1133 2265 orbe
1144 2234 1277 2275 regionis
1290 2234 1364 2273 (pro
1376 2233 1492 2272 tractu)
1507 2233 1608 2268 xxxvi,
1621 2235 1651 2267 3,
1667 2237 1686 2263 5

1027 2276 1177 2307 Orbitatis
1205 2276 1293 2306 dolor
1326 2276 1346 2311 i,
1362 2279 1394 2310 5,
1412 2278 1443 2306 8.
1465 2275 1487 2310 i,
1505 2279 1537 2312 8,
1552 2278 1587 2306 9.
1622 2274 1688 2311 xlii,

985 2321 1017 2354 4,
1051 2322 1089 2350 17
1130 2318 1290 2349 orbitatem
1336 2317 1513 2347 amissorum
1556 2317 1687 2347 filiorum

984 2361 1089 2392 dolere
1111 2361 1194 2398 xxiv,
1210 2365 1241 2402 5,
1255 2363 1275 2392 9
1312 2360 1403 2389 exilio
1428 2359 1536 2390 addita
1558 2359 1689 2390 orbitate

987 2403 1018 2439 ii,
1035 2406 1066 2438 4,
1083 2406 1103 2434 4

1029 2446 1130 2476 Orbus
1146 2444 1247 2476 liberis
1276 2443 1356 2480 xxvi,
1374 2447 1405 2480 1,
1421 2447 1441 2475 8
1464 2444 1538 2474 orba
1564 2444 1692 2485 respub-

987 2488 1045 2518 lica
1072 2489 1149 2529 (hoc
1178 2493 1236 2524 est,
1260 2492 1369 2517 senatu
1393 2487 1522 2527 privata,
1561 2487 1615 2527 qui
1641 2492 1690 2517 est

987 2531 1081 2560 instar
1094 2530 1231 2570 patrum)
1254 2529 1316 2565 xxi,
1331 2532 1364 2565 4,
1379 2532 1398 2560 3
1423 2529 1560 2559 Freinsh.

1030 2572 1230 2603 Orchomenii
1264 2572 1482 2602 Thebanorum
1517 2572 1622 2603 hostes
1647 2571 1690 2608 xi,

988 2618 1019 2651 3,
1036 2618 1056 2646 8

1032 2657 1184 2688 Ordinare
1212 2657 1309 2687 aciem
1334 2656 1411 2696 (hoc
1439 2659 1497 2691 est,
1523 2654 1691 2696 instruere)

989 2699 1030 2735 xi,
1045 2703 1077 2734 9.
1093 2703 1113 2731 8
1136 2699 1160 2729 F
1163 2700 1277 2730 reinsh.
1299 2698 1446 2729 ordinatis
1472 2698 1561 2728 rebus
1582 2698 1690 2728 Mace-

989 2743 1092 2772 doniae
1128 2742 1193 2778 viii,
1223 2745 1256 2778 6,
1282 2744 1301 2772 3
1327 2740 1468 2770 ordinare
1497 2740 1632 2780 aliquem
1658 2740 1692 2770 in

990 2784 1214 2816 successionem
1230 2784 1314 2824 regni
1338 2783 1410 2818 xvii,
1439 2786 1469 2817 1,
1495 2786 1515 2814 4
1551 2782 1691 2814 ordinare

989 2827 1186 2867 disciplinam
1200 2827 1359 2857 militarem
1375 2825 1458 2861 xviii,
1471 2829 1501 2861 1,
1516 2828 1531 2856 1
1549 2825 1690 2856 ordinare.

990 2870 1173 2907 tribunatus,
1211 2869 1419 2910 praesecturas‚
1453 2868 1583 2899 ducatus
1619 2879 1689 2905 xxx,

991 2916 1022 2949 2,
1035 2917 1054 2944 5

1034 2955 1118 2986 Ordo
1135 2954 1283 2987 nascendi
1298 2953 1506 2986 observandus
1521 2951 1552 2983 in
1567 2962 1688 2984 succes·=
