2101 3419
755 318 805 349 IN

195 422 290 453 supra
305 410 425 444 culmen
441 414 550 445 domus
573 414 626 452 xii,
643 417 694 450 16,
711 419 729 447 5

240 456 417 496 Perpetrare
434 457 544 487 bellum
557 457 629 499 (pro
643 458 746 498 finire)
761 458 812 495 xii,
828 461 860 495 3,
873 461 893 490 2

197 496 334 529 Freinsh.
350 499 539 540 sacrilegium
553 500 575 536 i,
591 503 623 537 9,
636 503 656 531 8
670 500 788 532 facinus
801 501 892 538 xxvii,

199 542 215 569 l
222 563 231 576 ,
245 543 264 570 3

239 582 386 622 Perpetui
413 583 519 614 AEtnae
545 583 656 614 montis
677 583 763 624 ignes
796 584 838 621 iv,
861 587 892 621 l,

198 627 235 655 11
262 629 410 664 perpetua
426 626 514 657 sedes
542 626 595 662 xii,
621 629 654 662 2,
679 629 719 658 10
741 627 818 657 fides
839 628 892 663 xii,

199 669 251 701 12,
278 669 298 697 2
321 667 463 706 apricitas
492 669 594 705 xxxvi,
623 671 655 704 3,
679 672 697 699 5
735 669 892 709 virginitas

196 707 273 744 xliii,
288 711 320 743 2,
335 711 355 739 2
378 709 410 739 in
426 716 608 751 perpetuum
630 710 795 742 amicitiam
818 712 892 754 jun·

197 761 267 790 gere
283 761 352 780 cum
368 751 472 792 aliquo
494 753 568 789 xliii,
584 757 616 789 5,
631 754 651 783 ⁷

238 793 434 833 Perpetuitas
456 795 500 830 iii,
515 797 547 830 4,
561 798 602 826 16

237 834 394 876 Perpetuo
418 836 451 873 ii,
466 839 498 874 3,
515 841 545 868 1.
568 836 621 872 xii,
636 838 668 873 2,
685 839 715 868 8.
750 836 834 874 xviii,
858 841 890 874 5,

239 918 417 959 Perquirere
433 920 506 961 (pro
521 922 672 963 quaerere)
688 922 752 958 xiii,
767 924 799 959 7,
815 925 835 954 8

239 961 412 1002 Perrogatis
441 964 581 994 omnibus
610 966 687 1005 (hoc
716 969 773 1000 est,
821 975 891 995 cum

195 1004 334 1074 {mnium
349 1006 533 1036 sententiam
547 1006 699 1049 rogasset)
721 1007 802 1044 xxxi,
823 1011 856 1044 5,
871 1010 888 1039 l

225 1045 335 1075 reinsh.

240 1088 341 1118 Persae
358 1098 376 1118 a
390 1088 496 1120 Medis
510 1090 660 1121 deficiunt
694 1091 715 1126 i,
731 1094 763 1127 6,
779 1093 800 1121 9
824 1091 891 1121 bel-

196 1129 259 1159 lum
275 1136 385 1170 gerunt
398 1142 468 1161 cum
484 1131 659 1163 Alexandro
683 1133 723 1168 xi,
739 1137 771 1169 2,
786 1136 817 1164 6.
847 1134 890 1170 xi,

197 1175 229 1207 5,
249 1174 263 1203 l
289 1182 359 1202 cum
385 1172 628 1206 Atheniensibus
654 1175 686 1210 ii,
713 1178 745 1211 9,
767 1178 786 1206 3
820 1186 890 1206 cum

195 1213 315 1245 Graecis
337 1214 370 1251 ii,
388 1218 438 1250 11,
455 1218 486 1247 4.
509 1217 542 1252 ii,
559 1220 611 1253 14,
625 1221 644 1249 7
670 1228 739 1248 cum
768 1217 890 1248 Parthis

196 1256 298 1294 xxxvi,
315 1260 346 1293 1,
360 1260 381 1288 4
404 1268 474 1289 cum
486 1258 610 1300 Scythis
631 1260 654 1296 i,
667 1262 698 1295 8,
712 1263 764 1291 11.
778 1260 890 1296 xxxvii,

196 1301 228 1334 3,
255 1302 275 1330 2
312 1299 414 1330 Persae
442 1300 475 1330 in
503 1302 646 1332 custodes
681 1302 816 1343 corporis
852 1303 890 1332 ab

194 1341 372 1372 Alexandro
385 1342 457 1373 lecti
480 1343 532 1379 xii,
549 1346 602 1379 12,
617 1346 637 1375 4
661 1343 762 1374 Persae
784 1344 816 1374 in
842 1345 891 1374 di-

193 1383 313 1414 visione
324 1385 442 1425 imperii
452 1384 803 1426 AlexandriTlepolemo
811 1392 892 1418 sorte

195 1427 325 1456 veniunt
357 1427 421 1463 xiii,
435 1430 469 1465 4,
484 1430 524 1458 25
558 1428 718 1459 Persarum
743 1429 846 1460 clades
868 1429 890 1465 i,

195 1470 296 1504 8,]1.
317 1469 431 1505 xxxvii,
446 1472 478 1506 3,
493 1472 524 1500 2.
547 1470 580 1506 ii,
596 1473 628 1506 9,
655 1474 687 1502 3.
722 1471 756 1507 ii,
782 1474 834 1508 14,
859 1474 890 1503 7.

195 1511 237 1547 xi,
253 1514 285 1546 9,
301 1514 342 1543 12
365 1511 452 1542 Deus
484 1512 507 1548 i,
534 1515 586 1549 10,
611 1517 630 1544 5
664 1523 738 1553 gens
763 1514 891 1545 obscura

195 1553 353 1593 quondam
381 1554 404 1590 i,
429 1556 462 1590 4,
487 1557 508 1585 4
541 1565 606 1585 mos
635 1556 760 1586 adorare
788 1567 890 1597 regem

196 1595 239 1631 vi,
254 1598 285 1632 2,
302 1598 342 1627 13
366 1607 431 1626 mos
456 1596 488 1626 in
514 1597 663 1627 conviviis
698 1598 751 1634 vii,
768 1600 799 1634 3,
815 1601 834 1629 3
857 1598 890 1629 in

196 1638 349 1669 electione
374 1648 480 1679 regum
509 1650 539 1674 x,
565 1642 595 1675 1,
618 1642 638 1671 2
660 1639 821 1670 Persarum
843 1651 891 1671 re·

196 1690 268 1720 gum
284 1691 413 1722 persona
427 1681 482 1711 sub
498 1681 601 1721 specie
613 1681 780 1722 majestatis
797 1693 890 1713 occu-

195 1722 267 1752 litur
304 1723 326 1759 i,
352 1727 384 1759 9,
401 1726 439 1754 ll
479 1724 637 1754 Persarum
665 1735 769 1765 regum
803 1725 890 1755 habi-

197 1769 262 1795 tum
294 1766 421 1796 assumit
449 1765 630 1796 Alexander
651 1767 702 1802 xii,
718 1769 750 1804 3,
767 1769 787 1797 8
815 1767 889 1797 Per-

192 1817 295 1837 sarum
323 1819 428 1849 regum
454 1808 579 1838 ultimus
606 1807 720 1838 Darius
756 1819 786 1844 x,
812 1812 843 1844 3,
868 1813 888 1840 7

194 1851 297 1882 Persae
310 1851 382 1891 (pm
397 1850 519 1890 Persia)
532 1862 540 1888 ;
555 1861 625 1881 cum
640 1850 751 1881 dicitur
762 1850 800 1880 In
816 1851 890 1881 Per·

195 1904 244 1923 sas
268 1894 409 1934 ablegare
431 1893 564 1933 aliquem
586 1893 608 1928 i,
630 1897 662 1929 5,
683 1896 704 1924 9
731 1898 764 1923 et
787 1896 828 1925 10
857 1894 890 1924 in

196 1935 297 1966 Persis
311 1935 432 1977 genitus
455 1935 476 1971 i,
492 1938 524 1970 6,
540 1938 559 1966 3
583 1934 686 1965 Vorst.

238 1978 428 2008 Perscribere
442 1978 584 2018 quaedam
598 1977 690 2008 alicui
711 1976 744 2013 ii,
768 1980 820 2014 10,
837 1981 890 2010 13.

195 2020 258 2056 xxi,
273 2023 305 2056 6,
321 2023 343 2051 6

238 2061 411 2103 Persepolis
431 2061 453 2098 i,
469 2064 499 2099 6,
517 2064 537 2093 3
560 2060 680 2102 capitur
694 2062 733 2092 ab
751 2060 890 2093 Alexan·

195 2105 250 2136 dro
273 2105 315 2141 xi,
331 2107 384 2142 14,
400 2107 441 2135 10

239 2147 389 2188 Persequi
403 2145 573 2177 defectores
603 2146 664 2182 xvi,
687 2149 717 2182 1,
741 2149 780 2178 13
815 2146 889 2177 belli

194 2190 337 2231 reliquias
359 2189 431 2225 xxii,
447 2192 477 2224 8,
494 2192 533 2220 15
557 2188 708 2226 civitates,
722 2199 792 2230 quae
811 2189 888 2220 defi-

194 2233 283 2264 ciunt
302 2232 386 2267 xviii,
398 2234 428 2267 1,
442 2234 463 2262 9

238 2273 469 2306 Perseverantia
482 2272 554 2302 belli
575 2272 621 2308 iii,
636 2275 668 2308 4,
682 2274 703 2303 4

238 2318 435 2348 Perseverare
447 2315 480 2344 in
495 2313 576 2345 bello
597 2315 639 2350 iv,
654 2318 686 2350 5,
699 2317 718 2345 3
748 2324 888 2354 perseve-

194 2364 261 2390 rata
273 2358 318 2389 illi
332 2358 437 2388 inedia
451 2361 497 2386 est
518 2356 680 2396 quatriduo
712 2356 764 2391 xii,
789 2359 820 2392 6,
846 2360 885 2388 15

192 2410 385 2443 perseverare
399 2400 429 2429 in
443 2399 558 2428 saevitia
579 2399 640 2435 xvi,
663 2401 696 2434 4,
726 2401 766 2430 12
799 2399 887 2429 bellis

196 2443 350 2475 continuis
365 2440 489 2477 xxxviii,
502 2443 535 2476 4,
548 2443 587 2471 11

238 2486 368 2517 Perseus
384 2483 522 2523 Philippi
533 2482 612 2512 filius
628 2487 746 2522 patrem
758 2482 799 2513 ad
821 2493 886 2522 par-

193 2529 335 2559 ricidium
361 2525 493 2566 impellit
527 2524 619 2560 xxxii,
640 2528 672 2560 2,
697 2527 737 2555 10
770 2525 885 2555 bellum

195 2582 266 2603 cum
279 2569 429 2601 Romanis
444 2567 521 2608 gerit
539 2566 631 2602 xxxii,
647 2569 678 2602 3,
692 2569 712 2598 4
740 2571 772 2596 et
794 2568 885 2596 undi-

194 2624 256 2655 que
270 2612 382 2643 auxilia
395 2609 548 2642 contrahit
567 2608 659 2645 xxxii,
674 2611 705 2646 4,
722 2611 739 2640 1
755 2609 886 2640 vincitur

192 2663 226 2687 et
240 2655 359 2696 capitur
380 2652 484 2688 xxxiii,
499 2655 531 2687 2,
546 2655 564 2682 5
781 2693 788 2700 ·

239 2697 396 2728 Persicum
421 2705 528 2725 aurum
560 2693 593 2729 ii,
619 2694 672 2729 14,
695 2695 728 2724 6.
760 2703 801 2729 xl,
816 2696 884 2728 5,9

195 2739 351 2770 Persicum
378 2737 540 2778 imperium
555 2739 735 2777 perpetuum
758 2735 801 2772 xi,
816 2738 848 2771 9,
863 2738 883 2767 8

195 2782 383 2813 Persicarum
397 2779 588 2810 foeminarum
601 2778 719 2809 facinus
739 2777 760 2814 i,
773 2781 805 2815 6,
822 2780 862 2810 14

238 2823 403 2854 Persimilis
424 2823 446 2859 i,
460 2824 492 2858 9,
505 2824 545 2852 10

842 317 1112 351 Jus'rmum.
1595 312 1636 354 ci

986 416 1163 448 Persolvere
1178 416 1302 458 praemia
1327 417 1439 455 xxxvii,
1455 420 1486 455 1,
1500 421 1521 450 2

986 459 1122 490 Persona
1135 460 1214 500 regis
1233 461 1316 501 apud
1341 461 1448 491 Persas
1463 462 1519 492 sub
1533 463 1637 503 specie

942 501 1110 541 majestatis
1139 502 1291 533 occulitur
1312 503 1334 538 i,
1375 506 1407 539 9,
1434 506 1470 534 11
1502 514 1637 545 quaerere

942 543 982 573 de
999 553 1129 583 persona
1143 544 1221 584 regis
1233 545 1284 584 (id
1299 550 1356 581 est,
1375 545 1443 586 quis
1457 556 1508 576 rex
1522 549 1638 578 consti-

941 586 1075 616 tuendus
1089 585 1145 626 sit)
1167 587 1208 622 xi,
1230 589 1262 622 7,
1285 589 1322 618 11
1358 597 1518 628 personam
1542 591 1638 622 occisi

941 627 1132 658 considerare
1147 627 1296 669 (quantus
1319 629 1363 658 vir
1375 630 1484 671 suerit)
1505 631 1557 667 xii,
1572 635 1604 668 6,
1617 637 1635 665 5

941 668 1044 699 Vorst.
1095 680 1132 700 ex
1157 681 1289 710 persona
1314 671 1466 702 sociorum
1495 672 1636 706 inducias

941 721 1081 751 rumpere
1103 712 1148 748 iii,
1164 715 1196 748 7,
1213 716 1254 744 14

983 753 1155 784 Personant
1170 755 1274 784 omnia
1289 754 1454 785 ululatibus
1477 756 1537 792 xix,
1559 760 1591 793 2,
1615 762 1635 790 8

941 797 1175 836 personantibus
1190 797 1269 827 inter
1283 807 1314 828 se
1328 797 1454 837 rupibus
1476 799 1556 836 xxiv,
1568 803 1600 837 6,
1616 804 1636 832 8

983 838 1161 878 Perspicere
1173 839 1315 879 quaedam
1331 839 1428 870 oculis
1449 840 1531 877 xxiv,
1559 845 1591 879 8,
1615 847 1636 875 6

940 880 1153 920 aegritudinem
1169 880 1299 921 alicujus
1320 881 1413 917 xxxii,
1429 885 1460 917 2,
1479 885 1498 914 8

985 922 1124 954 Perstare
1152 923 1184 952 in
1212 924 1292 954 bello
1322 924 1395 964 (pro
1432 926 1638 969 perseverare)

940 964 1003 1000 xiv,
1019 967 1050 1001 3,
1066 970 1084 996 5
1108 970 1242 1005 perstare
1255 967 1287 996 in
1299 965 1428 996 macello
1450 967 1511 1003 xxi,
1527 972 1559 1003 5,
1573 972 1594 1000 6

984 1007 1189 1048 Perstringere
1228 1008 1317 1038 initia
1343 1007 1480 1039 Romani
1516 1010 1636 1051 imperii

940 1047 1014 1089 (pro
1030 1049 1160 1080 breviter
1174 1050 1344 1090 exponere)
1359 1051 1435 1087 xliii,
1453 1055 1482 1089 1,
1496 1055 1516 1082 2
1532 1052 1638 1085 Vorst.

984 1091 1172 1122 Persuadere
1187 1093 1278 1123 alicui
1300 1092 1364 1128 xiii,
1384 1096 1416 1129 8,
1432 1097 1450 1125 5
1483 1097 1635 1135 persuasis

940 1133 1016 1162 mori
1030 1134 1107 1163 nihil
1122 1134 1245 1165 difficile
1260 1135 1442 1176 persuadere
1463 1136 1497 1178 ii,
1510 1140 1562 1174 11,
1574 1141 1615 1171 14

982 1174 1143 1207 Persuasio
1168 1177 1269 1213 xxxiV,
1284 1180 1316 1213 4,
1333 1180 1353 1208 2

983 1217 1135 1249 Pertaesus
1163 1219 1256 1250 vitam
1298 1219 1476 1260 opulentam
1512 1221 1637 1260 xxxviii,

940 1260 972 1295 9,
987 1261 1008 1290 4

983 1301 1158 1332 Pertinacia
1172 1302 1326 1333 muliebris
1349 1303 1449 1340 xxxix,
1465 1307 1496 1341 3,
1510 1307 1551 1336 10

982 1343 1122 1374 Pertinet
1135 1345 1175 1374 ad
1190 1345 1282 1386 hujus
1296 1346 1537 1377 emolumentum
1549 1358 1634 1388 egre-

939 1385 990 1425 gie
1010 1386 1052 1422 ix,
1069 1390 1100 1422 1,
1116 1390 1136 1417 2
1159 1389 1243 1428 quod
1259 1388 1297 1418 ad
1314 1388 1462 1419 ultionem
1484 1390 1637 1430 pertineat

939 1429 1012 1468 (pro
1028 1429 1174 1469 attineat)
1191 1430 1233 1465 xi,
1250 1433 1301 1466 15,
1317 1433 1357 1461 12
1379 1432 1462 1472 quod
1479 1433 1517 1462 ad
1534 1433 1637 1463 hostes

939 1471 1072 1510 pertinet
1085 1471 1147 1507 xix,
1164 1475 1195 1508 3,
1211 1475 1231 1503 7
1248 1472 1404 1512 pertinent
1417 1473 1462 1504 illi
1478 1475 1518 1504 ad
1533 1484 1636 1506 curam

939 1512 1078 1543 Deorum
1100 1513 1180 1550 xliii,
1195 1518 1226 1549 5,
1243 1517 1262 1545 7
1275 1515 1378 1545 Vorst.

982 1555 1171 1586 Pertractare
1186 1562 1281 1596 caput
1302 1557 1325 1594 i,
1339 1560 1370 1593 9,
1387 1560 1428 1589 17
1450 1557 1545 1588 imum
1559 1569 1633 1590 ven-

939 1601 1015 1627 trem
1038 1597 1162 1634 xxxviii,
1185 1601 1216 1634 1,
1233 1602 1254 1629 9

982 1639 1145 1680 Pervagari
1160 1641 1316 1681 regionem
1339 1641 1449 1678 xxxvii,
1463 1644 1494 1678 3,
1509 1644 1530 1673 4

980 1681 1143 1713 Pervenire
1158 1683 1198 1712 ad
1211 1683 1346 1713 adultam
1362 1688 1484 1714 aetatem
1504 1684 1549 1721 iii,
1571 1688 1602 1721 2,
1615 1690 1634 1717 5

938 1723 978 1753 ad
1005 1724 1112 1765 viginti
1142 1735 1238 1755 annos
1260 1725 1323 1761 viii,
1339 1728 1372 1761 6,
1395 1729 1414 1757 7
1450 1727 1490 1756 ad
1512 1727 1638 1767 triginta

938 1775 1036 1796 annos
1057 1766 1102 1802 iii,
1131 1769 1164 1802 4,
1194 1770 1214 1798 8
1251 1767 1390 1807 pervenit
1418 1769 1635 1800 detrimentum

938 1818 1029 1838 omne
1043 1809 1083 1839 ad
1099 1809 1188 1839 unius
1203 1820 1352 1840 summam
1367 1810 1486 1850 imperii
1507 1812 1547 1847 vi,
1569 1814 1599 1847 1,
1615 1817 1634 1844 5

938 1850 1079 1890 pervenit
1091 1861 1219 1892 regnum
1233 1852 1273 1881 ad
1288 1852 1420 1893 aliquem
1432 1863 1486 1893 per
1495 1854 1634 1885 ordinem

937 1893 1140 1923 successionis
1166 1893 1220 1930 vii,
1234 1897 1266 1929 4,
1283 1896 1302 1925 3

980 1934 1114 1975 Pervigil
1130 1946 1190 1965 nox
1221 1936 1272 1972 xii,
1290 1938 1343 1972 13,
1358 1938 1378 1966 ⁷

978 1976 1153 2018 Pervigiliae
1168 1978 1281 2008 malum
1303 1978 1383 2014 xxiv,
1394 1980 1425 2014 8,
1443 1981 1483 2010 14

978 2018 1175 2060 Pervigilium
1204 2020 1304 2051 noctis
1331 2021 1396 2062 (est
1423 2021 1547 2061 quando
1570 2027 1636 2053 tota

937 2065 1029 2091 nocte
1045 2061 1204 2103 vigilatur)
1225 2062 1291 2099 xiii,
1307 2065 1338 2099 S,
1354 2066 1375 2094 6
1397 2062 1535 2094 Freinsh.

978 2103 1162 2136 Per-vincere
1189 2105 1263 2146 (pro
1288 2105 1445 2147 obtinere)
1479 2106 1521 2143 ix,
1550 2109 1583 2144 7,
1612 2111 1632 2139 7

936 2144 1075 2177 Freinsh-

979 2187 1120 2219 Perusini
1134 2187 1320 2220 Achaeorum
1335 2189 1498 2230 progenies
1523 2201 1574 2228 xx,
1598 2193 1631 2227 1,

979 2271 1060 2302 Pes:
1083 2273 1164 2313 pede
1191 2272 1319 2303 claudus
1343 2273 1386 2309 vi,
1408 2276 1439 2309 2,
1461 2276 1479 2304 5
1510 2284 1573 2304 non
1599 2275 1632 2305 in

935 2314 1067 2353 pedibus
1090 2315 1235 2355 cuiquam
1258 2325 1338 2355 spes,
1370 2316 1424 2345 sed
1451 2315 1484 2345 in
1511 2316 1632 2348 lacertis

935 2355 994 2385 fuit
1016 2355 1057 2392 xi,
1073 2359 1104 2393 6,
1129 2359 1149 2387 7
1183 2356 1261 2387 servi
1289 2357 1471 2387 Parthorum
1499 2359 1631 2399 pedibus

934 2397 1085 2428 incedunt
1106 2398 1159 2434 xli,
1180 2401 1211 2434 3,
1227 2401 1247 2430 4

975 2439 1144 2470 Pessimum
1168 2440 1342 2481 exemplum
1363 2440 1396 2470 in
1419 2440 1552 2483 aliquem
1574 2447 1633 2473 sta·

933 2486 1018 2512 tuere
1030 2482 1092 2518 xiv,
1108 2486 1138 2517 1,
1155 2485 1195 2513 12

976 2524 1107 2555 Pestifer
1132 2525 1241 2555 humor
1266 2524 1350 2561 xxiii,
1374 2527 1407 2561 2,
1431 2528 1452 2558 4
1488 2527 1633 2567 pestifera

932 2566 998 2596 lues
1013 2567 1104 2602 xxxii,
1119 2569 1150 2602 3,
1165 2570 1186 2598 9

975 2608 1126 2639 Pestilens
1139 2609 1223 2639 sidus
1237 2608 1297 2644 xix,
1313 2611 1346 2645 2,
1361 2611 1380 2640 7

973 2650 1165 2686 Pestilentia,
1181 2651 1213 2680 in
1228 2650 1359 2681 Boeotiis
1373 2651 1532 2682 Heracleae
1547 2653 1630 2683 urbis

931 2702 1023 2723 causa
1037 2693 1098 2729 xvi,
1111 2696 1143 2729 3,
1156 2696 1176 2724 4
1206 2693 1239 2722 in
1251 2693 1350 2723 Thera
1363 2693 1463 2724 insula
1478 2694 1630 2735 Cyrenai·

931 2745 975 2766 cae.
992 2735 1073 2765 urbis
1086 2745 1180 2766 causa
1192 2735 1257 2770 xiii,
1272 2738 1304 2771 7,
1319 2738 1340 2766 4

975 2777 1074 2808 Pestis
1095 2788 1132 2808 ex
1153 2778 1233 2808 same
1256 2777 1288 2812 ii,
1311 2779 1363 2812 13,
1388 2779 1428 2808 12
1456 2777 1523 2819 (Ita
1545 2779 1629 2818 apud

931 2818 1052 2850 Florum
1075 2819 1119 2856 iii,
1136 2823 1167 2856 5,
1183 2822 1256 2861 27).
1279 2820 1310 2849 in
1325 2819 1461 2851 Crotone
1477 2826 1508 2851 et
1521 2821 1628 2852 Meta-
