2174 3424
501 345 588 386 646

504 452 545 480 37
550 472 558 481 ,
584 450 594 467 ‘
605 450 672 481 Sed
684 450 885 483 rusticorum
900 453 1049 485 mascula
1060 453 1200 486 militum

502 500 646 532 Proles!
668 501 774 541 Bong.

549 551 629 581 Cum
643 551 679 582 de
694 561 788 591 regno
803 552 1009 595 ambigerent]
1031 554 1103 586 Liv.
1120 564 1199 587 xxr.

501 603 556 634 31.
598 602 607 618 ‘
632 602 741 643 Regni
779 606 965 636 certamine
1003 606 1198 646 ambigere.’

501 652 636 684 Terent.
669 653 792 685 Heant.
822 665 876 687 111.
904 659 933 688 1.
964 660 1016 689 93.
1060 657 1198 688 ‘Vicini

501 704 608 735 nostri
624 703 678 735 hic
692 705 867 746 ambigunt
882 706 924 738 de
941 706 1083 739 finibus.’
1117 709 1197 739 Fes-

501 756 556 783 tus
578 753 611 784 in
635 763 668 784 v.
687 754 792 786 silvii.
815 756 824 772 ‘
844 756 953 787 Quum
970 757 1061 789 inter
1080 767 1136 789 eos
1152 758 1195 789 de

499 811 605 842 regno
618 803 872 844 ambigeretur!
897 806 997 838 Gron.

545 852 751 894 concordare]
777 854 865 885 Nam
882 856 962 887 alias
985 861 1104 889 natura
1126 857 1194 888 ‘in-

501 902 662 934 sociabile
687 905 849 945 regnum,’
870 908 947 938 Tac.
964 908 1006 939 A.
1033 918 1116 941 xnl.
1143 913 1194 941 17.

498 951 508 967 ‘
523 953 598 984 Nec
622 963 728 994 regna
753 956 878 987 socium
901 956 991 988 ferre
1015 968 1078 990 nec
1103 960 1192 991 tedae

498 1002 634 1042 sciunt,'
648 1005 726 1037 Sen.
739 1005 936 1047 Agamemn.
952 1011 1026 1040 259.
1051 1010 1151 1041 Rern.

542 1053 559 1092 ᾧ
576 1055 595 1083 2
625 1053 749 1086 Virtute
764 1059 794 1086 et
809 1056 983 1096 nobilitate,
996 1058 1064 1098 §sc-J
1101 1060 1191 1092 Hine

498 1102 714 1144 intelligitur,
732 1107 811 1147 quid
835 1107 897 1138 sibi
918 1108 1024 1139 velint
1039 1109 1105 1141 ista
1117 1111 1191 1142 Val.

499 1154 548 1184 M.
563 1164 625 1185 vn.
648 1158 678 1186 3.
705 1157 783 1188 Ext.
796 1160 828 1189 2.
850 1159 862 1175 ‘
880 1158 1002 1190 Darius
1019 1169 1078 1190 sex
1101 1160 1192 1202 adju-

497 1205 626 1236 toribus
648 1207 797 1247 ejusdem
821 1208 997 1250 dignitatis
1015 1211 1193 1252 assumtis,’

497 1256 562 1285 &c.
586 1256 641 1296 qui
659 1257 750 1288 locus
767 1267 786 1288 a
801 1258 843 1289 V.
857 1259 899 1289 cl.
915 1260 1012 1300 Casp.
1026 1261 1190 1294 Gevartio

496 1303 607 1336 Elect.
625 1314 648 1336 1.
663 1308 690 1337 1.
706 1307 833 1346 optime
851 1310 1028 1342 restitutus
1043 1313 1192 1352 explica-

497 1358 631 1395 tusque,
653 1365 787 1389 crucem
804 1358 913 1390 doctis
927 1359 1000 1392 fixit
1016 1362 1190 1396 hactenus.

496 1404 595 1436 Idem.

539 1456 591 1494 §4
616 1455 777 1496 Pac-tique,
799 1458 869 1498 ξπ]
892 1459 1019 1492 Herod.
1043 1463 1191 1503 explica·

495 1504 559 1535 tius
572 1514 626 1538 111.
643 1509 695 1537 84.
709 1513 743 1538 et
759 1518 853 1549 seqq.
878 1510 976 1541 Idem.

539 1555 627 1586 Inter
640 1557 713 1587 solis
727 1558 842 1598 ortum]
866 1559 1086 1602 Antiquiores
1109 1563 1187 1596 edd.

492 1605 617 1636 habent
640 1610 711 1638 ante
733 1617 757 1639 s.
786 1618 813 1640 ο.
869 1610 1077 1652 Herodotus,
1101 1613 1190 1651 ἡλίου

492 1655 769 1697 ἐπανατέλλοντος,
787 1665 820 1690 et
837 1658 899 1699 ἅμα
911 1663 954 1700 τῷ
975 1662 1049 1702 ἡλίῳ
1064 1664 1188 1700 ἀνιόντι.

494 1706 626 1737 Quibus
659 1708 764 1747 magis
801 1713 957 1750 congruit
994 1714 1077 1745 inter
1105 1727 1132 1748 s,
1158 1728 1186 1748 ο.

493 1756 581 1796 qnod
607 1766 648 1787 ex
673 1757 757 1790 Mss.
782 1759 892 1792 hausit
918 1763 1068 1804 Bongar.
1088 1777 1187 1807 quam

493 1806 636 1837 alterum
657 1807 750 1839 illud.
797 1809 885 1841 Nam
909 1812 990 1844 inter
1013 1825 1038 1846 s.
1054 1827 1081 1848 0.
1105 1817 1187 1848 nihil

493 1856 582 1886 aliud
598 1862 649 1887 est
662 1867 772 1899 quam,
784 1860 861 1891 dum
874 1863 922 1892 sol
939 1864 1055 1896 oritur.
1085 1866 1186 1898 Vorst.

537 1907 587 1946 §5
612 1906 713 1938 Solem
740 1909 844 1940 Persae
866 1922 959 1944 unum
983 1915 1086 1947 Deum
1110 1927 1184 1959 esse,

491 1956 558 1996 ἔξω]
575 1957 584 1973 ‘
596 1957 672 1998 Ne‚'
685 1963 721 1989 ut
735 1960 783 1990 ait
800 1960 942 1993 Ovidius
955 1965 1047 2005 alibi,
1062 1966 1071 1982 ‘
1084 1968 1186 2000 cadat

492 2007 623 2047 [detur]
659 2010 760 2041 celeri
786 2011 924 2044 victima
961 2015 1058 2047 tarda
1083 2018 1185 2050 Deo!

489 2059 498 2074 ‘
518 2058 616 2089 Ratio
646 2060 734 2091 enim
766 2062 998 2104 victimarum‚'
1027 2069 1185 2107 quemad-

490 2108 625 2139 modum
644 2110 761 2142 scribit
776 2112 817 2143 ad
831 2113 948 2154 Virgil.
962 2116 1110 2157 Servius,
1122 2118 1184 2159 (ibi

490 2160 498 2175 ‘
516 2159 657 2190 Meritos
669 2161 735 2191 aris
753 2164 915 2195 mactavit
927 2165 1108 2208 honores,')
1123 2170 1131 2185 ‘
1145 2168 1185 2200 fit

488 2218 550 2248 pro
571 2211 733 2250 qualitate
749 2213 919 2245 numinum
934 2226 942 2246 :
966 2225 1041 2248 nam
1058 2223 1116 2249 aut
1131 2219 1183 2250 hae

489 2259 717 2302 immolantur,
739 2272 814 2303 quae
837 2264 961 2297 obsunt
983 2276 1096 2299 eorum
1113 2279 1183 2300 mu-

491 2309 640 2351 neribus,
653 2315 689 2342 ut
706 2322 827 2352 porcus
844 2314 972 2355 Cereri,
991 2317 1068 2358 quia
1084 2318 1183 2350 obest

487 2357 660 2398 frugibus:
685 2361 795 2394 hircus
808 2364 943 2406 Libero,
965 2367 1042 2407 quia
1058 2368 1182 2400 vitibus

489 2415 610 2442 nocet:
647 2417 704 2444 aut
730 2419 824 2445 certe
847 2416 889 2446 ad
917 2416 1182 2459 similitudinem,

487 2466 526 2492 ut
563 2461 684 2494 Inferis
718 2465 830 2505 nigras
860 2468 1019 2508 pecudes,
1042 2470 1181 2511 Superis

487 2511 604 2551 albas,'
622 2515 686 2544 διο.
730 2515 841 2547 Porro
863 2518 928 2558 huj.
946 2519 1015 2550 Dei
1038 2521 1180 2552 antistes

488 2560 612 2593 femina
637 2568 721 2603 erat,
747 2566 800 2596 cui
827 2567 992 2607 pudicitia
1014 2575 1181 2611 perpetua

489 2612 656 2644 servanda
670 2618 762 2646 erat:
786 2615 859 2656 ipse
881 2618 972 2650 Just.
998 2628 1033 2650 x.
1055 2623 1087 2651 2.
1109 2621 1118 2637 ‘
1132 2622 1180 2652 Ut

486 2662 626 2694 honeste
639 2670 779 2703 negaret
792 2665 1018 2706 [Artaxerxes
1028 2680 1084 2701 rex
1095 2671 1179 2702 Per-

487 2716 715 2756 sarum‚puta]
726 2717 814 2757 quod
829 2722 955 2750 temere
966 2721 1179 2761 promiserat,

484 2764 570 2795 Solis
583 2774 656 2795 eam
669 2765 880 2807 [Aspasiam]
891 2769 1082 2801 sacerdotio
1093 2781 1179 2811 prae—

486 2813 582 2852 fecit,
612 2826 676 2856 quo
702 2822 870 2857 perpetua
891 2818 936 2849 illi
961 2819 1003 2850 ab
1026 2821 1177 2852 omnibus

486 2864 564 2894 viris
590 2865 753 2905 pudicitia
780 2868 1042 2907 imperabatur:’
1074 2872 1177 2902 nomi—

485 2914 612 2944 nabant
638 2920 750 2946 autem
777 2917 786 2933 ‘
805 2918 974 2950 Mithren’
996 2930 1022 2951 s.
1045 2921 1055 2938 ‘
1072 2921 1176 2953 Mith-

485 2967 581 2998 ram.'
605 2968 757 2999 Lutatius
774 2968 1022 3002 Grammaticus
1039 2972 1080 3003 ad
1093 2973 1174 3004 illud

963 356 1104 389 NOTAE
1137 358 1400 392 VARIORUM
1436 361 1484 392 ΙΝ

1249 453 1351 485 Statii
1366 464 1374 485 :
1398 454 1408 472 ‘
1425 454 1608 495 Indignata
1621 455 1715 497 sequi
1730 458 1942 497 torquentem

1247 516 1371 538 cornua
1392 507 1554 538 Mithram
1567 508 1588 539 :'
1611 508 1713 549 ‘Sol‚'
1727 509 1846 551 inquit,
1859 510 1869 527 ‘
1886 520 1941 551 ap.

1247 556 1483 588 Achemaenios
1498 559 1610 598 Titan,
1626 568 1682 600 ap.
1698 559 1853 600 Assyrios
1867 561 1943 593 Osi-

1246 608 1303 646 ris,
1330 617 1383 648 ap.
1399 608 1535 648 Persas,
1561 609 1616 640 ubi
1645 610 1677 640 in
1695 614 1792 641 antro
1807 611 1942 649 colitur,

1246 657 1375 688 Mithra
1406 657 1568 689 vocatur.y
1622 659 1722 690 Unde
1750 659 1941 701 intelligere

1246 707 1327 738 licet
1352 708 1453 738 istum
1486 708 1663 739 Claudiani
1693 710 1830 741 locum:
1871 711 1941 741 ‘Et

1246 768 1333 797 vaga
1360 762 1504 789 testatur
1531 759 1720 790 volventem
1739 759 1850 790 sidera
1873 761 1941 791 Mi-

1246 807 1378 839 thram.'
1391 808 1545 848 Itemque
1555 808 1654 839 alium
1664 809 1847 849 Scriptoris
1858 819 1941 841 non-

1245 857 1323 888 dum
1341 857 1423 888 editi
1441 857 1482 888 de
1498 858 1579 888 Vita
1598 857 1782 889 Alexandri
1800 859 1938 900 Magni:

1244 908 1253 924 ‘
1270 908 1385 938 Persis
1403 913 1515 939 tamen
1531 909 1637 938 multa
1662 909 1836 939 contentio
1863 914 1940 941 erat

1244 958 1464 998 cupientibus
1487 968 1599 998 regem
1625 957 1887 999 [Alexandrum]
1904 959 1939 990 in

1243 1017 1347 1047 regno
1370 1009 1507 1039 Persico
1531 1009 1685 1049 sepelire,
1708 1019 1836 1050 proque
1861 1010 1938 1040 Deo

1243 1058 1371 1089 Mithra
1429 1059 1648 1099 religionibus
1707 1059 1937 1091 consecrare!

1243 1107 1355 1138 Strab.
1373 1107 1430 1138 lib.
1449 1117 1507 1139 xv.
1530 1110 1644 1146 Τιμῶσι
1672 1107 1816 1149 [Πέρσαι]
1842 1108 1940 1141 δὲκαὶ

1241 1158 1337 1195 ἥλιον,
1359 1158 1395 1189 ὒν
1417 1159 1545 1189 καλοῦσι
1566 1159 1690 1200 Μίθραν.
1736 1160 1802 1192 Qui
1824 1165 1937 1191 tamen

1242 1209 1330 1240 idem
1346 1210 1481 1247 Strabo,
1508 1210 1595 1251 quod
1624 1211 1696 1250 ipse
1717 1210 1778 1241 sibi
1802 1215 1937 1242 contra·

1243 1260 1322 1298 rius,
1350 1269 1412 1300 per
1438 1260 1641 1291 oblivionem
1666 1260 1813 1300 indubie,
1838 1265 1876 1292 ut
1901 1264 1937 1292 et

1242 1310 1434 1350 elegantiss.
1450 1311 1540 1350 Lips.
1557 1314 1687 1350 censet,
1704 1311 1778 1343 eod.
1801 1320 1859 1343 xv.
1876 1310 1935 1342 lib.

1241 1361 1400 1399 scriptum
1419 1360 1576 1401 reliquit:
1594 1360 1687 1391 '‘Ovov
1710 1373 1746 1391 τε
1770 1359 1871 1391 θύουσι
1891 1362 1936 1400 τῷ

1235 1410 1331 1450 '‘Aper,
1346 1409 1381 1440 ‘ov
1397 1409 1510 1450 Πέρσαι
1525 1409 1668 1446 σέβονται
1687 1412 1769 1441 Θεῶν
1783 1410 1884 1451 μόνον,
1899 1412 1934 1442 in

1241 1470 1345 1491 causa
1362 1459 1438 1498 fuit,
1461 1470 1519 1490 cur
1542 1461 1712 1491 temerarii
1739 1461 1872 1502 quidam
1899 1467 1935 1492 et

1239 1510 1441 1551 praeposteri
1478 1510 1713 1542 emendatores
1751 1520 1804 1550 ap.
1840 1511 1936 1543 Curt.

1239 1570 1370 1602 quoque
1396 1565 1547 1591 nostrum
1580 1570 1614 1592 v.
1643 1564 1695 1592 13.
1727 1561 1828 1592 etiam
1857 1571 1934 1593 cum

1239 1612 1355 1652 plausu
1372 1612 1445 1643 iruae
1462 1622 1574 1643 caveae
1590 1617 1813 1653 reponerent:
1830 1613 1839 1629 ‘
1854 1613 1933 1654 Ipse

1238 1661 1394 1701 [Darius]
1417 1672 1490 1692 curn
1508 1662 1649 1693 ducibus
1667 1663 1932 1704 propinquisque

1237 1712 1369 1752 agmina
1397 1712 1429 1742 in
1455 1713 1554 1743 armis
1580 1713 1739 1744 stantium
1756 1713 1934 1754 circuibat,

1237 1763 1360 1801 Solem,
1380 1763 1540 1803 Martem,
1560 1772 1760 1804 sacrumque
1785 1768 1820 1794 et
1836 1768 1933 1795 aeter-

1236 1821 1313 1843 num
1338 1812 1497 1843 invocans
1513 1813 1636 1852 iguem,
1658 1818 1696 1844 ut
1713 1813 1778 1844 illis
1796 1813 1930 1854 dignam

1236 1867 1352 1894 vetere
1379 1863 1485 1902 gloria
1501 1863 1731 1904 majorumque
1746 1864 1931 1894 monimen-

1236 1913 1279 1942 tis
1309 1911 1543 1943 fortitudinem
1573 1913 1800 1953 inspirarent!
1862 1913 1930 1945 Ubi

1236 1962 1335 1993 Solem
1352 1963 1504 1993 Mithrem
1520 1963 1653 2002 legend.
1666 1963 1707 1993 ad
1720 1962 1819 1994 eund.
1833 1963 1930 1995 Curt.

1235 2017 1313 2043 ante
1330 2022 1432 2043 annos
1454 2016 1585 2052 septem
1602 2017 1680 2043 octo
1697 2012 1815 2043 docui:
1839 2022 1928 2044 nunc

1235 2073 1275 2094 eo
1306 2067 1470 2102 revertor,
1496 2067 1533 2094 ut
1559 2073 1680 2104 equum
1708 2063 1776 2094 Soli
1805 2062 1928 2095 Persas

1235 2114 1407 2144 immolare
1444 2114 1561 2144 solitos
1598 2112 1770 2144 adfirmem
1788 2124 1796 2144 ε
1842 2113 1928 2145 sicut

1235 2169 1362 2204 praeter
1378 2164 1536 2204 allegatos
1556 2163 1625 2204 jam
1642 2163 1744 2194 etiam
1768 2163 1856 2195 Xen.
1873 2167 1928 2195 ‘at-

1233 2219 1392 2254 testatur,
1417 2224 1492 2245 cum
1509 2214 1567 2245 lib.
1582 2223 1630 2245 1v.
1648 2213 1714 2254 περὶ
1730 2212 1827 2255 Κύρου
1839 2213 1928 2244 Ἀνα-

1234 2263 1309 2299 βοίσ.
1344 2264 1402 2294 Καὶ
1413 2264 1519 2303 ἵππον,
1532 2263 1568 2294 ὃν
1581 2263 1699 2304 εἶλήφει
1713 2263 1927 2305 παλαιότερον,

1233 2314 1330 2346 δίδωσι
1346 2316 1513 2356 [Ξενοφῶν]
1529 2317 1572 2354 τῷ
1586 2314 1731 2357 κωμάρχῃ
1746 2314 1927 2356 ἀναθρέψειν·

1231 2378 1262 2395 τι
1291 2366 1469 2405 καταθῦσαι,
1497 2364 1543 2396 ὅτι
1572 2365 1701 2402 ἤκουσεν
1729 2365 1820 2396 αὐτὸν
1847 2364 1926 2405 ἱερὸν

1233 2414 1305 2447 εἶναι
1319 2416 1375 2446 τοῦ
1388 2414 1488 2455 ἡλίου,
1513 2416 1612 2447 δεδιὼς
1626 2415 1668 2454 μὴ
1683 2414 1826 2457 ἀποθάνῃ,
1853 2420 1923 2446 tum

1232 2467 1290 2498 lib.
1303 2477 1381 2499 Vlll.
1399 2467 1496 2507 Κύρου
1509 2469 1591 2498 παιδ.
1608 2469 1732 2507 Πρῶτον
1742 2466 1798 2505 μὲν
1811 2466 1924 2505 ἤγοντο

1230 2519 1275 2556 τῷ
1302 2517 1355 2547 Διῒ
1378 2518 1481 2557 ταῦροι
1509 2515 1662 2555 πάγκαλοι
1691 2515 1732 2547 εἷς
1762 2514 1924 2557 τέσσαρας.

1229 2568 1307 2607 μετὰ
1323 2566 1354 2598 δὲ
1378 2567 1515 2606 τούτους,
1535 2566 1621 2597 ἵπποι
1644 2567 1757 2605 ἤγοντο
1779 2567 1855 2605 θῦμα
1878 2568 1926 2606 τῷ

1229 2617 1314 2657 ἡλίῳ.
1361 2617 1473 2659 Atque
1487 2618 1573 2648 hunc
1590 2617 1770 2648 Persarum
1794 2626 1921 2648 morem

1229 2669 1424 2700 observasse
1440 2669 1542 2699 ctiam
1568 2667 1778 2707 Massagetas
1804 2671 1922 2699 auctor

1228 2724 1282 2751 est
1296 2719 1419 2750 Strabo
1431 2719 1490 2749 lib.
1505 2727 1554 2749 xr.
1573 2718 1629 2749 ubi
1645 2718 1692 2748 ait
1704 2717 1779 2748 Θεὸν
1788 2716 1820 2748 δὲ
1834 2717 1921 2755 ἥλιον

1227 2768 1319 2808 μόνον
1346 2769 1501 2808 ἡγοῦνται,
1529 2767 1628 2808 τούτῳ
1651 2767 1684 2799 δὲ
1710 2768 1919 2799 ἱπποθυτοῦσι.

1228 2821 1359 2852 Contra
1375 2830 1454 2851 vero
1473 2820 1628 2851 Romanis
1653 2829 1756 2861 equus
1783 2819 1920 2851 victima

1228 2872 1362 2913 quidem
1391 2871 1466 2912 fuit,
1494 2871 1554 2903 sed
1593 2881 1658 2903 non
1695 2871 1776 2911 Soli,
1803 2880 1918 2902 verum

1227 2921 1365 2962 originis
1402 2931 1484 2962 suae,
1520 2926 1558 2952 ut
1584 2921 1754 2961 volebant,
1787 2922 1918 2952 auctori

1226 2973 1342 3014 Marti,
1358 2981 1463 3003 sacra.
1508 2973 1517 2990 ‘
1534 2972 1657 3013 Quod,'
1674 2976 1710 3004 ut
1723 2972 1771 3004 ait
1787 2973 1918 3013 Festus,
