2101 3419
628 356 825 390 JUS'rlNl
860 356 954 386 nin.
987 352 1173 384 xxxvr.
1205 351 1311 382 cAr.
1343 339 1386 380 3.
1654 335 1740 378 985

284 454 357 486 ὀπὸς
383 455 439 485 τοῦ
460 451 608 494 πάνακὸς)
634 452 677 484 dc
693 461 808 491 succo,
831 450 986 492 xylobal-

284 516 400 536 samon
416 505 561 546 denique
577 503 620 534 de
635 502 728 543 ligno
746 502 883 534 dicitur.
906 501 986 533 Jus-

285 555 376 587 tinus
387 560 500 587 tamen
513 555 649 585 inversa
660 553 747 592 vice,
757 557 877 583 contra
887 561 983 582 usum

283 611 472 646 auctorum,
495 604 749 646 opobalsamum
775 612 838 643 pro
862 602 983 633 arbore

284 657 413 698 posuit,
428 656 613 688 balsamum
627 664 688 696 pro
711 654 852 685 lacrima
865 663 892 684 s.
908 662 983 684 suc-

283 717 325 739 co
350 707 490 739 arboris.
532 706 674 737 Salmas.
705 704 749 735 ad
775 704 881 735 Solin.
909 706 984 735 582.

283 758 324 789 E.
346 760 377 790 1.
399 758 584 789 Berneccer.
638 755 722 787 Mss.
748 754 982 796 opobalsameta.

281 807 305 840 J
308 810 380 838 unt.
391 806 624 847 opobalsameto.
671 804 840 836 Nimirum
855 803 983 835 arbori-

281 856 344 888 bus
361 856 569 898 opobalsami
579 859 615 887 et
632 855 753 897 palmis
767 864 807 887 ea
821 854 984 896 planities

283 911 338 938 est
358 907 502 940 consita.
539 907 649 939 Groev.
706 906 804 938 Junt.
829 905 985 945 opobalsa-

281 961 372 991 meto.
418 957 533 989 Probo
549 967 625 990 cum
651 958 695 989 cl.
719 956 835 988 Graev.
858 959 894 987 et
914 965 985 996 opo-

282 1008 417 1040 balsamo
443 1018 506 1050 per
530 1007 769 1049 compendium
795 1016 873 1038 cum
895 1005 986 1037 linea

282 1058 317 1089 iu
334 1059 448 1099 capite
462 1068 524 1099 pro
537 1068 577 1090 eo
587 1059 753 1099 scriptum
768 1061 862 1098 puto.
879 1056 984 1095 Schef.

325 1110 342 1150 ξ
357 1112 377 1140 4
401 1110 506 1141 Piceis
520 1109 694 1150 arboribus]
715 1109 812 1141 Vett.
827 1108 984 1150 plerique

281 1159 392 1200 specie,
427 1161 647 1201 transpositis
679 1160 801 1193 literis.
856 1160 984 1192 Strabo

283 1211 395 1251 cytiso
431 1214 468 1242 et
496 1210 689 1242 terebintho
727 1210 855 1242 similes
887 1209 984 1242 facit.

283 1261 364 1292 vid.
378 1261 468 1293 Plin.
483 1265 519 1292 et
533 1260 637 1292 Solin.
654 1260 814 1300 Bongars.
856 1260 909 1291 Ex
921 1259 985 1292 isto

284 1311 395 1343 veteri
429 1312 527 1352 specie
549 1311 691 1344 Salmas.
716 1311 758 1342 ad
783 1310 887 1342 Solin.
908 1313 985 1342 579.

284 1361 325 1394 Ε.
341 1365 372 1393 2.
386 1363 476 1393 eruit
500 1362 585 1393 lianc
601 1362 795 1393 indubitato
810 1361 985 1393 meliorem

284 1412 489 1452 scripturam
500 1412 596 1453 piceae
609 1412 782 1443 arboribus.
828 1411 884 1442 Sic
896 1412 985 1443 enim

285 1461 421 1493 Auctor
446 1463 520 1503 ipse
545 1463 645 1494 modo
669 1462 829 1494 dixerat‘
847 1461 987 1502 opobal-

286 1513 371 1544 sami
401 1514 534 1546 arbor?
570 1519 606 1546 et
628 1514 699 1546 Cic.
724 1523 785 1555 pro
811 1514 926 1545 Flacc.
953 1516 985 1546 8.

283 1564 294 1580 ⁴
308 1563 365 1596 fici
382 1565 512 1597 arbor:'
529 1571 563 1597 et
576 1566 649 1598 Liv.
664 1574 770 1597 xxiv.
785 1568 816 1597 3.
829 1568 862 1597 4.
876 1565 885 1582 ‘
899 1564 989 1596 abie-

287 1614 330 1646 tis
345 1615 508 1648 arbores.'
532 1617 632 1648 Bern.

330 1667 380 1707 §5
407 1667 601 1708 opacitatis]
628 1668 670 1699 In
695 1667 782 1699 Mss.
808 1665 989 1698 manifesto

286 1725 402 1748 errore
435 1717 561 1758 legitur
595 1717 783 1758 apricitatis.
820 1717 990 1756 Bongars.

287 1766 367 1797 Non
387 1766 540 1799 dubitavi
555 1767 699 1798 reddere
718 1766 857 1800 Justino
871 1776 989 1798 vocem

287 1827 394 1858 suam,
429 1818 464 1849 in
500 1818 586 1850 Mss.
616 1818 771 1850 omnibus
800 1822 990 1858 extantem,

285 1872 475 1900 attestante
491 1869 699 1909 Bongarsio:
725 1868 782 1910 qui
799 1872 914 1900 tamen
937 1877 989 1899 er-

286 1928 426 1950 roneum
448 1919 524 1960 hoc,
540 1924 577 1951 et
591 1919 715 1951 edend.
733 1919 867 1951 censuit
886 1919 990 1959 opaci-

285 1970 375 2010 tatis,
400 1974 436 2001 et
450 1980 528 2000 mox
542 1971 605 2000 hoc
628 1979 727 2000 versu
753 1972 902 2010 perpetua
916 1979 989 2010 opa-

284 2020 378 2060 citas,
404 2020 495 2062 quod
518 2019 689 2060 crederet,
708 2019 842 2061 opinor,
867 2019 990 2050 arden-

286 2071 449 2102 tissimum
465 2071 592 2110 Solem,
617 2069 681 2101 nisi
706 2069 895 2110 opacitate,
921 2079 989 2101 non

286 2121 438 2163 potuisse
458 2121 499 2153 ab
516 2120 751 2152 Hierichuntis
766 2120 856 2152 valle
872 2119 989 2151 defen-

287 2172 335 2204 di.
395 2171 517 2213 Atqui,
540 2171 630 2213 quod
652 2171 793 2202 Salmas.
819 2170 861 2202 ad
883 2171 989 2204 Solin.

285 2232 321 2263 p.
346 2225 421 2253 990.
448 2221 562 2261 docet,
579 2231 646 2252 non
667 2221 775 2252 omnis
797 2221 892 2252 locus
918 2221 990 2253 Soli

286 2272 476 2313 expositus,
501 2271 562 2302 sed
586 2271 614 2302 is
637 2270 773 2302 demum
799 2280 841 2302 ex
867 2271 990 2304 Latine

287 2322 499 2363 loquentium
513 2331 576 2352 usu
591 2321 718 2352 dicitur
734 2321 743 2338 ‘
760 2320 918 2361 apricus‚'
933 2321 990 2361 qui

289 2372 359 2403 Soli
376 2372 504 2412 tepido,
517 2370 598 2410 leni,
612 2372 816 2410 temperato,
841 2379 908 2401 non
922 2374 990 2402 tor·

290 2422 495 2461 rentissimo,
517 2424 624 2462 patet.
668 2419 760 2450 Hinc
776 2419 786 2436 ‘
798 2419 907 2459 aprici
922 2421 990 2451 col-

290 2470 361 2503 les’
388 2471 509 2511 Virgil.
534 2471 606 2501 Ecl.
621 2477 676 2501 1x.
697 2468 831 2509 49.‘qui
854 2468 990 2500 obversi

291 2524 370 2552 sunt
391 2519 514 2552 orienti
538 2519 622 2560 Soli,
647 2518 718 2560 qui,
740 2518 897 2560 quoniam
923 2528 990 2550 non

291 2576 346 2603 est
372 2571 598 2611 intemperate
628 2569 771 2610 calidus,
806 2569 991 2611 coquendis

292 2621 367 2652 uvis
379 2621 523 2652 maxime
533 2624 587 2651 est
597 2619 883 2651 accommodatus.
906 2619 992 2661 Huj.

292 2671 383 2703 vocis
400 2671 465 2703 vim
489 2670 613 2702 clarius
639 2670 752 2711 aperit
775 2670 910 2701 Solinus
937 2673 992 2703 54.

290 2723 301 2740 ⁴
317 2722 453 2755 Attacis
475 2722 656 2763 temperiei
680 2722 912 2763 praerogativa
932 2723 994 2754 mi-

292 2784 364 2806 ram
391 2774 478 2806 a'elris
508 2774 724 2806 clementiam
746 2774 994 2808 subministrat.

293 2825 426 2857 Arcent
450 2824 599 2856 afflatum
623 2825 760 2857 noxium
790 2825 907 2866 colles,
936 2827 993 2868 qui

294 2874 423 2906 salubri
446 2875 627 2915 apricitate
655 2875 806 2917 undique
822 2884 919 2907 secus
936 2877 994 2908 ob-

290 2925 379 2965 jecti
413 2924 597 2967 prohibent
629 2934 729 2957 auras
765 2926 994 2967 pestilentes?

1037 447 1130 479 Plin.
1154 457 1206 479 vr.
1224 449 1277 478 17.
1303 447 1313 463 ‘
1329 445 1424 476 Gens
1440 442 1563 484 apricis
1588 441 1630 473 ab
1647 441 1738 473 omni

1035 500 1137 531 noxio
1152 498 1272 530 afflatu
1295 498 1430 529 seclusa
1446 493 1615 528 collibus!
1638 494 1739 526 Bern.

1078 559 1131 598 §6
1156 557 1195 587 Ιιι
1218 567 1253 588 ea
1279 556 1406 595 regione
1430 554 1527 594 lacus]
1564 553 1650 584 Mss.
1667 551 1742 593 qui-

1035 607 1112 638 dam
1140 607 1223 637 latus
1247 607 1351 637 lacus:
1387 605 1446 635 alii
1477 605 1549 634 Non
1576 605 1667 641 longe
1695 604 1741 632 est

1034 659 1118 689 lacus
1145 657 1246 696 Asph.
1296 656 1511 686 Postremam
1543 654 1628 683 hanc
1660 652 1742 683 lect.

1034 717 1100 738 non
1125 706 1264 747 rejicio:
1296 705 1449 746 loquitur
1475 704 1563 734 euim
1590 703 1622 734 h.
1646 703 1669 734 l.
1696 702 1740 733 de

1034 756 1234 798 Asphaltite
1261 756 1351 794 lacu,
1377 764 1478 796 quem
1500 763 1576 785 cum
1598 753 1741 784 Sirbone

1034 808 1135 840 eund.
1164 807 1278 839 facere
1303 806 1442 838 videtur
1465 805 1587 837 Strabo
1613 815 1692 836 xvr.
1709 815 1743 846 p.

1034 862 1109 890 525.
1133 861 1188 890 27.
1213 867 1291 889 cum
1313 866 1371 888 eos
1399 856 1590 896 distinguat
1605 855 1740 886 Plinius

1036 918 1072 941 v.
1094 911 1146 940 13.
1172 911 1224 940 15.
1250 910 1301 940 16.
1325 907 1484 946 Bongars.
1539 905 1631 937 Add.
1656 906 1742 936 Tac.

1036 960 1085 993 H.
1104 969 1140 992 V.
1157 963 1188 991 6.
1211 959 1314 992 Diod.
1329 967 1410 990 X1x.
1426 961 1480 990 98.
1501 957 1642 998 Joseph.
1659 956 1744 990 Jud.

1034 1020 1070 1042 v.
1094 1014 1125 1043 5.
1149 1011 1283 1041 Beruec.
1349 1009 1434 1040 Mss.
1458 1012 1495 1039 et
1518 1007 1617 1040 Junt.
1646 1007 1685 1038 Ιη
1707 1016 1744 1038 ea

1034 1061 1161 1101 regione
1176 1061 1262 1092 lacus
1287 1062 1333 1091 est
1353 1058 1454 1099 Asph.
1500 1058 1594 1090 Quos
1611 1066 1744 1098 sequor.

1034 1111 1076 1143 In
1093 1111 1263 1143 nonnullis
1289 1111 1376 1142 Mss.
1404 1112 1458 1141 est
1484 1109 1559 1140 Non
1585 1110 1674 1147 longe
1697 1111 1743 1139 est

1035 1163 1119 1193 lacus
1149 1162 1247 1202 Asph.
1281 1160 1400 1193 Graev.
1467 1158 1577 1191 Codd.
1604 1157 1743 1199 quidam

1035 1214 1120 1245 Mss.
1136 1223 1220 1255 quos
1247 1213 1360 1252 Bong.
1384 1209 1484 1250 vidit,
1506 1213 1540 1240 et
1567 1208 1658 1249 typis
1684 1218 1744 1238 ex-

1035 1273 1172 1304 pressus
1198 1263 1395 1299 Juntarum,
1421 1261 1534 1301 ipsum
1562 1259 1657 1290 lacus
1682 1268 1743 1290 no-

1035 1323 1113 1345 men
1140 1313 1297 1345 additum
1316 1311 1454 1351 habent,
1472 1309 1668 1350 Asphaltites
1684 1318 1746 1349 pu·

1036 1368 1085 1396 ta.
1123 1364 1227 1396 Vorst.
1293 1361 1438 1394 Addunt
1464 1361 1549 1391 Mss.
1577 1363 1613 1390 et
1640 1359 1741 1391 Junt.

1036 1415 1150 1456 Asph„
1164 1413 1257 1456 quod
1271 1412 1410 1445 Graevio
1426 1411 1600 1452 probatur.
1622 1409 1729 1448 Schef.

1079 1467 1133 1507 §7
1158 1463 1350 1504 Stagnatur]
1372 1463 1418 1494 H.
1445 1472 1475 1494 e.
1498 1461 1662 1501 munitur,
1686 1460 1746 1491 fir-

1036 1520 1164 1555 matur,
1173 1515 1435 1555 induraturque,
1446 1523 1464 1543 a
1480 1513 1676 1550 στεγανῶσαι
1689 1511 1745 1542 vel

1037 1568 1225 1605 στεγνῶσαι,
1240 1570 1279 1596 ut
1302 1565 1418 1605 placet
1439 1562 1605 1595 Salmasio
1623 1562 1665 1593 ad
1685 1562 1746 1593 So-

1036 1617 1094 1649 lin.
1120 1627 1155 1658 p.
1186 1619 1262 1648 577.
1294 1616 1445 1646 Ber-nece.
1504 1613 1665 1646 Graecum
1692 1616 1746 1644 est

1037 1666 1206 1706 στεγανόω.
1229 1666 1343 1698 Faber.

1082 1717 1246 1757 Illinatur]
1266 1717 1349 1749 Mss.
1360 1716 1547 1747 illustratur.
1557 1714 1580 1748 J
1585 1717 1657 1746 unt.
1666 1723 1743 1745 cum

1038 1767 1208 1798 nonnullis
1236 1771 1320 1800 vett.
1340 1766 1419 1798 edd.
1439 1766 1596 1797 illutatur.
1642 1765 1745 1798 Quod

1038 1827 1107 1849 non
1137 1817 1295 1849 damnem
1324 1819 1468 1848 temere.
1513 1815 1600 1846 Eod.
1631 1824 1747 1856 sensu,

1038 1869 1162 1908 lutare,
1178 1878 1253 1909 pro,
1270 1868 1416 1907 illinere,
1433 1867 1532 1899 Pers.
1544 1868 1580 1899 S.
1596 1875 1653 1900 111.
1670 1870 1746 1899 104.

1039 1919 1049 1937 ‘
1068 1919 1285 1960 Compositns
1309 1919 1415 1959 lecto,
1438 1918 1630 1959 crassisque
1657 1919 1746 1950 luta-

1038 1972 1093 2000 tus
1107 1968 1271 2000 amomis!
1298 1969 1374 2008 Et,‘
1384 1967 1562 2008 delutare‚'
1570 1968 1691 2000 Catoni
1704 1967 1747 2000 de

1038 2019 1081 2051 R.
1096 2019 1138 2050 R.
1158 2021 1230 2050 128.
1251 2018 1261 2036 ‘
1273 2019 1306 2050 Si
1324 2018 1572 2050 habitationem
1588 2018 1746 2050 delutare

1038 2070 1103 2110 vis,
1118 2073 1245 2101 terram
1256 2079 1357 2111 quam
1369 2069 1514 2100 maxime
1530 2070 1677 2101 lutosam
1690 2069 1748 2100 vel

1038 2119 1251 2151 rubricosam
1275 2119 1421 2158 sumito3
1445 2129 1486 2151 eo
1508 2128 1679 2151 amurcam
1696 2119 1746 2150 in-

1038 2169 1188 2210 fundito,
1204 2170 1318 2211 paleas
1333 2169 1456 2210 indito,
1478 2169 1648 2210 sinitoque
1665 2179 1747 2211 qua-

1040 2219 1192 2251 triduum
1216 2219 1410 2258 fracescat3
1433 2219 1490 2250 ubi
1508 2219 1594 2250 bene
1610 2218 1748 2250 fracue-

1039 2272 1097 2311 rit,
1123 2276 1219 2303 rutro
1247 2271 1441 2310 concidit03
1465 2271 1521 2302 ubi
1547 2271 1750 2313 concideris,

1039 2320 1219 2353 delutato.'
1238 2321 1347 2353 Graev.
1391 2320 1500 2352 Codd.
1513 2321 1648 2362 quidam
1662 2322 1747 2354 Mss.

1040 2374 1131 2402 teste.
1147 2372 1258 2410 Bong.
1282 2372 1472 2402 illustratur.
1519 2371 1565 2403 Et
1582 2376 1681 2403 vetus
1699 2376 1750 2412 ty-

1040 2421 1093 2462 pis
1107 2429 1205 2462 expr.
1220 2420 1382 2451 Becharii
1393 2420 1580 2452 illustretur.
1607 2421 1748 2452 Utrum-

1040 2481 1105 2513 que
1131 2480 1312 2512 perperam
1332 2470 1499 2511 scriptum
1524 2471 1660 2502 videtur
1684 2481 1748 2511 pro

1039 2522 1198 2561 illutatur,
1215 2520 1307 2562 quod
1324 2520 1358 2551 in
1374 2520 1476 2552 Junt.
1492 2525 1558 2559 est,
1574 2525 1610 2551 et
1626 2531 1646 2551 a
1661 2521 1748 2562 Maj.

1041 2572 1127 2604 item
1152 2575 1255 2612 atque
1279 2570 1443 2602 Sichardo
1471 2570 1683 2611 adscriptum
1711 2572 1748 2603 in

1041 2630 1148 2662 marg.
1185 2621 1286 2653 Vorst.
1329 2620 1371 2651 In
1394 2621 1479 2652 Mss.
1503 2620 1628 2661 legitur
1651 2621 1750 2652 inlus-

1042 2674 1158 2712 tratur,
1188 2670 1231 2702 de
1259 2680 1326 2712 qno
1357 2670 1434 2711 ipso
1458 2679 1594 2712 quoque
1623 2669 1648 2702 f.
1679 2680 1748 2702 non

1042 2723 1131 2754 male
1157 2720 1327 2753 sentiend.
1372 2721 1382 2738 ‘
1401 2719 1548 2752 Lustro'
1580 2720 1669 2752 enim
1693 2726 1749 2753 est

1044 2784 1076 2813 a,
1099 2773 1167 2813 luo,
1190 2771 1277 2814 quod
1295 2770 1404 2812 prima
1428 2769 1673 2810 significatione
1688 2780 1749 2802 sua

1043 2824 1091 2856 id.
1108 2833 1182 2855 esse
1205 2832 1258 2863 ac,
1274 2823 1365 2862 lavo,
1377 2824 1512 2853 constat
1527 2821 1581 2851 vel
1597 2830 1640 2852 ex
1656 2830 1748 2853 com-

1043 2874 1165 2916 positis
1182 2873 1286 2915 ipsius
1301 2873 1311 2890 ‘
1325 2871 1448 2912 abluo,’
1462 2872 1472 2889 ‘
1486 2870 1587 2911 elu0‚'
1603 2875 1640 2903 et
1655 2872 1749 2903 simi-

1043 2925 1142 2958 libus.
1180 2923 1271 2957 Hinc
1287 2922 1296 2940 ‘
1307 2920 1473 2963 inlustr0,'
1490 2920 1616 2962 imbuo,
1632 2926 1667 2953 et
1682 2920 1749 2953 fre-
