2101 3419
409 341 440 369 X
1052 337 1211 369 INDEX

408 436 464 473 τὴν
485 436 590 476 ἑτέραν
615 438 674 467 τῶν
700 436 807 467 ἑαυτοῦ
825 436 995 478 θυγατέρων
1017 439 1109 468 habet

408 479 503 508 Diod.
511 480 562 514 vii,
571 482 621 510 54.
636 478 773 509 Itainfra
785 490 846 515 xvi,
860 480 1108 520 5,15)Freinsh.

449 521 608 551 Alternare
623 522 698 561 (hoc
710 527 767 559 est,
787 522 916 562 variare)
932 523 1031 558 xxxvi,
1046 527 1077 559 4,
1090 527 1105 554 l

405 563 544 594 l'reinsh.

449 606 612 635 Alternum
634 606 736 642 xxxiii,
751 611 783 642 4,
799 610 819 638 6
832 607 985 638 alternis
977 607 1010 643 11,
1023 610 1055 644 4,
1068 610 1107 638 12

450 648 607 678 Altissirna
619 659 691 678 crux
714 650 797 686 xviii,
809 653 842 686 7,
855 653 894 681 15

451 690 540 720 Altor
565 690 619 726 vii,
634 695 666 727 5,
682 693 721 722 11

451 732 593 763 Altitudo
610 734 882 772 promontoriorum
908 734 948 770 iv,
965 737 993 770 1,
1008 737 1047 765 16
1063 734 1107 764 al-

410 775 549 805 titudinis
575 776 655 805 mirae
681 786 784 806 saxum
817 777 916 813 xii,7,
932 780 972 808 12
1007 777 1108 807 media

409 818 520 848 montis
532 817 694 848 altitudine
717 819 797 854 xxiv,
813 822 844 854 6,
861 822 881 850 9

452 860 554 890 Altius
568 861 639 901 (pro
656 861 793 901 longius)
816 861 878 897 xlii,
891 864 922 896 2,
935 863 954 892 7
972 860 1107 892 Freinsh.

452 902 559 932 Altum
575 904 646 944 (pro
660 902 750 944 mari)
772 904 856 940 xviii,
871 907 904 940 4,
917 906 957 935 12

452 944 567 975 Almus
589 946 682 981 xxxii,
697 949 728 982 3,
746 949 787 977 14

451 988 586 1017 Alumcn
608 988 708 1024 xxxvi,
725 992 756 1023 3,
769 991 788 1018 7

452 1029 587 1059 Amadas
599 1031 731 1070 (amicus
745 1029 930 1069 Alexandri)
950 1030 1003 1066 xii,
1021 1033 1072 1067 12,
1089 1033 1109 1061 8

452 1072 557 1102 Amari
573 1072 672 1109 malle,
687 1083 779 1113 quam
794 1073 889 1104 metui
910 1073 950 1108 ix,
967 1076 998 1109 8,
1011 1076 1051 1104 17

452 1114 634 1145 Amaritudo
656 1115 779 1151 xxxviii,
790 1119 821 1151 5,
837 1119 855 1146 5

453 1156 598 1186 Amarum
611 1167 646 1187 ac
662 1158 745 1188 triste
757 1157 930 1187 convivium
952 1157 1004 1194 xii,
1020 1160 1052 1193 6,
1068 1160 1106 1189 13

411 1199 537 1229 amarior
567 1200 702 1230 minister
722 1200 818 1240 regni,
847 1210 937 1240 quam
964 1200 1030 1239 ipse
1057 1210 1107 1230 rex

410 1243 485 1281 (hoc
516 1246 572 1277 est,
599 1242 742 1282 asperior,
763 1243 917 1278 immitior,
941 1242 1108 1272 officiorum

409 1285 627 1314 tributorumve
639 1284 778 1325 exactor)
790 1285 850 1320 xvi,
862 1288 876 1316 1
886 1307 894 1320 ,
910 1288 949 1316 14
973 1285 1109 1314 Freinsh.

452 1326 628 1356 Amazones
640 1327 765 1369 Scythae
780 1327 813 1362 ii,
827 1330 857 1363 1,
872 1330 890 1358 3
906 1338 1009 1357 earum
1025 1327 1109 1368 origo

411 1369 442 1403 ii,
458 1371 489 1402 4,
507 1372 523 1400 1
543 1374 574 1398 et
588 1371 628 1400 27
661 1380 758 1400 mores
795 1369 828 1405 ii,
843 1373 876 1405 4,
891 1372 911 1400 4
946 1380 1038 1410 quare
1067 1371 1110 1399 ita

412 1411 503 1440 dictae
527 1411 559 1446 ii,
575 1415 606 1447 4,
629 1414 667 1443 11
702 1413 814 1442 durant
839 1413 878 1442 ad
900 1411 1110 1442 Alexandrum

411 1464 508 1493 nsque
529 1454 607 1490 ii‚4,
623 1457 664 1485 32
696 1456 734 1485 ad
762 1465 853 1495 quem
880 1465 982 1485 earum
1007 1455 1112 1495 regina

411 1496 611 1535 proficiscitur
633 1497 665 1533 ii,
686 1501 718 1533 4,
735 1500 786 1528 33.
809 1497 862 1533 xii,
879 1500 910 1533 3,
926 1501 944 1528 5
978 1496 1112 1527 Amazo-

411 1549 482 1567 num
500 1539 581 1578 regio
604 1538 637 1575 ii,
653 1543 684 1574 4,
700 1542 742 1570 20

454 1580 619 1621 Ambigere
635 1583 674 1612 de
689 1593 784 1623 regno
807 1582 827 1618 i,
842 1584 893 1617 10,
907 1584 924 1612 1
959 1581 1111 1622 ambigere

412 1624 460 1653 cui
477 1624 517 1653 rei
534 1624 663 1663 primum
679 1635 818 1655 occurras
841 1625 921 1660 xxix,
937 1627 968 1660 4,
984 1627 1004 1655 9

453 1665 611 1707 Ambigeri
641 1668 717 1707 regis
747 1667 872 1703 subditi,
902 1667 962 1697 tela
991 1677 1112 1697 veneno

412 1708 535 1748 tingunt
558 1709 609 1745 xii,
622 1712 673 1744 10,
687 1713 707 1741 2

454 1751 642 1792 Ambiguum
660 1752 828 1792 periculum
844 1751 928 1787 xxiii,
941 1755 972 1788 3,
984 1754 1016 1783 6.
1033 1753 1113 1789 xxxi,

413 1797 444 1829 8,
461 1797 479 1824 7

457 1835 598 1866 Ambitio
623 1837 717 1877 vulgi,
747 1836 842 1878 (sicut
869 1847 936 1877 sup.
978 1837 1114 1867 adulatio

413 1879 514 1918 vulgi)
537 1879 588 1915 xii,
606 1883 656 1915 15,
675 1883 713 1910 11
737 1879 836 1920 (Vide
851 1889 920 1919 quae
935 1880 1053 1909 notavit
1068 1880 1116 1910 Cl.

414 1921 621 1952 Berncccerus
636 1922 674 1951 ad
690 1922 712 1958 i,
730 1925 760 1958 1,
778 1925 794 1952 1
819 1921 955 1951 Freinsh.
976 1922 1025 1951 ubi
1053 1932 1116 1952 am-

415 1964 489 1993 bitio
512 1964 695 2004 popularis).
712 1974 822 2005 magna
848 1963 1014 1994 ambitione
1037 1975 1116 2005 aegre

415 2006 551 2036 obtinere
575 2006 596 2041 i,
612 2009 643 2041 3,
659 2009 679 2037 2

457 2047 648 2078 Ambitiosus
670 2048 753 2088 apud
771 2047 934 2088 populares
959 2048 1031 2083 xvii,
1048 2051 1079 2084 2,
1096 2052 1116 2080 6

415 2091 582 2120 ambitiosa:
595 2090 828 2138 pulchritudinis
838 2096 968 2120 scortum
978 2094 1087 2127 xxx‚2,
1096 2094 1116 2123 2

457 2132 558 2163 Ambo
584 2133 625 2169 vi,
642 2136 673 2169 2,
691 2136 730 2163 10

458 2175 565 2205 Ambri
592 2157 772 2216 superantur
797 2175 835 2204 ab
862 2174 1040 2205 Alexandro
1065 2176 1118 2212 xii,

417 2221 448 2254 9,
464 2221 483 2248 4

459 2260 559 2290 Amici
582 2261 658 2300 (hoc
674 2265 731 2295 est,
757 2259 934 2295 consiliarii,
962 2260 1118 2300 procercs)

418 2303 522 2338 xxxiv,
537 2306 567 2338 3,
579 2306 596 2334 3
611 2302 678 2343 (Ita
693 2302 770 2332 forte
783 2303 895 2338 xxxvii,
909 2305 939 2338 3,
957 2306 986 2332 S.
1012 2313 1118 2343 quam-

417 2346 461 2375 vis
477 2351 507 2375 ct
522 2346 570 2375 hic
587 2345 760 2385 specialius,
780 2355 833 2385 pro
862 2345 993 2380 amasiis,
1019 2345 1119 2386 accipi

416 2393 530 2427 possct.
546 2393 577 2417 et
592 2388 715 2422 xxxviii,
733 2391 764 2423 9,
781 2391 799 2418 5
816 2392 848 2417 et
863 2387 926 2422 xlii,
943 2391 973 2422 5,
990 2390 1021 2418 7.
1037 2388 1118 2419 Vide

416 2431 464 2460 Cl.
476 2431 655 2461 Bernecceri
667 2430 780 2460 Notam
792 2430 830 2459 ad
843 2429 968 2459 sueton.
981 2430 1058 2460 Caes.
1067 2433 1118 2462 72.

416 2484 442 2502 c.
461 2473 508 2502 Ita
521 2474 601 2509 ix,4,
613 2477 630 2504 5
643 2479 674 2502 ct
690 2473 740 2508 xii,
756 2475 805 2507 12,
822 2472 869 2511 8).
887 2472 1010 2502 Amicos
1027 2473 1119 2503 Alex—

418 2516 512 2545 ander
527 2517 565 2545 ad
588 2515 780 2555 recipiendas
796 2514 880 2544 Asiae
895 2515 1035 2545 civitates
1050 2516 1118 2545 mit-

419 2559 454 2586 tit
479 2559 518 2594 xi,
537 2561 588 2593 10,
604 2561 624 2589 4
649 2558 762 2588 amicos
787 2557 908 2598 longam
930 2563 1044 2587 vestem
1069 2568 1119 2588 su-

419 2611 498 2630 mere
524 2600 615 2640 jubet
648 2601 701 2636 xii,
726 2603 757 2635 3,
778 2602 798 2631 9
835 2610 913 2629 unus
953 2610 989 2630 ex
1016 2600 1119 2632 amicis

419 2642 505 2672 Darii
530 2643 580 2677 xii,
598 2647 630 2678 5,
643 2646 684 2674 10
708 2642 832 2672 amicior
854 2643 887 2679 ii,
907 2645 958 2680 10,
974 2645 1011 2674 13

461 2685 586 2715 Amiciri
604 2685 684 2725 pelle
708 2685 782 2721 xliii,
801 2688 831 2720 l,
843 2688 861 2715 7

462 2728 614 2757 Amicitia:
627 2727 697 2768 jure
714 2733 799 2768 patet
815 2727 906 2757 alicui
923 2727 1004 2767 regia
1027 2726 1069 2763 iii,
1089 2730 1117 2763 1,

420 2773 439 2800 2
464 2771 603 2800 amicitiae
624 2770 714 2810 regiae
743 2770 856 2800 fiducia
877 2770 994 2810 aliquid
1019 2769 1118 2800 facere

421 2813 470 2845 xii,
488 2816 518 2847 6,
535 2816 552 2843 3
577 2813 718 2843 amicitiae
742 2812 831 2853 regiae
859 2812 990 2852 palmam
1016 2817 1119 2843 tenere

422 2855 471 2886 xii.
484 2858 513 2890 6,
529 2858 546 2885 3
571 2854 870 2895 aniicitiamjungere
893 2854 1018 2890 ix,4,5.
1043 2854 1118 2890 xliii,

420 2901 450 2931 5,
465 2900 482 2927 3
508 2897 597 2928 sacen
628 2896 680 2934 xii,
695 2900 726 2935 7,
743 2901 764 2928 6
786 2896 926 2928 amicitiae
946 2897 1037 2938 regia:
1059 2897 1118 2927 fra-

1159 438 1259 477 gilitas
1282 438 1334 474 xii,
1348 441 1380 474 6,
1396 441 1414 469 3
1449 438 1597 469 amicitias
1621 438 1763 476 utilitate,
1787 449 1851 471 non

1162 481 1221 511 fide
1231 480 1350 511 colere
1341 491 1382 516 111,
1394 483 1425 516 8,
1441 484 1461 512 9
1476 481 1674 512 amicitiarum
1685 481 1767 522 jura,
1782 493 1851 513 suco

1160 534 1225 553 cess
1228 534 1245 553 u
1281 533 1298 552 a
1314 523 1480 564 plerisque,
1502 534 1564 554 non
1580 524 1651 559 fide,
1676 525 1851 565 ponderan-

1160 571 1208 595 tur
1220 565 1292 600 xxii,
1306 568 1338 601 7,
1355 569 1374 596 3

1202 588 1378 638 Amiculum
1400 618 1449 643 xv,
1465 610 1497 643 3,
1513 611 1533 638 8

1200 649 1334 680 Amissio
1348 650 1434 690 regni
1455 650 1477 685 i,
1491 653 1524 685 4,
1539 652 1558 681 3
1581 650 1663 680 urbis
1682 650 1726 686 iii,
1741 654 1773 691 4,
1790 654 1832 682 16

1201 692 1351 722 Amittere
1378 692 1538 732 imperium
1568 692 1612 728 iii,
1627 695 1658 728 6,
1683 696 1724 724 10
1757 698 1855 724 castra

1157 735 1198 771 iv,
1215 739 1246 770 5,
1264 738 1279 765 l
1304 735 1432 775 patriam
1453 735 1495 770 vi,
1509 737 1540 770 3,
1557 738 1588 766 5.
1610 733 1652 771 vi,
1667 738 1699 772 1,
1713 738 1733 766 7
1768 746 1853 776 quae-

1159 778 1231 807 sitas
1246 787 1320 817 opes
1343 777 1383 813 vi,
1399 780 1431 812 3,
1445 780 1466 808 9
1490 787 1575 817 spem
1600 777 1684 817 pacis
1707 777 1748 813 111,
1764 781 1817 814 12,
1831 781 1851 808 5

1158 819 1328 849 libertatem
1350 819 1442 855 xxxii,
1465 822 1496 855 1,
1512 822 1543 850 2.
1568 819 1620 854 xli,
1635 822 1668 855 6,
1683 823 1702 851 3
1726 820 1854 850 classem

1159 862 1316 902 naufragio
1338 862 1399 897 xvi,
1412 865 1444 897 3,
1463 864 1514 892 10.
1537 861 1628 897 xxvii,
1643 865 1675 897 2,
1687 865 1705 893 1
1727 873 1854 903 regnum

1159 915 1228 934 cum
1244 905 1307 934 vita
1327 904 1399 939 xvii,
1415 907 1446 939 2,
1458 907 1477 934 5
1501 914 1570 934 cum
1583 904 1716 934 exercitu
1731 905 1811 941 xxvi,
1823 908 1855 940 2,

1160 950 1201 978 10
1224 947 1350 976 amissus
1364 946 1513 976 exercitus
1535 946 1575 981 iv,
1591 950 1622 982 5,
1636 949 1687 977 10.
1720 947 1772 983 xii,
1789 951 1820 984 1,
1834 950 1855 978 5

1159 989 1268 1019 amissa
1277 988 1447 1019 dominatio
1469 989 1510 1024 vi,
1526 991 1556 1024 3,
1573 992 1591 1019 5
1615 989 1731 1018 amissae
1747 990 1860 1020 classes

1159 1042 1188 1067 v,
1204 1035 1236 1067 4,
1253 1034 1292 1062 17
1316 1042 1386 1061 cum
1407 1031 1524 1067 arnissis
1539 1036 1625 1071 parta
1638 1031 1765 1071 imperia
1780 1042 1858 1073 pen-

1159 1084 1223 1104 sare
1245 1085 1274 1109 v,
1291 1076 1322 1109 2,
1339 1077 1358 1105 3
1381 1074 1498 1104 amissis
1511 1073 1610 1104 felicis
1631 1073 1747 1104 militiae
1757 1084 1857 1116 quaes-

1159 1116 1243 1146 tibus
1266 1116 1327 1152 xiV,
1343 1119 1374 1152 3,
1391 1119 1432 1147 10

1201 1158 1311 1188 Amnis
1330 1157 1365 1195 ii,
1375 1162 1406 1194 4,
1419 1161 1450 1189 2.
1472 1158 1524 1194 xii,
1537 1160 1569 1195 2,
1579 1161 1610 1189 5.
1642 1158 1735 1196 xxxii,
1758 1162 1790 1195 3,
1817 1161 1857 1190 15

1159 1211 1263 1231 amnes
1283 1201 1348 1236 xiii,
1363 1205 1395 1237 4,
1409 1204 1462 1232 20.
1483 1201 1564 1237 xxxi,
1578 1204 1610 1237 5,
1624 1203 1644 1232 7

1202 1244 1373 1274 Amoenitas
1398 1242 1532 1273 fluminis
1553 1243 1596 1280 xi,
1621 1246 1653 1280 8,
1669 1246 1688 1274 3
1711 1243 1770 1275 loci
1794 1243 1859 1281 xiii,

1160 1289 1192 1322 7,
1210 1291 1240 1317 5.
1263 1286 1327 1322 xiii,
1341 1289 1372 1323 8,
1388 1289 1418 1317 8.
1441 1285 1505 1321 xlii,
1522 1288 1553 1322 3,
1569 1289 1588 1317 7

1205 1329 1365 1359 Amoenius
1388 1327 1510 1364 xxxviii,
1524 1331 1557 1364 7,
1573 1331 1604 1360 6.
1626 1327 1680 1364 xli,
1693 1331 1724 1364 5,
1740 1331 1760 1359 2

1204 1370 1301 1402 Amor
1324 1375 1427 1401 tantus
1443 1370 1538 1402 Croesi
1552 1371 1635 1411 apud
1651 1381 1756 1401 omnes
1772 1371 1862 1402 urbes

1162 1419 1227 1444 erat
1248 1415 1270 1451 i,
1286 1417 1317 1450 7,
1334 1417 1375 1446 10
1398 1423 1482 1443 amor
1507 1413 1660 1443 memoriae
1681 1413 1748 1454 ejus
1777 1414 1861 1453 apud

1163 1467 1269 1486 omnes
1295 1461 1360 1486 erat
1380 1457 1423 1492 iv,
1443 1459 1476 1491 2,
1503 1459 1521 1486 5
1556 1466 1640 1485 amor
1667 1455 1862 1496 popularium

1163 1499 1215 1534 vii,
1233 1502 1263 1534 2,
1279 1502 1297 1529 5
1322 1498 1431 1528 amoris
1448 1508 1511 1528 non
1534 1497 1747 1528 misericordiae
1770 1498 1864 1528 verba

1164 1541 1265 1577 xxxix,
1282 1544 1313 1577 3,
1330 1544 1370 1572 10
1395 1551 1527 1571 amorem
1544 1539 1774 1581 populijuveni
1787 1551 1863 1571 con-

1163 1583 1279 1614 ciliavit
1300 1583 1372 1620 xvii,
1387 1586 1418 1619 2,
1430 1586 1450 1614 6

1207 1626 1360 1656 Amovere
1385 1631 1506 1655 aetatem
1526 1624 1680 1655 imbellem
1705 1624 1778 1667 (pro
1803 1624 1865 1656 alio

1163 1668 1300 1709 mittere)
1316 1669 1355 1704 xi,
1374 1671 1426 1704 10,
1442 1671 1481 1699 14
1504 1667 1611 1698 Vorst.

1208 1711 1421 1752 Amphictyon
1436 1721 1487 1740 rex
1502 1709 1736 1740 Atheniensium
1752 1708 1785 1746 ii,
1798 1713 1831 1746 6,
1842 1713 1864 1742 9

1208 1753 1407 1794 Amphilochi
1419 1752 1574 1783 Gallaeciae
1583 1752 1714 1792 populus
1725 1752 1795 1788 xliv,
1805 1755 1836 1790 3,
1844 1755 1866 1784 6

1208 1796 1464 1836 Amphipolitana
1477 1806 1528 1825 arx
1549 1795 1609 1830 xiV,
1625 1797 1656 1831 6,
1671 1797 1710 1826 13

1209 1838 1435 1878 Amphistratus
1450 1837 1583 1869 Castoris
1598 1842 1630 1868 et
1652 1836 1788 1868 Pollucis
1811 1847 1866 1868 au-

1166 1881 1230 1922 riga
1251 1881 1315 1916 xlii,
1331 1884 1361 1917 3,
1376 1884 1394 1912 3

1208 1923 1366 1963 Amphora
1395 1924 1486 1960 xxxii,
1501 1926 1534 1959 4,
1546 1926 1567 1955 4

1210 1965 1366 2006 Amplecti
1380 1976 1435 2006 spe
1460 1966 1597 2006 improba
1620 1975 1746 2006 regnum
1771 1965 1865 1996 totius

1167 2007 1281 2038 Africae
1304 2008 1374 2043 xxii,
1391 2011 1422 2043 7,
1438 2011 1469 2039 4.
1492 2009 1572 2044 xxix,
1584 2011 1616 2043 2,
1631 2011 1651 2039 2

1210 2050 1367 2090 Ampliare
1388 2060 1514 2089 regnum
1538 2051 1660 2085 virtute,
1684 2049 1865 2080 liberalitate
1898 2067 1902 2070 -

1167 2091 1325 2122 Persarum
1351 2093 1402 2127 vii,
1418 2095 1449 2128 4,
1465 2096 1484 2124 2
1509 2092 1653 2123 terminos
1668 2102 1787 2132 imperii
1814 2101 1865 2122 ac-

1168 2133 1279 2174 quisita
1292 2135 1364 2165 urbe
1380 2135 1483 2175 aliqua
1504 2135 1570 2171 xiii,
1585 2138 1616 2170 6,
1629 2136 1670 2165 20
1693 2135 1768 2164 fines
1781 2134 1866 2182 regni

1168 2187 1256 2212 xxxv,
1281 2180 1310 2213 1,
1332 2180 1347 2208 l
1386 2188 1441 2217 spe
1471 2177 1639 2218 ampliandi
1665 2177 1751 2218 regni
1781 2176 1865 2213 xxiii,

1211 2261 1424 2302 Amplitudiue
1452 2271 1548 2292 rerum
1573 2266 1725 2303 gestarum
1750 2260 1867 2292 invidia

1168 2309 1325 2344 superatur
1347 2305 1367 2340 i,
1383 2308 1414 2338 2.
1427 2308 1445 2335 5

1210 2346 1341 2386 Amplus
1356 2347 1486 2377 circulus
1507 2346 1606 2381 xxxiv,
1621 2349 1653 2381 3,
1670 2348 1689 2377 3
1711 2356 1757 2377 res
1773 2349 1867 2386 gestae

1168 2388 1350 2430 Scytharum
1366 2389 1475 2429 amplae
1490 2388 1722 2429 magnificaeque
1752 2388 1786 2424 ii,
1801 2391 1864 2424 lfl

1169 2430 1298 2471 amplior
1320 2431 1391 2467 xxii,
1407 2436 1438 2468 5,
1454 2434 1485 2463 6.
1512 2432 1591 2466 xxiv,
1608 2434 1640 2467 6,
1656 2434 1675 2462 8

1212 2473 1354 2514 Amplius
1370 2475 1448 2513 (tam
1465 2473 1683 2514 magnitudinis
1697 2477 1755 2509 est,
1776 2482 1867 2514 quam

1169 2516 1347 2546 continuam
1376 2521 1497 2552 vocant,
1526 2521 1561 2546 ut
1584 2516 1667 2551 alibi,
1694 2524 1786 2556 quam
1810 2525 1868 2545 nu-

1169 2559 1260 2599 meri)
1276 2559 1320 2595 iii,
1335 2561 1367 2595 3,
1382 2562 1400 2590 5
1419 2558 1556 2589 Freinsh.
1571 2558 1646 2588 Non
1661 2557 1792 2598 amplius
1807 2567 1870 2587 una

1168 2607 1252 2631 veste
1269 2602 1341 2642 (pro
1356 2612 1419 2632 non
1435 2600 1571 2642 pluribus
1586 2610 1678 2641 quam
1693 2610 1755 2630 una
1767 2599 1869 2640 veste)

1169 2642 1212 2679 iii,
1230 2646 1261 2680 3,
1278 2648 1296 2675 5
1321 2654 1383 2674 non
1400 2643 1530 2684 amplius
1556 2648 1679 2674 centum
1702 2643 1756 2673 viri
1779 2643 1819 2679 vi,
1835 2645 1867 2678 7,

1167 2688 1186 2715 4
1218 2696 1281 2716 11011
1306 2687 1438 2726 amplius
1464 2695 1556 2726 quam
1578 2686 1609 2715 in
1636 2684 1752 2715 biennii
1779 2695 1868 2715 usum

1168 2728 1240 2764 xvii,
1257 2731 1288 2764 2,
1306 2732 1345 2760 14
1362 2728 1452 2769 (vid.
1468 2734 1499 2759 et
1513 2727 1584 2758 Ind.
1601 2728 1632 2758 in
1647 2726 1751 2768 Nep.)
1766 2726 1870 2758 Vorst.

1213 2770 1382 2810 Amputare
1398 2780 1494 2800 moras
1510 2770 1591 2807 xxiv,
1606 2773 1638 2806 7,
1649 2773 1668 2801 2
1685 2770 1787 2810 (quod
1798 2769 1869 2800 Vir-

1167 2812 1239 2852 gilio
1255 2819 1302 2843 est
1326 2823 1464 2853 rumpere
1489 2813 1564 2843 AEn.
1591 2813 1630 2849 ix,
1649 2814 1700 2844 13.
1722 2817 1755 2842 et
1777 2811 1869 2853 alibi)

1166 2854 1302 2886 Freinsh.
1331 2855 1414 2896 Amp
1418 2859 1502 2885 utata
1513 2855 1618 2884 dextra
1639 2854 1672 2890 ii,
1684 2857 1716 2890 9,
1730 2857 1770 2886 18

1211 2897 1353 2929 Amulius
1374 2866 1496 2929 frpatrem
1518 2907 1611 2939 regno
1638 2896 1726 2938 pellit
1747 2895 1822 2934 xliii,
1837 2899 1870 2933 2,
