<?xml version="1.0" encoding="UTF-8"?>
<!DOCTYPE html PUBLIC "-//W3C//DTD XHTML 1.0 Transitional//EN"
    "http://www.w3.org/TR/xhtml1/DTD/xhtml1-transitional.dtd">
<html xmlns="http://www.w3.org/1999/xhtml" xml:lang="en" lang="en">
 <head>
  <title>
</title>
<meta http-equiv="Content-Type" content="text/html;charset=utf-8" />
  <meta name='ocr-system' content='tesseract 3.04.00' />
  <meta name='ocr-capabilities' content='ocr_page ocr_carea ocr_par ocr_line ocrx_word'/>
</head>
<body>
  <div class='ocr_page' id='page_1' title='image "./historiaephilipp02just/historiaephilipp02just_0137.png"; bbox 0 0 2174 3424; ppageno 0'>
   <div class='ocr_carea' id='block_1_1' title="bbox 629 364 1666 409">
    <p class='ocr_par' dir='ltr' id='par_1_1' title="bbox 629 364 1666 409">
     <span class='ocr_line' id='line_1_1' title="bbox 629 364 1666 409; baseline -0.004 0"><span class='ocrx_word' id='word_1_1' title='bbox 629 378 826 409; x_wconf 73' lang='lat' dir='ltr'>JUSTINI</span> <span class='ocrx_word' id='word_1_2' title='bbox 860 378 953 408; x_wconf 77' lang='lat' dir='ltr'><strong>Lm.</strong></span> <span class='ocrx_word' id='word_1_3' title='bbox 987 377 1050 406; x_wconf 83' lang='lat' dir='ltr'><strong>vi.</strong></span> <span class='ocrx_word' id='word_1_4' title='bbox 1083 377 1187 406; x_wconf 64' lang='grc' dir='ltr'><strong>ων.</strong></span> <span class='ocrx_word' id='word_1_5' title='bbox 1218 366 1258 406; x_wconf 85' lang='grc'><strong>9.</strong></span> <span class='ocrx_word' id='word_1_6' title='bbox 1582 364 1666 405; x_wconf 78' lang='grc'><strong>739</strong></span> 
     </span>
    </p>
   </div>
   <div class='ocr_carea' id='block_1_2' title="bbox 209 470 919 2974">
    <p class='ocr_par' dir='ltr' id='par_1_2' title="bbox 226 470 919 608">
     <span class='ocr_line' id='line_1_2' title="bbox 226 470 919 509; baseline -0.012 -1"><span class='ocrx_word' id='word_1_7' title='bbox 226 480 341 508; x_wconf 85' lang='lat' dir='ltr'><strong>tentus</strong></span> <span class='ocrx_word' id='word_1_8' title='bbox 364 478 415 506; x_wconf 88' lang='lat' dir='ltr'><strong>est</strong></span> <span class='ocrx_word' id='word_1_9' title='bbox 438 482 510 506; x_wconf 79' lang='lat' dir='ltr'><strong>xm.</strong></span> <span class='ocrx_word' id='word_1_10' title='bbox 537 477 569 505; x_wconf 84' lang='grc'><strong>3.</strong></span> <span class='ocrx_word' id='word_1_11' title='bbox 595 476 626 505; x_wconf 87' lang='grc'><strong>9.</strong></span> <span class='ocrx_word' id='word_1_12' title='bbox 654 475 662 490; x_wconf 82' lang='lat'>‘</span> <span class='ocrx_word' id='word_1_13' title='bbox 681 473 812 503; x_wconf 85' lang='lat' dir='ltr'><strong>Parcus</strong></span> <span class='ocrx_word' id='word_1_14' title='bbox 827 470 919 509; x_wconf 80' lang='lat' dir='ltr'><strong>vini,&#39;</strong></span> 
     </span>
     <span class='ocr_line' id='line_1_3' title="bbox 226 522 919 567; baseline -0.009 -10"><span class='ocrx_word' id='word_1_15' title='bbox 226 537 280 567; x_wconf 87' lang='lat' dir='ltr'><strong>ap.</strong></span> <span class='ocrx_word' id='word_1_16' title='bbox 296 527 390 557; x_wconf 88' lang='lat' dir='ltr'><strong>Suet.</strong></span> <span class='ocrx_word' id='word_1_17' title='bbox 413 525 501 555; x_wconf 87' lang='lat' dir='ltr'><strong>Caes.</strong></span> <span class='ocrx_word' id='word_1_18' title='bbox 517 526 571 555; x_wconf 81' lang='lat'><strong>53.</strong></span> <span class='ocrx_word' id='word_1_19' title='bbox 595 527 625 555; x_wconf 99' lang='grc'><strong>1.</strong></span> <span class='ocrx_word' id='word_1_20' title='bbox 645 528 679 554; x_wconf 86' lang='lat' dir='ltr'><strong>et</strong></span> <span class='ocrx_word' id='word_1_21' title='bbox 705 522 795 563; x_wconf 80' lang='lat' dir='ltr'><strong>Aug.</strong></span> <span class='ocrx_word' id='word_1_22' title='bbox 819 525 873 552; x_wconf 72' lang='grc'><strong>77.</strong></span> <span class='ocrx_word' id='word_1_23' title='bbox 892 523 919 552; x_wconf 92' lang='lat' dir='ltr'><strong>l.</strong></span> 
     </span>
     <span class='ocr_line' id='line_1_4' title="bbox 227 578 298 608; baseline 0.014 -1"><span class='ocrx_word' id='word_1_24' title='bbox 227 578 298 608; x_wconf 84' lang='lat' dir='ltr'><strong>Vor.</strong></span> 
     </span>
    </p>

    <p class='ocr_par' dir='ltr' id='par_1_3' title="bbox 222 620 919 810">
     <span class='ocr_line' id='line_1_5' title="bbox 270 620 919 663; baseline -0.011 -5"><span class='ocrx_word' id='word_1_25' title='bbox 270 627 315 658; x_wconf 84' lang='lat' dir='ltr'><strong>Ut</strong></span> <span class='ocrx_word' id='word_1_26' title='bbox 338 629 456 657; x_wconf 61' lang='lat' dir='ltr'><strong>munitus</strong></span> <span class='ocrx_word' id='word_1_27' title='bbox 474 624 584 663; x_wconf 83' lang='lat' dir='ltr'><strong>funeri</strong></span> <span class='ocrx_word' id='word_1_28' title='bbox 606 622 757 662; x_wconf 80' lang='lat' dir='ltr'><strong>defuerit]</strong></span> <span class='ocrx_word' id='word_1_29' title='bbox 795 621 848 652; x_wconf 91' lang='lat' dir='ltr'><strong>Id.</strong></span> <span class='ocrx_word' id='word_1_30' title='bbox 876 620 919 652; x_wconf 89' lang='lat' dir='ltr'><strong>de</strong></span> 
     </span>
     <span class='ocr_line' id='line_1_6' title="bbox 223 674 917 715; baseline -0.01 -6"><span class='ocrx_word' id='word_1_31' title='bbox 223 677 377 709; x_wconf 83' lang='lat' dir='ltr'><strong>Aristide</strong></span> <span class='ocrx_word' id='word_1_32' title='bbox 393 677 484 707; x_wconf 90' lang='lat' dir='ltr'><strong>Plut.</strong></span> <span class='ocrx_word' id='word_1_33' title='bbox 504 676 536 706; x_wconf 94' lang='lat' dir='ltr'><strong>in</strong></span> <span class='ocrx_word' id='word_1_34' title='bbox 552 675 622 715; x_wconf 86' lang='lat' dir='ltr'><strong>ejus</strong></span> <span class='ocrx_word' id='word_1_35' title='bbox 638 674 732 712; x_wconf 86' lang='lat' dir='ltr'><strong>Vita,</strong></span> <span class='ocrx_word' id='word_1_36' title='bbox 754 682 782 704; x_wconf 91' lang='lat' dir='ltr'><strong>c.</strong></span> <span class='ocrx_word' id='word_1_37' title='bbox 807 674 859 703; x_wconf 83' lang='lat'><strong>52.</strong></span> <span class='ocrx_word' id='word_1_38' title='bbox 881 676 917 702; x_wconf 90' lang='lat' dir='ltr'><strong>et</strong></span> 
     </span>
     <span class='ocr_line' id='line_1_7' title="bbox 223 722 917 763; baseline -0.01 -5"><span class='ocrx_word' id='word_1_39' title='bbox 223 727 266 758; x_wconf 87' lang='lat' dir='ltr'><strong>de</strong></span> <span class='ocrx_word' id='word_1_40' title='bbox 289 727 330 758; x_wconf 89' lang='lat' dir='ltr'><strong>P.</strong></span> <span class='ocrx_word' id='word_1_41' title='bbox 350 726 487 757; x_wconf 85' lang='lat' dir='ltr'><strong>Valerio</strong></span> <span class='ocrx_word' id='word_1_42' title='bbox 511 725 584 756; x_wconf 91' lang='lat' dir='ltr'><strong>Liv.</strong></span> <span class='ocrx_word' id='word_1_43' title='bbox 612 733 654 755; x_wconf 83' lang='lat'><strong>11.</strong></span> <span class='ocrx_word' id='word_1_44' title='bbox 680 726 730 755; x_wconf 84' lang='lat'><strong>16.</strong></span> <span class='ocrx_word' id='word_1_45' title='bbox 752 725 783 753; x_wconf 83' lang='lat'><strong>7.</strong></span> <span class='ocrx_word' id='word_1_46' title='bbox 808 722 917 763; x_wconf 88' lang='lat' dir='ltr'><strong>deque</strong></span> 
     </span>
     <span class='ocr_line' id='line_1_8' title="bbox 222 776 704 810; baseline -0.006 -1"><span class='ocrx_word' id='word_1_47' title='bbox 222 777 383 810; x_wconf 90' lang='lat' dir='ltr'><strong>Menenio</strong></span> <span class='ocrx_word' id='word_1_48' title='bbox 399 786 441 808; x_wconf 84' lang='lat'><strong>11.</strong></span> <span class='ocrx_word' id='word_1_49' title='bbox 457 779 510 808; x_wconf 84' lang='lat'><strong>33.</strong></span> <span class='ocrx_word' id='word_1_50' title='bbox 528 779 579 807; x_wconf 85' lang='lat'><strong>13.</strong></span> <span class='ocrx_word' id='word_1_51' title='bbox 604 776 704 806; x_wconf 84' lang='lat' dir='ltr'><strong>Bern.</strong></span> 
     </span>
    </p>

    <p class='ocr_par' dir='ltr' id='par_1_4' title="bbox 217 822 918 1469">
     <span class='ocr_line' id='line_1_9' title="bbox 264 822 916 869; baseline -0.009 -10"><span class='ocrx_word' id='word_1_52' title='bbox 264 829 282 869; x_wconf 56' lang='grc' dir='ltr'><strong>ξ</strong></span> <span class='ocrx_word' id='word_1_53' title='bbox 304 831 324 859; x_wconf 90' lang='grc'><strong>7</strong></span> <span class='ocrx_word' id='word_1_54' title='bbox 356 827 525 859; x_wconf 77' lang='lat' dir='ltr'><strong>Recusanti</strong></span> <span class='ocrx_word' id='word_1_55' title='bbox 555 826 658 857; x_wconf 82' lang='lat' dir='ltr'><strong>omnia</strong></span> <span class='ocrx_word' id='word_1_56' title='bbox 681 825 821 865; x_wconf 81' lang='lat' dir='ltr'><strong>imperia,</strong></span> <span class='ocrx_word' id='word_1_57' title='bbox 847 822 916 863; x_wconf 63' lang='lat' dir='ltr'><strong>cisa]</strong></span> 
     </span>
     <span class='ocr_line' id='line_1_10' title="bbox 220 874 918 920; baseline -0.009 -10"><span class='ocrx_word' id='word_1_58' title='bbox 220 878 309 920; x_wconf 88' lang='lat' dir='ltr'>Imp.</span> <span class='ocrx_word' id='word_1_59' title='bbox 334 878 470 918; x_wconf 84' lang='lat' dir='ltr'>Trajan.</span> <span class='ocrx_word' id='word_1_60' title='bbox 501 879 511 894; x_wconf 91' lang='lat'>‘</span> <span class='ocrx_word' id='word_1_61' title='bbox 529 875 736 907; x_wconf 65' lang='lat' dir='ltr'><strong>Praefectum</strong></span> <span class='ocrx_word' id='word_1_62' title='bbox 765 874 918 915; x_wconf 85' lang='lat' dir='ltr'><strong>praetorii</strong></span> 
     </span>
     <span class='ocr_line' id='line_1_11' title="bbox 219 924 917 967; baseline -0.006 -8"><span class='ocrx_word' id='word_1_63' title='bbox 219 937 287 959; x_wconf 89' lang='lat' dir='ltr'><strong>non</strong></span> <span class='ocrx_word' id='word_1_64' title='bbox 311 937 353 959; x_wconf 88' lang='lat' dir='ltr'><strong>ex</strong></span> <span class='ocrx_word' id='word_1_65' title='bbox 377 927 610 967; x_wconf 84' lang='lat' dir='ltr'>ingerentibus</span> <span class='ocrx_word' id='word_1_66' title='bbox 632 926 692 957; x_wconf 89' lang='lat' dir='ltr'><strong>sed</strong></span> <span class='ocrx_word' id='word_1_67' title='bbox 716 935 759 956; x_wconf 88' lang='lat' dir='ltr'><strong>ex</strong></span> <span class='ocrx_word' id='word_1_68' title='bbox 783 924 917 956; x_wconf 85' lang='lat' dir='ltr'><strong>subtra-</strong></span> 
     </span>
     <span class='ocr_line' id='line_1_12' title="bbox 219 977 916 1019; baseline -0.004 -8"><span class='ocrx_word' id='word_1_69' title='bbox 219 980 379 1011; x_wconf 86' lang='lat' dir='ltr'><strong>hentibus</strong></span> <span class='ocrx_word' id='word_1_70' title='bbox 404 979 512 1019; x_wconf 68' lang='lat' dir='ltr'><strong>legit!</strong></span> <span class='ocrx_word' id='word_1_71' title='bbox 546 978 637 1009; x_wconf 90' lang='lat' dir='ltr'><strong>Plin.</strong></span> <span class='ocrx_word' id='word_1_72' title='bbox 664 977 792 1016; x_wconf 83' lang='lat' dir='ltr'><strong>Paneg.</strong></span> <span class='ocrx_word' id='word_1_73' title='bbox 817 986 846 1008; x_wconf 92' lang='lat' dir='ltr'><strong>c.</strong></span> <span class='ocrx_word' id='word_1_74' title='bbox 864 979 916 1008; x_wconf 87' lang='lat'><strong>86.</strong></span> 
     </span>
     <span class='ocr_line' id='line_1_13' title="bbox 220 1026 916 1069; baseline -0.007 -9"><span class='ocrx_word' id='word_1_75' title='bbox 220 1029 288 1060; x_wconf 87' lang='lat' dir='ltr'><strong>Sed</strong></span> <span class='ocrx_word' id='word_1_76' title='bbox 311 1032 346 1059; x_wconf 91' lang='lat' dir='ltr'><strong>et</strong></span> <span class='ocrx_word' id='word_1_77' title='bbox 368 1028 410 1059; x_wconf 88' lang='lat' dir='ltr'><strong>de</strong></span> <span class='ocrx_word' id='word_1_78' title='bbox 434 1028 507 1069; x_wconf 90' lang='lat' dir='ltr'><strong>ipso</strong></span> <span class='ocrx_word' id='word_1_79' title='bbox 522 1027 667 1068; x_wconf 84' lang='lat' dir='ltr'><strong>Trajano</strong></span> <span class='ocrx_word' id='word_1_80' title='bbox 683 1036 714 1058; x_wconf 93' lang='lat' dir='ltr'><strong>c.</strong></span> <span class='ocrx_word' id='word_1_81' title='bbox 731 1030 762 1056; x_wconf 88' lang='lat'><strong>5.</strong></span> <span class='ocrx_word' id='word_1_82' title='bbox 786 1026 795 1042; x_wconf 91' lang='lat'>‘</span> <span class='ocrx_word' id='word_1_83' title='bbox 810 1026 916 1056; x_wconf 86' lang='lat' dir='ltr'><strong>Recu-</strong></span> 
     </span>
     <span class='ocr_line' id='line_1_14' title="bbox 220 1076 916 1118; baseline -0.007 -7"><span class='ocrx_word' id='word_1_84' title='bbox 220 1080 316 1111; x_wconf 83' lang='lat' dir='ltr'><strong>sabas</strong></span> <span class='ocrx_word' id='word_1_85' title='bbox 355 1079 445 1110; x_wconf 91' lang='lat' dir='ltr'><strong>enim</strong></span> <span class='ocrx_word' id='word_1_86' title='bbox 482 1079 676 1118; x_wconf 87' lang='lat' dir='ltr'><strong>imperare;</strong></span> <span class='ocrx_word' id='word_1_87' title='bbox 723 1076 916 1115; x_wconf 78' lang='lat' dir='ltr'>recusabas,</span> 
     </span>
     <span class='ocr_line' id='line_1_15' title="bbox 219 1126 914 1171; baseline -0.003 -12"><span class='ocrx_word' id='word_1_88' title='bbox 219 1130 309 1171; x_wconf 88' lang='lat' dir='ltr'><strong>quod</strong></span> <span class='ocrx_word' id='word_1_89' title='bbox 338 1130 424 1161; x_wconf 89' lang='lat' dir='ltr'><strong>bene</strong></span> <span class='ocrx_word' id='word_1_90' title='bbox 454 1133 529 1160; x_wconf 85' lang='lat' dir='ltr'><strong>erat</strong></span> <span class='ocrx_word' id='word_1_91' title='bbox 555 1126 779 1168; x_wconf 87' lang='lat' dir='ltr'><strong>imperaturi.’</strong></span> <span class='ocrx_word' id='word_1_92' title='bbox 822 1126 914 1158; x_wconf 88' lang='lat' dir='ltr'><strong>Add.</strong></span> 
     </span>
     <span class='ocr_line' id='line_1_16' title="bbox 220 1177 914 1220; baseline -0.003 -10"><span class='ocrx_word' id='word_1_93' title='bbox 220 1179 393 1220; x_wconf 87' lang='lat' dir='ltr'><strong>Lamprid.</strong></span> <span class='ocrx_word' id='word_1_94' title='bbox 406 1179 440 1209; x_wconf 88' lang='lat' dir='ltr'><strong>in</strong></span> <span class='ocrx_word' id='word_1_95' title='bbox 453 1178 552 1210; x_wconf 85' lang='lat' dir='ltr'>Alex.</span> <span class='ocrx_word' id='word_1_96' title='bbox 567 1179 694 1209; x_wconf 88' lang='lat' dir='ltr'><strong>Severo</strong></span> <span class='ocrx_word' id='word_1_97' title='bbox 706 1188 735 1209; x_wconf 91' lang='lat' dir='ltr'><strong>c.</strong></span> <span class='ocrx_word' id='word_1_98' title='bbox 750 1180 802 1209; x_wconf 88' lang='grc'><strong>19.</strong></span> <span class='ocrx_word' id='word_1_99' title='bbox 824 1177 914 1208; x_wconf 86' lang='lat' dir='ltr'><strong>Item</strong></span> 
     </span>
     <span class='ocr_line' id='line_1_17' title="bbox 219 1228 915 1270; baseline -0.003 -10"><span class='ocrx_word' id='word_1_100' title='bbox 219 1230 258 1261; x_wconf 94' lang='lat' dir='ltr'><strong>L.</strong></span> <span class='ocrx_word' id='word_1_101' title='bbox 274 1232 326 1261; x_wconf 84' lang='lat'><strong>31.</strong></span> <span class='ocrx_word' id='word_1_102' title='bbox 343 1229 427 1261; x_wconf 86' lang='lat' dir='ltr'><strong>Cod.</strong></span> <span class='ocrx_word' id='word_1_103' title='bbox 445 1229 487 1260; x_wconf 88' lang='lat' dir='ltr'><strong>de</strong></span> <span class='ocrx_word' id='word_1_104' title='bbox 511 1228 626 1270; x_wconf 88' lang='lat' dir='ltr'><strong>Episc.</strong></span> <span class='ocrx_word' id='word_1_105' title='bbox 649 1232 685 1259; x_wconf 90' lang='lat' dir='ltr'><strong>et</strong></span> <span class='ocrx_word' id='word_1_106' title='bbox 707 1228 798 1260; x_wconf 87' lang='lat' dir='ltr'><strong>Cler.</strong></span> <span class='ocrx_word' id='word_1_107' title='bbox 820 1228 829 1245; x_wconf 92' lang='lat'>‘</span> <span class='ocrx_word' id='word_1_108' title='bbox 846 1228 915 1259; x_wconf 84' lang='lat' dir='ltr'><strong>Sae-</strong></span> 
     </span>
     <span class='ocr_line' id='line_1_18' title="bbox 218 1278 914 1320; baseline -0.003 -10"><span class='ocrx_word' id='word_1_109' title='bbox 218 1280 294 1320; x_wconf 92' lang='lat' dir='ltr'><strong>pius</strong></span> <span class='ocrx_word' id='word_1_110' title='bbox 305 1280 313 1293; x_wconf 90' lang='lat'><em>’</em></span> <span class='ocrx_word' id='word_1_111' title='bbox 337 1284 450 1311; x_wconf 85' lang='lat' dir='ltr'><strong>tamen</strong></span> <span class='ocrx_word' id='word_1_112' title='bbox 468 1281 478 1297; x_wconf 86' lang='lat'>‘</span> <span class='ocrx_word' id='word_1_113' title='bbox 492 1288 650 1310; x_wconf 88' lang='lat' dir='ltr'><strong>recusare</strong></span> <span class='ocrx_word' id='word_1_114' title='bbox 666 1278 857 1318; x_wconf 85' lang='lat' dir='ltr'>ambiguam</span> <span class='ocrx_word' id='word_1_115' title='bbox 874 1288 914 1309; x_wconf 87' lang='lat' dir='ltr'><strong>ac</strong></span> 
     </span>
     <span class='ocr_line' id='line_1_19' title="bbox 219 1328 916 1370; baseline -0.001 -10"><span class='ocrx_word' id='word_1_116' title='bbox 219 1329 330 1370; x_wconf 89' lang='lat' dir='ltr'><strong>potius</strong></span> <span class='ocrx_word' id='word_1_117' title='bbox 352 1330 444 1360; x_wconf 89' lang='lat' dir='ltr'><strong>illam</strong></span> <span class='ocrx_word' id='word_1_118' title='bbox 465 1328 782 1369; x_wconf 86' lang='lat' dir='ltr'><strong>interpretat-ionem</strong></span> <span class='ocrx_word' id='word_1_119' title='bbox 802 1328 916 1368; x_wconf 89' lang='lat' dir='ltr'><strong>habet,</strong></span> 
     </span>
     <span class='ocr_line' id='line_1_20' title="bbox 217 1378 915 1420; baseline 0 -10"><span class='ocrx_word' id='word_1_120' title='bbox 217 1384 379 1420; x_wconf 83' lang='lat' dir='ltr'><strong>tanquam</strong></span> <span class='ocrx_word' id='word_1_121' title='bbox 403 1379 564 1410; x_wconf 78' lang='lat' dir='ltr'>minorem</span> <span class='ocrx_word' id='word_1_122' title='bbox 589 1378 635 1418; x_wconf 82' lang='lat' dir='ltr'><strong>[h.</strong></span> <span class='ocrx_word' id='word_1_123' title='bbox 651 1389 680 1410; x_wconf 90' lang='lat' dir='ltr'><strong>e.</strong></span> <span class='ocrx_word' id='word_1_124' title='bbox 704 1378 835 1409; x_wconf 86' lang='lat' dir='ltr'><strong>muneri</strong></span> <span class='ocrx_word' id='word_1_125' title='bbox 856 1379 915 1410; x_wconf 90' lang='lat' dir='ltr'><strong>im-</strong></span> 
     </span>
     <span class='ocr_line' id='line_1_21' title="bbox 219 1428 900 1469; baseline 0.001 -10"><span class='ocrx_word' id='word_1_126' title='bbox 219 1429 352 1469; x_wconf 85' lang='lat' dir='ltr'><strong>parem]</strong></span> <span class='ocrx_word' id='word_1_127' title='bbox 369 1434 401 1460; x_wconf 86' lang='lat' dir='ltr'><strong>te</strong></span> <span class='ocrx_word' id='word_1_128' title='bbox 418 1429 541 1469; x_wconf 86' lang='lat' dir='ltr'><strong>putes,’</strong></span> <span class='ocrx_word' id='word_1_129' title='bbox 555 1429 645 1460; x_wconf 69' lang='lat' dir='ltr'><strong>Ptin.</strong></span> <span class='ocrx_word' id='word_1_130' title='bbox 661 1428 708 1460; x_wconf 91' lang='lat' dir='ltr'><strong>ib.</strong></span> <span class='ocrx_word' id='word_1_131' title='bbox 725 1439 754 1460; x_wconf 91' lang='lat' dir='ltr'><strong>c.</strong></span> <span class='ocrx_word' id='word_1_132' title='bbox 772 1432 824 1460; x_wconf 88' lang='grc'><strong>59.</strong></span> <span class='ocrx_word' id='word_1_133' title='bbox 850 1430 900 1461; x_wconf 81' lang='lat' dir='ltr'><strong>Id.</strong></span> 
     </span>
    </p>

    <p class='ocr_par' dir='ltr' id='par_1_5' title="bbox 215 1478 915 1819">
     <span class='ocr_line' id='line_1_22' title="bbox 262 1478 915 1520; baseline 0.003 -12"><span class='ocrx_word' id='word_1_134' title='bbox 262 1479 279 1519; x_wconf 57' lang='grc' dir='ltr'><strong>ξ</strong></span> <span class='ocrx_word' id='word_1_135' title='bbox 297 1481 316 1508; x_wconf 88' lang='lat'>8</span> <span class='ocrx_word' id='word_1_136' title='bbox 339 1478 401 1509; x_wconf 77' lang='lat' dir='ltr'><strong>Sed</strong></span> <span class='ocrx_word' id='word_1_137' title='bbox 415 1480 489 1510; x_wconf 81' lang='lat' dir='ltr'><strong>dare</strong></span> <span class='ocrx_word' id='word_1_138' title='bbox 504 1479 564 1519; x_wconf 79' lang='lat' dir='ltr'><strong>ipsi</strong></span> <span class='ocrx_word' id='word_1_139' title='bbox 578 1480 729 1519; x_wconf 68' lang='lat' dir='ltr'><strong>dignitati</strong></span> <span class='ocrx_word' id='word_1_140' title='bbox 743 1479 915 1520; x_wconf 75' lang='lat' dir='ltr'><strong>videretur]</strong></span> 
     </span>
     <span class='ocr_line' id='line_1_23' title="bbox 220 1528 915 1570; baseline 0.001 -11"><span class='ocrx_word' id='word_1_141' title='bbox 220 1528 323 1569; x_wconf 84' lang='lat' dir='ltr'><strong>Angl.</strong></span> <span class='ocrx_word' id='word_1_142' title='bbox 337 1529 412 1569; x_wconf 81' lang='lat' dir='ltr'><strong>ipsis</strong></span> <span class='ocrx_word' id='word_1_143' title='bbox 425 1529 622 1568; x_wconf 78' lang='lat' dir='ltr'><strong>dignitatem.</strong></span> <span class='ocrx_word' id='word_1_144' title='bbox 668 1529 792 1570; x_wconf 80' lang='lat' dir='ltr'>Liquet</span> <span class='ocrx_word' id='word_1_145' title='bbox 808 1539 850 1560; x_wconf 86' lang='lat' dir='ltr'><strong>ex</strong></span> <span class='ocrx_word' id='word_1_146' title='bbox 866 1529 915 1560; x_wconf 89' lang='lat' dir='ltr'><strong>di-</strong></span> 
     </span>
     <span class='ocr_line' id='line_1_24' title="bbox 220 1579 915 1617; baseline 0.001 -8"><span class='ocrx_word' id='word_1_147' title='bbox 220 1579 382 1611; x_wconf 70' lang='lat' dir='ltr'><strong>versitate</strong></span> <span class='ocrx_word' id='word_1_148' title='bbox 398 1580 554 1611; x_wconf 89' lang='lat' dir='ltr'><strong>lectionis</strong></span> <span class='ocrx_word' id='word_1_149' title='bbox 570 1589 687 1610; x_wconf 88' lang='lat' dir='ltr'><strong>vocem</strong></span> <span class='ocrx_word' id='word_1_150' title='bbox 703 1580 851 1617; x_wconf 75' lang='lat' dir='ltr'><em>dignitati</em></span> <span class='ocrx_word' id='word_1_151' title='bbox 874 1590 915 1611; x_wconf 89' lang='lat' dir='ltr'><strong>ex</strong></span> 
     </span>
     <span class='ocr_line' id='line_1_25' title="bbox 219 1629 915 1670; baseline 0.001 -10"><span class='ocrx_word' id='word_1_152' title='bbox 219 1631 330 1670; x_wconf 87' lang='lat' dir='ltr'><strong>glossa</strong></span> <span class='ocrx_word' id='word_1_153' title='bbox 352 1630 542 1670; x_wconf 82' lang='lat' dir='ltr'><strong>irrepsisse.</strong></span> <span class='ocrx_word' id='word_1_154' title='bbox 585 1629 730 1670; x_wconf 83' lang='lat' dir='ltr'><strong>Scripsit</strong></span> <span class='ocrx_word' id='word_1_155' title='bbox 756 1630 847 1662; x_wconf 87' lang='lat' dir='ltr'><strong>Just.</strong></span> <span class='ocrx_word' id='word_1_156' title='bbox 878 1635 915 1661; x_wconf 88' lang='lat' dir='ltr'><strong>ut.</strong></span> 
     </span>
     <span class='ocr_line' id='line_1_26' title="bbox 217 1681 915 1722; baseline 0.003 -11"><span class='ocrx_word' id='word_1_157' title='bbox 217 1681 386 1721; x_wconf 80' lang='lat' dir='ltr'><strong>existimo,</strong></span> <span class='ocrx_word' id='word_1_158' title='bbox 401 1684 436 1712; x_wconf 82' lang='lat' dir='ltr'><strong>ut</strong></span> <span class='ocrx_word' id='word_1_159' title='bbox 459 1685 668 1713; x_wconf 73' lang='lat' dir='ltr'><strong>ornamentum</strong></span> <span class='ocrx_word' id='word_1_160' title='bbox 692 1692 753 1712; x_wconf 84' lang='lat' dir='ltr'><strong>non</strong></span> <span class='ocrx_word' id='word_1_161' title='bbox 777 1683 915 1722; x_wconf 84' lang='lat' dir='ltr'><strong>accipere</strong></span> 
     </span>
     <span class='ocr_line' id='line_1_27' title="bbox 216 1731 913 1772; baseline 0.001 -11"><span class='ocrx_word' id='word_1_162' title='bbox 216 1732 269 1761; x_wconf 83' lang='lat' dir='ltr'><strong>sed</strong></span> <span class='ocrx_word' id='word_1_163' title='bbox 284 1732 358 1761; x_wconf 82' lang='lat' dir='ltr'><strong>dare</strong></span> <span class='ocrx_word' id='word_1_164' title='bbox 372 1731 447 1770; x_wconf 80' lang='lat' dir='ltr'><strong>ipsis</strong></span> <span class='ocrx_word' id='word_1_165' title='bbox 460 1731 524 1763; x_wconf 78' lang='lat' dir='ltr'><strong>vid.</strong></span> <span class='ocrx_word' id='word_1_166' title='bbox 557 1732 645 1762; x_wconf 84' lang='lat' dir='ltr'><strong>Dure</strong></span> <span class='ocrx_word' id='word_1_167' title='bbox 657 1731 733 1772; x_wconf 79' lang='lat' dir='ltr'><strong>ipsis</strong></span> <span class='ocrx_word' id='word_1_168' title='bbox 748 1740 795 1762; x_wconf 88' lang='lat' dir='ltr'><strong>sc.</strong></span> <span class='ocrx_word' id='word_1_169' title='bbox 811 1731 913 1762; x_wconf 88' lang='lat' dir='ltr'><strong>hono-</strong></span> 
     </span>
     <span class='ocr_line' id='line_1_28' title="bbox 215 1780 447 1819; baseline -0.004 -8"><span class='ocrx_word' id='word_1_170' title='bbox 215 1781 319 1812; x_wconf 87' lang='lat' dir='ltr'><strong>ribus.</strong></span> <span class='ocrx_word' id='word_1_171' title='bbox 342 1780 447 1819; x_wconf 83' lang='lat' dir='ltr'><strong>Schef.</strong></span> 
     </span>
    </p>

    <p class='ocr_par' dir='ltr' id='par_1_6' title="bbox 213 1830 914 2072">
     <span class='ocr_line' id='line_1_29' title="bbox 259 1830 914 1872; baseline 0 -11"><span class='ocrx_word' id='word_1_172' title='bbox 259 1831 276 1870; x_wconf 83' lang='lat'>§</span> <span class='ocrx_word' id='word_1_173' title='bbox 293 1833 313 1861; x_wconf 88' lang='lat'><strong>9</strong></span> <span class='ocrx_word' id='word_1_174' title='bbox 326 1830 519 1862; x_wconf 77' lang='lat' dir='ltr'><strong>Litterarum</strong></span> <span class='ocrx_word' id='word_1_175' title='bbox 529 1831 680 1871; x_wconf 80' lang='lat' dir='ltr'><strong>studium]</strong></span> <span class='ocrx_word' id='word_1_176' title='bbox 696 1830 737 1861; x_wconf 95' lang='lat' dir='ltr'><strong>In</strong></span> <span class='ocrx_word' id='word_1_177' title='bbox 750 1840 815 1872; x_wconf 92' lang='lat' dir='ltr'><strong>quo</strong></span> <span class='ocrx_word' id='word_1_178' title='bbox 830 1840 914 1871; x_wconf 87' lang='lat' dir='ltr'><strong>prae-</strong></span> 
     </span>
     <span class='ocr_line' id='line_1_30' title="bbox 213 1880 914 1922; baseline 0.003 -12"><span class='ocrx_word' id='word_1_179' title='bbox 213 1885 388 1920; x_wconf 88' lang='lat' dir='ltr'><strong>ceptorem</strong></span> <span class='ocrx_word' id='word_1_180' title='bbox 397 1880 515 1912; x_wconf 87' lang='lat' dir='ltr'><strong>habuit</strong></span> <span class='ocrx_word' id='word_1_181' title='bbox 527 1881 683 1922; x_wconf 81' lang='lat' dir='ltr'><strong>Lysidein</strong></span> <span class='ocrx_word' id='word_1_182' title='bbox 691 1882 914 1912; x_wconf 89' lang='lat' dir='ltr'><strong>Tarentinum</strong></span> 
     </span>
     <span class='ocr_line' id='line_1_31' title="bbox 216 1930 913 1970; baseline 0.001 -9"><span class='ocrx_word' id='word_1_183' title='bbox 216 1930 476 1970; x_wconf 77' lang='lat' dir='ltr'><strong>Pythagoreum.</strong></span> <span class='ocrx_word' id='word_1_184' title='bbox 511 1932 583 1963; x_wconf 89' lang='lat' dir='ltr'><strong>Cic.</strong></span> <span class='ocrx_word' id='word_1_185' title='bbox 604 1932 647 1962; x_wconf 88' lang='lat' dir='ltr'><strong>de</strong></span> <span class='ocrx_word' id='word_1_186' title='bbox 673 1932 773 1963; x_wconf 84' lang='lat' dir='ltr'><strong>Orat.</strong></span> <span class='ocrx_word' id='word_1_187' title='bbox 790 1940 845 1962; x_wconf 86' lang='lat'><strong>111.</strong></span> <span class='ocrx_word' id='word_1_188' title='bbox 861 1932 913 1962; x_wconf 82' lang='lat'><strong>34.</strong></span> 
     </span>
     <span class='ocr_line' id='line_1_32' title="bbox 214 1980 912 2022; baseline 0.003 -11"><span class='ocrx_word' id='word_1_189' title='bbox 214 1980 320 2012; x_wconf 89' lang='lat' dir='ltr'><strong>Diod.</strong></span> <span class='ocrx_word' id='word_1_190' title='bbox 337 1990 410 2012; x_wconf 67' lang='lat' dir='ltr'><strong>xvn</strong></span> <span class='ocrx_word' id='word_1_191' title='bbox 426 1985 456 2013; x_wconf 85' lang='lat'><strong>2.</strong></span> <span class='ocrx_word' id='word_1_192' title='bbox 474 1982 644 2022; x_wconf 87' lang='lat' dir='ltr'><strong>Diogenes</strong></span> <span class='ocrx_word' id='word_1_193' title='bbox 663 1982 777 2013; x_wconf 86' lang='lat' dir='ltr'><strong>La&#39;e&#39;rt.</strong></span> <span class='ocrx_word' id='word_1_194' title='bbox 794 1983 827 2012; x_wconf 94' lang='lat' dir='ltr'><strong>in</strong></span> <span class='ocrx_word' id='word_1_195' title='bbox 845 1982 912 2022; x_wconf 89' lang='lat' dir='ltr'><strong>Py-</strong></span> 
     </span>
     <span class='ocr_line' id='line_1_33' title="bbox 213 2031 835 2072; baseline 0.005 -12"><span class='ocrx_word' id='word_1_196' title='bbox 213 2031 374 2070; x_wconf 78' lang='lat' dir='ltr'><strong>thagora:</strong></span> <span class='ocrx_word' id='word_1_197' title='bbox 398 2031 531 2062; x_wconf 86' lang='lat' dir='ltr'><strong>Probus</strong></span> <span class='ocrx_word' id='word_1_198' title='bbox 544 2032 578 2062; x_wconf 90' lang='lat' dir='ltr'><strong>in</strong></span> <span class='ocrx_word' id='word_1_199' title='bbox 593 2033 712 2072; x_wconf 90' lang='lat' dir='ltr'><strong>Epam.</strong></span> <span class='ocrx_word' id='word_1_200' title='bbox 735 2032 835 2063; x_wconf 84' lang='lat' dir='ltr'><strong>Bern.</strong></span> 
     </span>
    </p>

    <p class='ocr_par' dir='ltr' id='par_1_7' title="bbox 211 2080 912 2462">
     <span class='ocr_line' id='line_1_34' title="bbox 255 2080 912 2121; baseline 0.003 -11"><span class='ocrx_word' id='word_1_201' title='bbox 255 2080 272 2120; x_wconf 79' lang='lat'>§</span> <span class='ocrx_word' id='word_1_202' title='bbox 289 2082 328 2110; x_wconf 89' lang='lat'><strong>10</strong></span> <span class='ocrx_word' id='word_1_203' title='bbox 352 2080 422 2110; x_wconf 84' lang='lat' dir='ltr'><strong>Hoc</strong></span> <span class='ocrx_word' id='word_1_204' title='bbox 434 2080 509 2110; x_wconf 75' lang='lat' dir='ltr'><strong>vitoe</strong></span> <span class='ocrx_word' id='word_1_205' title='bbox 519 2080 691 2121; x_wconf 81' lang='lat' dir='ltr'><strong>proposito]</strong></span> <span class='ocrx_word' id='word_1_206' title='bbox 715 2081 912 2121; x_wconf 82' lang='lat' dir='ltr'><strong>Propositum</strong></span> 
     </span>
     <span class='ocr_line' id='line_1_35' title="bbox 214 2130 909 2164; baseline 0.006 -5"><span class='ocrx_word' id='word_1_207' title='bbox 214 2130 410 2160; x_wconf 83' lang='lat' dir='ltr'><strong>auctoribus</strong></span> <span class='ocrx_word' id='word_1_208' title='bbox 437 2135 532 2162; x_wconf 85' lang='lat' dir='ltr'><strong>certa</strong></span> <span class='ocrx_word' id='word_1_209' title='bbox 562 2131 700 2162; x_wconf 91' lang='lat' dir='ltr'><strong>vivendi</strong></span> <span class='ocrx_word' id='word_1_210' title='bbox 727 2133 813 2163; x_wconf 88' lang='lat' dir='ltr'><strong>ratio</strong></span> <span class='ocrx_word' id='word_1_211' title='bbox 844 2137 909 2164; x_wconf 87' lang='lat' dir='ltr'><strong>est.</strong></span> 
     </span>
     <span class='ocr_line' id='line_1_36' title="bbox 214 2179 911 2221; baseline 0.006 -12"><span class='ocrx_word' id='word_1_212' title='bbox 214 2179 352 2210; x_wconf 87' lang='lat' dir='ltr'><strong>Phaedr.</strong></span> <span class='ocrx_word' id='word_1_213' title='bbox 382 2179 478 2221; x_wconf 84' lang='lat' dir='ltr'><strong>praef.</strong></span> <span class='ocrx_word' id='word_1_214' title='bbox 508 2181 566 2213; x_wconf 90' lang='lat' dir='ltr'><strong>lib.</strong></span> <span class='ocrx_word' id='word_1_215' title='bbox 598 2190 655 2213; x_wconf 79' lang='grc' dir='ltr'><strong>ιιι.</strong></span> <span class='ocrx_word' id='word_1_216' title='bbox 677 2182 687 2199; x_wconf 85' lang='lat'>‘</span> <span class='ocrx_word' id='word_1_217' title='bbox 705 2182 911 2213; x_wconf 84' lang='lat' dir='ltr'><strong>Mutandum</strong></span> 
     </span>
     <span class='ocr_line' id='line_1_37' title="bbox 213 2229 912 2271; baseline 0.004 -11"><span class='ocrx_word' id='word_1_218' title='bbox 213 2229 274 2260; x_wconf 86' lang='lat' dir='ltr'><strong>tibi</strong></span> <span class='ocrx_word' id='word_1_219' title='bbox 300 2230 509 2270; x_wconf 87' lang='lat' dir='ltr'><strong>propositum</strong></span> <span class='ocrx_word' id='word_1_220' title='bbox 535 2236 587 2262; x_wconf 91' lang='lat' dir='ltr'><strong>est</strong></span> <span class='ocrx_word' id='word_1_221' title='bbox 612 2235 648 2262; x_wconf 91' lang='lat' dir='ltr'><strong>et</strong></span> <span class='ocrx_word' id='word_1_222' title='bbox 674 2231 754 2263; x_wconf 82' lang='lat' dir='ltr'><strong>vitae</strong></span> <span class='ocrx_word' id='word_1_223' title='bbox 781 2231 912 2271; x_wconf 59' lang='grc' dir='ltr'>ἔθους]</span> 
     </span>
     <span class='ocr_line' id='line_1_38' title="bbox 212 2280 910 2322; baseline 0.003 -12"><span class='ocrx_word' id='word_1_224' title='bbox 212 2281 290 2311; x_wconf 87' lang='lat' dir='ltr'><strong>Sen.</strong></span> <span class='ocrx_word' id='word_1_225' title='bbox 320 2281 384 2320; x_wconf 89' lang='lat' dir='ltr'><strong>Ep.</strong></span> <span class='ocrx_word' id='word_1_226' title='bbox 410 2283 462 2311; x_wconf 84' lang='lat'><strong>68.</strong></span> <span class='ocrx_word' id='word_1_227' title='bbox 488 2283 498 2298; x_wconf 88' lang='lat'>‘</span> <span class='ocrx_word' id='word_1_228' title='bbox 515 2280 619 2312; x_wconf 92' lang='lat' dir='ltr'><strong>Aliud</strong></span> <span class='ocrx_word' id='word_1_229' title='bbox 647 2283 826 2322; x_wconf 90' lang='lat' dir='ltr'><strong>proposito</strong></span> <span class='ocrx_word' id='word_1_230' title='bbox 850 2286 910 2313; x_wconf 93' lang='lat' dir='ltr'><strong>tuo</strong></span> 
     </span>
     <span class='ocr_line' id='line_1_39' title="bbox 212 2330 910 2372; baseline 0.004 -13"><span class='ocrx_word' id='word_1_231' title='bbox 212 2338 332 2360; x_wconf 89' lang='lat' dir='ltr'><strong>nomen</strong></span> <span class='ocrx_word' id='word_1_232' title='bbox 359 2330 518 2370; x_wconf 88' lang='lat' dir='ltr'><strong>impone.’</strong></span> <span class='ocrx_word' id='word_1_233' title='bbox 560 2331 628 2361; x_wconf 87' lang='lat' dir='ltr'><strong>Ubi</strong></span> <span class='ocrx_word' id='word_1_234' title='bbox 656 2330 910 2372; x_wconf 84' lang='lat' dir='ltr'><strong>‘propositum’</strong></span> 
     </span>
     <span class='ocr_line' id='line_1_40' title="bbox 212 2380 910 2412; baseline 0.003 -2"><span class='ocrx_word' id='word_1_235' title='bbox 212 2384 311 2410; x_wconf 85' lang='lat' dir='ltr'><strong>vocat</strong></span> <span class='ocrx_word' id='word_1_236' title='bbox 338 2380 531 2411; x_wconf 84' lang='lat' dir='ltr'><strong>institutum</strong></span> <span class='ocrx_word' id='word_1_237' title='bbox 556 2380 678 2411; x_wconf 88' lang='lat' dir='ltr'><strong>Lucilii</strong></span> <span class='ocrx_word' id='word_1_238' title='bbox 706 2381 740 2412; x_wconf 93' lang='lat' dir='ltr'><strong>in</strong></span> <span class='ocrx_word' id='word_1_239' title='bbox 772 2391 910 2412; x_wconf 76' lang='lat' dir='ltr'><strong>secessu</strong></span> 
     </span>
     <span class='ocr_line' id='line_1_41' title="bbox 211 2429 462 2462; baseline 0.004 -2"><span class='ocrx_word' id='word_1_240' title='bbox 211 2429 358 2461; x_wconf 85' lang='lat' dir='ltr'><strong>vivendi.</strong></span> <span class='ocrx_word' id='word_1_241' title='bbox 390 2430 462 2462; x_wconf 89' lang='lat' dir='ltr'><strong>Vor.</strong></span> 
     </span>
    </p>

    <p class='ocr_par' dir='ltr' id='par_1_8' title="bbox 209 2480 910 2974">
     <span class='ocr_line' id='line_1_42' title="bbox 254 2480 910 2520; baseline 0.003 -10"><span class='ocrx_word' id='word_1_242' title='bbox 254 2480 272 2520; x_wconf 58' lang='grc' dir='ltr'><strong><em>ξ</em></strong></span> <span class='ocrx_word' id='word_1_243' title='bbox 291 2482 328 2510; x_wconf 96' lang='grc'><strong>11</strong></span> <span class='ocrx_word' id='word_1_244' title='bbox 354 2480 392 2510; x_wconf 83' lang='lat' dir='ltr'><strong>Id</strong></span> <span class='ocrx_word' id='word_1_245' title='bbox 417 2490 510 2511; x_wconf 83' lang='lat' dir='ltr'><strong>unum</strong></span> <span class='ocrx_word' id='word_1_246' title='bbox 533 2490 553 2511; x_wconf 88' lang='grc' dir='ltr'><strong>α</strong></span> <span class='ocrx_word' id='word_1_247' title='bbox 573 2481 842 2512; x_wconf 77' lang='lat' dir='ltr'><strong>circumstantibus</strong></span> <span class='ocrx_word' id='word_1_248' title='bbox 861 2491 910 2512; x_wconf 84' lang='lat' dir='ltr'><strong>re-</strong></span> 
     </span>
     <span class='ocr_line' id='line_1_43' title="bbox 210 2529 910 2571; baseline 0.003 -11"><span class='ocrx_word' id='word_1_249' title='bbox 210 2529 352 2570; x_wconf 78' lang='lat' dir='ltr'><strong>quisivit]</strong></span> <span class='ocrx_word' id='word_1_250' title='bbox 374 2531 429 2561; x_wconf 93' lang='lat' dir='ltr'><strong>De</strong></span> <span class='ocrx_word' id='word_1_251' title='bbox 454 2531 710 2571; x_wconf 82' lang='lat' dir='ltr'><strong>Philopoemene</strong></span> <span class='ocrx_word' id='word_1_252' title='bbox 733 2540 797 2561; x_wconf 86' lang='lat' dir='ltr'><strong>non</strong></span> <span class='ocrx_word' id='word_1_253' title='bbox 816 2531 910 2562; x_wconf 83' lang='lat' dir='ltr'><strong>dissi-</strong></span> 
     </span>
     <span class='ocr_line' id='line_1_44' title="bbox 211 2580 909 2614; baseline 0.004 -3"><span class='ocrx_word' id='word_1_254' title='bbox 211 2580 304 2612; x_wconf 88' lang='lat' dir='ltr'><strong>milia</strong></span> <span class='ocrx_word' id='word_1_255' title='bbox 327 2581 400 2612; x_wconf 88' lang='lat' dir='ltr'><strong>Liv.</strong></span> <span class='ocrx_word' id='word_1_256' title='bbox 428 2590 559 2613; x_wconf 78' lang='lat' dir='ltr'><strong>xxxtx.</strong></span> <span class='ocrx_word' id='word_1_257' title='bbox 585 2585 639 2613; x_wconf 84' lang='grc'><strong>50.</strong></span> <span class='ocrx_word' id='word_1_258' title='bbox 663 2585 694 2614; x_wconf 87' lang='grc'><strong>9.</strong></span> <span class='ocrx_word' id='word_1_259' title='bbox 723 2583 909 2614; x_wconf 83' lang='lat' dir='ltr'><strong>Berneccer.</strong></span> 
     </span>
     <span class='ocr_line' id='line_1_45' title="bbox 210 2630 910 2673; baseline 0.003 -11"><span class='ocrx_word' id='word_1_260' title='bbox 210 2630 277 2671; x_wconf 86' lang='lat' dir='ltr'><strong>Ita,</strong></span> <span class='ocrx_word' id='word_1_261' title='bbox 293 2635 332 2662; x_wconf 88' lang='lat' dir='ltr'><strong>ut</strong></span> <span class='ocrx_word' id='word_1_262' title='bbox 355 2631 446 2663; x_wconf 89' lang='lat' dir='ltr'><strong>Just.</strong></span> <span class='ocrx_word' id='word_1_263' title='bbox 474 2636 558 2663; x_wconf 85' lang='lat' dir='ltr'><strong>cett.</strong></span> <span class='ocrx_word' id='word_1_264' title='bbox 578 2641 713 2673; x_wconf 90' lang='lat' dir='ltr'><strong>quoque</strong></span> <span class='ocrx_word' id='word_1_265' title='bbox 737 2643 851 2664; x_wconf 90' lang='lat' dir='ltr'><strong>omnes</strong></span> <span class='ocrx_word' id='word_1_266' title='bbox 874 2633 910 2664; x_wconf 89' lang='lat' dir='ltr'><strong>id</strong></span> 
     </span>
     <span class='ocr_line' id='line_1_46' title="bbox 210 2681 910 2723; baseline 0 -10"><span class='ocrx_word' id='word_1_267' title='bbox 210 2685 361 2713; x_wconf 83' lang='lat' dir='ltr'><strong>narrant.</strong></span> <span class='ocrx_word' id='word_1_268' title='bbox 397 2681 520 2712; x_wconf 84' lang='lat' dir='ltr'><strong>AElian.</strong></span> <span class='ocrx_word' id='word_1_269' title='bbox 546 2686 657 2712; x_wconf 87' lang='lat' dir='ltr'><strong>tamen</strong></span> <span class='ocrx_word' id='word_1_270' title='bbox 684 2682 782 2723; x_wconf 85' lang='lat' dir='ltr'><strong>longe</strong></span> <span class='ocrx_word' id='word_1_271' title='bbox 809 2683 910 2713; x_wconf 87' lang='lat' dir='ltr'><strong>aliter</strong></span> 
     </span>
     <span class='ocr_line' id='line_1_47' title="bbox 212 2730 908 2773; baseline 0.003 -12"><span class='ocrx_word' id='word_1_272' title='bbox 212 2738 278 2762; x_wconf 81' lang='lat' dir='ltr'><strong>xu.</strong></span> <span class='ocrx_word' id='word_1_273' title='bbox 297 2731 341 2763; x_wconf 85' lang='lat' dir='ltr'><strong>V.</strong></span> <span class='ocrx_word' id='word_1_274' title='bbox 358 2730 405 2763; x_wconf 83' lang='lat' dir='ltr'><strong>H.</strong></span> <span class='ocrx_word' id='word_1_275' title='bbox 419 2741 495 2772; x_wconf 87' lang='lat' dir='ltr'><strong>cap.</strong></span> <span class='ocrx_word' id='word_1_276' title='bbox 512 2734 542 2762; x_wconf 88' lang='grc'><strong>3.</strong></span> <span class='ocrx_word' id='word_1_277' title='bbox 559 2732 653 2773; x_wconf 89' lang='lat' dir='ltr'><strong>cujus</strong></span> <span class='ocrx_word' id='word_1_278' title='bbox 671 2732 775 2762; x_wconf 87' lang='lat' dir='ltr'><strong>verba</strong></span> <span class='ocrx_word' id='word_1_279' title='bbox 796 2741 908 2763; x_wconf 87' lang='lat' dir='ltr'><strong>emen·</strong></span> 
     </span>
     <span class='ocr_line' id='line_1_48' title="bbox 211 2781 909 2822; baseline 0.003 -11"><span class='ocrx_word' id='word_1_280' title='bbox 211 2781 291 2812; x_wconf 85' lang='lat' dir='ltr'><strong>data</strong></span> <span class='ocrx_word' id='word_1_281' title='bbox 305 2791 470 2822; x_wconf 86' lang='lat' dir='ltr'><strong>apponam</strong></span> <span class='ocrx_word' id='word_1_282' title='bbox 482 2793 490 2814; x_wconf 83' lang='lat'>:</span> <span class='ocrx_word' id='word_1_283' title='bbox 508 2782 742 2821; x_wconf 81' lang='grc' dir='ltr'>Ἐπαμινώνδας,</span> <span class='ocrx_word' id='word_1_284' title='bbox 754 2781 806 2813; x_wconf 84' lang='grc' dir='ltr'><strong>ὅτε</strong></span> <span class='ocrx_word' id='word_1_285' title='bbox 817 2781 909 2822; x_wconf 83' lang='grc' dir='ltr'>ἐτρώ·</span> 
     </span>
     <span class='ocr_line' id='line_1_49' title="bbox 211 2831 908 2873; baseline 0.001 -12"><span class='ocrx_word' id='word_1_286' title='bbox 211 2833 248 2867; x_wconf 82' lang='grc' dir='ltr'><strong>θη</strong></span> <span class='ocrx_word' id='word_1_287' title='bbox 273 2831 305 2862; x_wconf 83' lang='grc' dir='ltr'>ἐν</span> <span class='ocrx_word' id='word_1_288' title='bbox 326 2831 489 2873; x_wconf 77' lang='grc' dir='ltr'>Μαντινείᾳ</span> <span class='ocrx_word' id='word_1_289' title='bbox 512 2831 636 2872; x_wconf 80' lang='grc' dir='ltr'>καιρίαν,</span> <span class='ocrx_word' id='word_1_290' title='bbox 651 2831 692 2863; x_wconf 83' lang='grc' dir='ltr'><strong>εἷς</strong></span> <span class='ocrx_word' id='word_1_291' title='bbox 712 2831 770 2869; x_wconf 79' lang='grc' dir='ltr'>τὴν</span> <span class='ocrx_word' id='word_1_292' title='bbox 791 2831 908 2869; x_wconf 77' lang='grc' dir='ltr'>σκηνὴν</span> 
     </span>
     <span class='ocr_line' id='line_1_50' title="bbox 212 2880 908 2923; baseline 0.004 -13"><span class='ocrx_word' id='word_1_293' title='bbox 212 2880 361 2918; x_wconf 77' lang='grc' dir='ltr'>κομισθεὶς</span> <span class='ocrx_word' id='word_1_294' title='bbox 376 2880 422 2912; x_wconf 82' lang='grc' dir='ltr'><strong>ἔτι</strong></span> <span class='ocrx_word' id='word_1_295' title='bbox 442 2880 571 2921; x_wconf 79' lang='grc' dir='ltr'>ἔμπνους</span> <span class='ocrx_word' id='word_1_296' title='bbox 595 2881 774 2922; x_wconf 76' lang='grc' dir='ltr'>Δαΐφαντον</span> <span class='ocrx_word' id='word_1_297' title='bbox 793 2881 908 2923; x_wconf 79' lang='grc' dir='ltr'>ἐκάλει,</span> 
     </span>
     <span class='ocr_line' id='line_1_51' title="bbox 209 2930 908 2974; baseline 0.006 -12"><span class='ocrx_word' id='word_1_298' title='bbox 209 2930 263 2963; x_wconf 74' lang='grc' dir='ltr'><strong>ἵνα</strong></span> <span class='ocrx_word' id='word_1_299' title='bbox 283 2930 420 2974; x_wconf 71' lang='grc' dir='ltr'>ἀποδείξῃ</span> <span class='ocrx_word' id='word_1_300' title='bbox 446 2932 631 2974; x_wconf 72' lang='grc' dir='ltr'>στρατηγόν,</span> <span class='ocrx_word' id='word_1_301' title='bbox 670 2934 698 2965; x_wconf 84' lang='grc' dir='ltr'>οἱ</span> <span class='ocrx_word' id='word_1_302' title='bbox 727 2933 759 2966; x_wconf 84' lang='grc' dir='ltr'><strong>δὲ</strong></span> <span class='ocrx_word' id='word_1_303' title='bbox 789 2932 908 2974; x_wconf 73' lang='grc' dir='ltr'>ἔφασαν</span> 
     </span>
    </p>
   </div>
   <div class='ocr_carea' id='block_1_3' title="bbox 957 467 1668 2974">
    <p class='ocr_par' dir='ltr' id='par_1_9' title="bbox 966 467 1667 957">
     <span class='ocr_line' id='line_1_52' title="bbox 970 467 1666 509; baseline -0.001 -10"><span class='ocrx_word' id='word_1_304' title='bbox 970 471 1106 501; x_wconf 80' lang='grc' dir='ltr'>τεθνῖιναι</span> <span class='ocrx_word' id='word_1_305' title='bbox 1122 469 1176 500; x_wconf 79' lang='grc' dir='ltr'>τὸν</span> <span class='ocrx_word' id='word_1_306' title='bbox 1192 470 1292 509; x_wconf 78' lang='grc' dir='ltr'>ἄνδρα·</span> <span class='ocrx_word' id='word_1_307' title='bbox 1311 467 1377 499; x_wconf 76' lang='grc' dir='ltr'>εἶτα</span> <span class='ocrx_word' id='word_1_308' title='bbox 1393 467 1542 500; x_wconf 65' lang='grc' dir='ltr'>Ἰολαΐδαν</span> <span class='ocrx_word' id='word_1_309' title='bbox 1561 470 1666 499; x_wconf 78' lang='grc' dir='ltr'>καλεῖν</span> 
     </span>
     <span class='ocr_line' id='line_1_53' title="bbox 971 519 1667 559; baseline 0 -8"><span class='ocrx_word' id='word_1_310' title='bbox 971 521 1018 551; x_wconf 76' lang='grc' dir='ltr'><strong>διὸ.</strong></span> <span class='ocrx_word' id='word_1_311' title='bbox 1042 519 1162 559; x_wconf 82' lang='grc' dir='ltr'>ταχέως</span> <span class='ocrx_word' id='word_1_312' title='bbox 1189 520 1281 559; x_wconf 77' lang='grc' dir='ltr'><strong>ἠξίου.</strong></span> <span class='ocrx_word' id='word_1_313' title='bbox 1327 521 1410 550; x_wconf 79' lang='grc' dir='ltr'>Ἐπεὶ</span> <span class='ocrx_word' id='word_1_314' title='bbox 1440 520 1471 551; x_wconf 88' lang='grc' dir='ltr'><strong>δὲ</strong></span> <span class='ocrx_word' id='word_1_315' title='bbox 1501 519 1552 550; x_wconf 77' lang='grc' dir='ltr'><strong>καὶ</strong></span> <span class='ocrx_word' id='word_1_316' title='bbox 1576 520 1667 551; x_wconf 77' lang='grc' dir='ltr'>αὐτὸς</span> 
     </span>
     <span class='ocr_line' id='line_1_54' title="bbox 970 570 1666 611; baseline -0.001 -10"><span class='ocrx_word' id='word_1_317' title='bbox 970 570 1250 611; x_wconf 31' lang='grc' dir='ltr'>ἐλέχθηψτεθνῖιναι,</span> <span class='ocrx_word' id='word_1_318' title='bbox 1263 570 1486 605; x_wconf 85' lang='grc' dir='ltr'>συνεβούλευσε</span> <span class='ocrx_word' id='word_1_319' title='bbox 1501 570 1666 601; x_wconf 86' lang='grc' dir='ltr'>διαλύσασ-</span> 
     </span>
     <span class='ocr_line' id='line_1_55' title="bbox 970 620 1666 662; baseline -0.004 -9"><span class='ocrx_word' id='word_1_320' title='bbox 970 624 1018 653; x_wconf 85' lang='grc' dir='ltr'>θαι</span> <span class='ocrx_word' id='word_1_321' title='bbox 1054 620 1127 662; x_wconf 73' lang='grc' dir='ltr'><strong><em>πρὸς</em></strong></span> <span class='ocrx_word' id='word_1_322' title='bbox 1159 620 1231 653; x_wconf 78' lang='grc' dir='ltr'>τοὺς</span> <span class='ocrx_word' id='word_1_323' title='bbox 1270 621 1442 660; x_wconf 81' lang='grc' dir='ltr'>πολεμίους,</span> <span class='ocrx_word' id='word_1_324' title='bbox 1473 621 1523 651; x_wconf 80' lang='grc' dir='ltr'><strong>καὶ</strong></span> <span class='ocrx_word' id='word_1_325' title='bbox 1561 621 1666 660; x_wconf 79' lang='grc' dir='ltr'>φιλίαν</span> 
     </span>
     <span class='ocr_line' id='line_1_56' title="bbox 969 670 1666 712; baseline -0.003 -9"><span class='ocrx_word' id='word_1_326' title='bbox 969 671 1084 711; x_wconf 83' lang='grc' dir='ltr'>θέσθαι,</span> <span class='ocrx_word' id='word_1_327' title='bbox 1099 672 1137 702; x_wconf 83' lang='grc' dir='ltr'><strong>ὣς</strong></span> <span class='ocrx_word' id='word_1_328' title='bbox 1156 670 1264 710; x_wconf 77' lang='grc' dir='ltr'>μηκέτι</span> <span class='ocrx_word' id='word_1_329' title='bbox 1284 672 1459 712; x_wconf 73' lang='grc' dir='ltr'>στρατηγοῦ</span> <span class='ocrx_word' id='word_1_330' title='bbox 1473 678 1666 710; x_wconf 81' lang='grc' dir='ltr'>καταλιμπα-</span> 
     </span>
     <span class='ocr_line' id='line_1_57' title="bbox 967 721 1665 762; baseline -0.001 -8"><span class='ocrx_word' id='word_1_331' title='bbox 967 721 1092 761; x_wconf 87' lang='grc' dir='ltr'>νομένου</span> <span class='ocrx_word' id='word_1_332' title='bbox 1117 722 1148 752; x_wconf 85' lang='grc' dir='ltr'>ἐν</span> <span class='ocrx_word' id='word_1_333' title='bbox 1172 722 1296 758; x_wconf 75' lang='grc' dir='ltr'>Θήβαις.</span> <span class='ocrx_word' id='word_1_334' title='bbox 1341 723 1466 762; x_wconf 84' lang='lat' dir='ltr'><strong>Vulgo,</strong></span> <span class='ocrx_word' id='word_1_335' title='bbox 1490 722 1528 753; x_wconf 81' lang='grc' dir='ltr'><strong>ὡς</strong></span> <span class='ocrx_word' id='word_1_336' title='bbox 1553 734 1584 760; x_wconf 90' lang='grc' dir='ltr'><strong>μ.</strong></span> <span class='ocrx_word' id='word_1_337' title='bbox 1613 733 1665 753; x_wconf 82' lang='grc' dir='ltr'><strong>στ.</strong></span> 
     </span>
     <span class='ocr_line' id='line_1_58' title="bbox 966 771 1667 811; baseline -0.001 -8"><span class='ocrx_word' id='word_1_338' title='bbox 966 771 1276 811; x_wconf 84' lang='grc' dir='ltr'>καταλαμβανομένου</span> <span class='ocrx_word' id='word_1_339' title='bbox 1304 771 1337 801; x_wconf 83' lang='grc' dir='ltr'>ἐν</span> <span class='ocrx_word' id='word_1_340' title='bbox 1365 775 1401 802; x_wconf 91' lang='grc' dir='ltr'><strong>Θ.</strong></span> <span class='ocrx_word' id='word_1_341' title='bbox 1440 771 1543 803; x_wconf 87' lang='lat' dir='ltr'><strong>Male.</strong></span> <span class='ocrx_word' id='word_1_342' title='bbox 1588 771 1667 803; x_wconf 89' lang='lat' dir='ltr'><strong>Vid.</strong></span> 
     </span>
     <span class='ocr_line' id='line_1_59' title="bbox 967 824 1667 866; baseline 0 -11"><span class='ocrx_word' id='word_1_343' title='bbox 967 833 1098 866; x_wconf 87' lang='lat' dir='ltr'><strong>quoque</strong></span> <span class='ocrx_word' id='word_1_344' title='bbox 1124 824 1218 855; x_wconf 89' lang='lat' dir='ltr'><strong>Plut.</strong></span> <span class='ocrx_word' id='word_1_345' title='bbox 1245 825 1279 855; x_wconf 94' lang='lat' dir='ltr'><strong>in</strong></span> <span class='ocrx_word' id='word_1_346' title='bbox 1300 824 1437 865; x_wconf 88' lang='lat' dir='ltr'><strong>Apoph.</strong></span> <span class='ocrx_word' id='word_1_347' title='bbox 1461 824 1667 865; x_wconf 89' lang='lat' dir='ltr'><strong>Epaminon-</strong></span> 
     </span>
     <span class='ocr_line' id='line_1_60' title="bbox 967 873 1666 916; baseline 0 -11"><span class='ocrx_word' id='word_1_348' title='bbox 967 875 1032 915; x_wconf 84' lang='lat' dir='ltr'><strong>dae,</strong></span> <span class='ocrx_word' id='word_1_349' title='bbox 1048 875 1104 916; x_wconf 91' lang='lat' dir='ltr'><strong>qui</strong></span> <span class='ocrx_word' id='word_1_350' title='bbox 1119 873 1282 914; x_wconf 74' lang='grc' dir='ltr'>Ἰολαΐδαν,</span> <span class='ocrx_word' id='word_1_351' title='bbox 1307 883 1496 916; x_wconf 84' lang='lat' dir='ltr'><strong>perperam,</strong></span> <span class='ocrx_word' id='word_1_352' title='bbox 1519 880 1556 906; x_wconf 91' lang='lat' dir='ltr'><strong>ut</strong></span> <span class='ocrx_word' id='word_1_353' title='bbox 1572 878 1666 915; x_wconf 90' lang='lat' dir='ltr'><strong>puto,</strong></span> 
     </span>
     <span class='ocr_line' id='line_1_61' title="bbox 966 925 1367 957; baseline 0 -1"><span class='ocrx_word' id='word_1_354' title='bbox 966 930 1066 956; x_wconf 88' lang='lat' dir='ltr'><strong>vocat</strong></span> <span class='ocrx_word' id='word_1_355' title='bbox 1080 925 1239 957; x_wconf 84' lang='grc' dir='ltr'>Ἰολλίδαν.</span> <span class='ocrx_word' id='word_1_356' title='bbox 1278 925 1367 956; x_wconf 78' lang='lat' dir='ltr'><strong>Voss.</strong></span> 
     </span>
    </p>

    <p class='ocr_par' dir='ltr' id='par_1_10' title="bbox 964 974 1665 1165">
     <span class='ocr_line' id='line_1_62' title="bbox 1009 974 1665 1015; baseline -0.002 -9"><span class='ocrx_word' id='word_1_357' title='bbox 1009 975 1026 1015; x_wconf 56' lang='grc' dir='ltr'><em>ᾧ</em></span> <span class='ocrx_word' id='word_1_358' title='bbox 1045 978 1083 1006; x_wconf 81' lang='grc'><strong>12</strong></span> <span class='ocrx_word' id='word_1_359' title='bbox 1106 976 1305 1015; x_wconf 81' lang='lat' dir='ltr'><strong>Allutumque</strong></span> <span class='ocrx_word' id='word_1_360' title='bbox 1327 975 1410 1006; x_wconf 73' lang='lat' dir='ltr'><strong>velut</strong></span> <span class='ocrx_word' id='word_1_361' title='bbox 1425 974 1573 1013; x_wconf 86' lang='lat' dir='ltr'><strong>laborum,</strong></span> <span class='ocrx_word' id='word_1_362' title='bbox 1594 974 1665 1015; x_wconf 65' lang='grc' dir='ltr'><strong>ᾅτ]</strong></span> 
     </span>
     <span class='ocr_line' id='line_1_63' title="bbox 966 1025 1665 1066; baseline -0.001 -10"><span class='ocrx_word' id='word_1_363' title='bbox 966 1025 1080 1065; x_wconf 80' lang='lat' dir='ltr'><strong>Magis</strong></span> <span class='ocrx_word' id='word_1_364' title='bbox 1107 1026 1234 1066; x_wconf 88' lang='lat' dir='ltr'><strong>placet,</strong></span> <span class='ocrx_word' id='word_1_365' title='bbox 1254 1025 1343 1066; x_wconf 89' lang='lat' dir='ltr'><strong>quod</strong></span> <span class='ocrx_word' id='word_1_366' title='bbox 1365 1025 1398 1056; x_wconf 92' lang='lat' dir='ltr'><strong>in</strong></span> <span class='ocrx_word' id='word_1_367' title='bbox 1420 1025 1665 1066; x_wconf 85' lang='lat' dir='ltr'><strong>antiquioribus</strong></span> 
     </span>
     <span class='ocr_line' id='line_1_64' title="bbox 966 1076 1665 1116; baseline 0 -10"><span class='ocrx_word' id='word_1_368' title='bbox 966 1076 1057 1116; x_wconf 84' lang='lat' dir='ltr'><strong>typis</strong></span> <span class='ocrx_word' id='word_1_369' title='bbox 1081 1076 1249 1116; x_wconf 84' lang='lat' dir='ltr'><strong>expressis</strong></span> <span class='ocrx_word' id='word_1_370' title='bbox 1275 1080 1340 1114; x_wconf 76' lang='lat' dir='ltr'><strong>est,</strong></span> <span class='ocrx_word' id='word_1_371' title='bbox 1362 1077 1491 1107; x_wconf 75' lang='lat' dir='ltr'><strong>allatum</strong></span> <span class='ocrx_word' id='word_1_372' title='bbox 1511 1086 1539 1107; x_wconf 88' lang='lat' dir='ltr'><strong>v.</strong></span> <span class='ocrx_word' id='word_1_373' title='bbox 1562 1076 1581 1106; x_wconf 81' lang='lat' dir='ltr'><strong>l.</strong></span> <span class='ocrx_word' id='word_1_374' title='bbox 1605 1086 1665 1107; x_wconf 80' lang='lat' dir='ltr'><strong>soc.</strong></span> 
     </span>
     <span class='ocr_line' id='line_1_65' title="bbox 964 1125 1499 1165; baseline 0 -9"><span class='ocrx_word' id='word_1_375' title='bbox 964 1135 1023 1156; x_wconf 83' lang='lat' dir='ltr'><strong>osc.</strong></span> <span class='ocrx_word' id='word_1_376' title='bbox 1038 1129 1104 1162; x_wconf 82' lang='lat' dir='ltr'><strong>est;</strong></span> <span class='ocrx_word' id='word_1_377' title='bbox 1126 1125 1248 1156; x_wconf 83' lang='lat' dir='ltr'><strong>omissa</strong></span> <span class='ocrx_word' id='word_1_378' title='bbox 1262 1135 1310 1156; x_wconf 88' lang='lat' dir='ltr'><strong>sc.</strong></span> <span class='ocrx_word' id='word_1_379' title='bbox 1326 1135 1393 1165; x_wconf 82' lang='lat' dir='ltr'><strong>que.</strong></span> <span class='ocrx_word' id='word_1_380' title='bbox 1418 1126 1499 1156; x_wconf 89' lang='lat' dir='ltr'><strong>Vor.</strong></span> 
     </span>
    </p>

    <p class='ocr_par' dir='ltr' id='par_1_11' title="bbox 961 1176 1668 2172">
     <span class='ocr_line' id='line_1_66' title="bbox 1008 1176 1666 1216; baseline 0 -9"><span class='ocrx_word' id='word_1_381' title='bbox 1008 1176 1094 1207; x_wconf 78' lang='lat' dir='ltr'><strong>CAP.</strong></span> <span class='ocrx_word' id='word_1_382' title='bbox 1110 1184 1160 1207; x_wconf 85' lang='lat' dir='ltr'><strong>lx.</strong></span> <span class='ocrx_word' id='word_1_383' title='bbox 1206 1177 1223 1216; x_wconf 61' lang='grc' dir='ltr'>ξ</span> <span class='ocrx_word' id='word_1_384' title='bbox 1245 1179 1265 1206; x_wconf 82' lang='grc'>2</span> <span class='ocrx_word' id='word_1_385' title='bbox 1291 1176 1424 1216; x_wconf 76' lang='lat' dir='ltr'><strong>Amisso,</strong></span> <span class='ocrx_word' id='word_1_386' title='bbox 1449 1176 1498 1207; x_wconf 84' lang='lat' dir='ltr'><strong>cui</strong></span> <span class='ocrx_word' id='word_1_387' title='bbox 1525 1176 1666 1208; x_wconf 68' lang='lat' dir='ltr'><strong>(emulari</strong></span> 
     </span>
     <span class='ocr_line' id='line_1_67' title="bbox 963 1225 1666 1267; baseline 0.003 -11"><span class='ocrx_word' id='word_1_388' title='bbox 963 1225 1194 1265; x_wconf 79' lang='lat' dir='ltr'><strong>consueverant]</strong></span> <span class='ocrx_word' id='word_1_389' title='bbox 1216 1225 1286 1256; x_wconf 88' lang='lat' dir='ltr'><strong>Alii</strong></span> <span class='ocrx_word' id='word_1_390' title='bbox 1313 1225 1388 1257; x_wconf 87' lang='lat' dir='ltr'><strong>libri</strong></span> <span class='ocrx_word' id='word_1_391' title='bbox 1408 1236 1497 1267; x_wconf 84' lang='lat' dir='ltr'><strong>quem</strong></span> <span class='ocrx_word' id='word_1_392' title='bbox 1520 1237 1557 1256; x_wconf 74' lang='grc' dir='ltr'><strong>ιε.</strong></span> <span class='ocrx_word' id='word_1_393' title='bbox 1583 1236 1609 1258; x_wconf 85' lang='lat' dir='ltr'><strong>c.</strong></span> <span class='ocrx_word' id='word_1_394' title='bbox 1630 1231 1666 1258; x_wconf 88' lang='lat' dir='ltr'><strong>et</strong></span> 
     </span>
     <span class='ocr_line' id='line_1_68' title="bbox 963 1277 1666 1318; baseline 0 -10"><span class='ocrx_word' id='word_1_395' title='bbox 963 1282 1110 1318; x_wconf 89' lang='lat' dir='ltr'><strong>utroque</strong></span> <span class='ocrx_word' id='word_1_396' title='bbox 1140 1277 1239 1307; x_wconf 88' lang='lat' dir='ltr'><strong>modo</strong></span> <span class='ocrx_word' id='word_1_397' title='bbox 1267 1277 1420 1318; x_wconf 90' lang='lat' dir='ltr'><strong>loquitur.</strong></span> <span class='ocrx_word' id='word_1_398' title='bbox 1442 1278 1513 1309; x_wconf 90' lang='lat' dir='ltr'><strong>Cic.</strong></span> <span class='ocrx_word' id='word_1_399' title='bbox 1542 1278 1599 1309; x_wconf 90' lang='lat' dir='ltr'><strong>illo</strong></span> <span class='ocrx_word' id='word_1_400' title='bbox 1625 1287 1666 1309; x_wconf 87' lang='lat'><strong>11.</strong></span> 
     </span>
     <span class='ocr_line' id='line_1_69' title="bbox 964 1327 1667 1368; baseline 0.001 -10"><span class='ocrx_word' id='word_1_401' title='bbox 964 1327 1067 1358; x_wconf 87' lang='lat' dir='ltr'><strong>Tusc.</strong></span> <span class='ocrx_word' id='word_1_402' title='bbox 1090 1327 1264 1368; x_wconf 86' lang='lat' dir='ltr'><strong>inquiens:</strong></span> <span class='ocrx_word' id='word_1_403' title='bbox 1295 1328 1304 1343; x_wconf 91' lang='lat'>‘</span> <span class='ocrx_word' id='word_1_404' title='bbox 1321 1327 1529 1358; x_wconf 88' lang='lat' dir='ltr'><strong>Obtrectare</strong></span> <span class='ocrx_word' id='word_1_405' title='bbox 1555 1329 1667 1368; x_wconf 82' lang='lat' dir='ltr'><strong>alteri,</strong></span> 
     </span>
     <span class='ocr_line' id='line_1_70' title="bbox 965 1377 1666 1418; baseline 0 -10"><span class='ocrx_word' id='word_1_406' title='bbox 965 1381 1025 1408; x_wconf 90' lang='lat' dir='ltr'><strong>aut</strong></span> <span class='ocrx_word' id='word_1_407' title='bbox 1039 1377 1097 1408; x_wconf 87' lang='lat' dir='ltr'><strong>illa</strong></span> <span class='ocrx_word' id='word_1_408' title='bbox 1113 1377 1234 1408; x_wconf 89' lang='lat' dir='ltr'><strong>vitiosa</strong></span> <span class='ocrx_word' id='word_1_409' title='bbox 1248 1377 1475 1416; x_wconf 66' lang='lat' dir='ltr'><strong>aemulafione,</strong></span> <span class='ocrx_word' id='word_1_410' title='bbox 1487 1387 1560 1418; x_wconf 86' lang='lat' dir='ltr'><strong>quae</strong></span> <span class='ocrx_word' id='word_1_411' title='bbox 1578 1378 1666 1408; x_wconf 87' lang='lat' dir='ltr'><strong>riva-</strong></span> 
     </span>
     <span class='ocr_line' id='line_1_71' title="bbox 964 1428 1667 1469; baseline 0 -11"><span class='ocrx_word' id='word_1_412' title='bbox 964 1428 1071 1459; x_wconf 89' lang='lat' dir='ltr'><strong>litatis</strong></span> <span class='ocrx_word' id='word_1_413' title='bbox 1098 1428 1214 1459; x_wconf 89' lang='lat' dir='ltr'><strong>similis</strong></span> <span class='ocrx_word' id='word_1_414' title='bbox 1241 1433 1304 1468; x_wconf 88' lang='lat' dir='ltr'><strong>est,</strong></span> <span class='ocrx_word' id='word_1_415' title='bbox 1320 1428 1481 1467; x_wconf 85' lang='lat' dir='ltr'><strong>aemnlari,</strong></span> <span class='ocrx_word' id='word_1_416' title='bbox 1504 1428 1585 1469; x_wconf 88' lang='lat' dir='ltr'><strong>quid</strong></span> <span class='ocrx_word' id='word_1_417' title='bbox 1608 1429 1667 1459; x_wconf 88' lang='lat' dir='ltr'><strong>ha-</strong></span> 
     </span>
     <span class='ocr_line' id='line_1_72' title="bbox 965 1477 1663 1518; baseline -0.001 -8"><span class='ocrx_word' id='word_1_418' title='bbox 965 1479 1025 1510; x_wconf 91' lang='lat' dir='ltr'><strong>bet</strong></span> <span class='ocrx_word' id='word_1_419' title='bbox 1049 1478 1206 1509; x_wconf 88' lang='lat' dir='ltr'><strong>utilitatis</strong></span> <span class='ocrx_word' id='word_1_420' title='bbox 1220 1477 1243 1508; x_wconf 82' lang='lat'><strong>?’</strong></span> <span class='ocrx_word' id='word_1_421' title='bbox 1267 1478 1332 1508; x_wconf 90' lang='lat' dir='ltr'><strong>isto</strong></span> <span class='ocrx_word' id='word_1_422' title='bbox 1350 1487 1410 1518; x_wconf 89' lang='lat' dir='ltr'><strong>pro</strong></span> <span class='ocrx_word' id='word_1_423' title='bbox 1433 1478 1566 1518; x_wconf 88' lang='lat' dir='ltr'><strong>Flacco,</strong></span> <span class='ocrx_word' id='word_1_424' title='bbox 1583 1478 1663 1509; x_wconf 92' lang='lat' dir='ltr'><strong>dum</strong></span> 
     </span>
     <span class='ocr_line' id='line_1_73' title="bbox 965 1527 1664 1568; baseline -0.001 -8"><span class='ocrx_word' id='word_1_425' title='bbox 965 1528 1033 1560; x_wconf 86' lang='lat' dir='ltr'><strong>ait:</strong></span> <span class='ocrx_word' id='word_1_426' title='bbox 1057 1528 1067 1545; x_wconf 78' lang='lat'><em>⁴</em></span> <span class='ocrx_word' id='word_1_427' title='bbox 1085 1527 1212 1559; x_wconf 89' lang='lat' dir='ltr'><strong>Omnes</strong></span> <span class='ocrx_word' id='word_1_428' title='bbox 1228 1527 1301 1568; x_wconf 91' lang='lat' dir='ltr'><strong>ejus</strong></span> <span class='ocrx_word' id='word_1_429' title='bbox 1318 1527 1409 1558; x_wconf 88' lang='lat' dir='ltr'><strong>urbis</strong></span> <span class='ocrx_word' id='word_1_430' title='bbox 1425 1528 1577 1559; x_wconf 86' lang='lat' dir='ltr'><strong>instituta</strong></span> <span class='ocrx_word' id='word_1_431' title='bbox 1594 1529 1664 1559; x_wconf 90' lang='lat' dir='ltr'><strong>lau-</strong></span> 
     </span>
     <span class='ocr_line' id='line_1_74' title="bbox 965 1577 1665 1619; baseline 0.003 -11"><span class='ocrx_word' id='word_1_432' title='bbox 965 1579 1045 1609; x_wconf 80' lang='lat' dir='ltr'><strong>dare</strong></span> <span class='ocrx_word' id='word_1_433' title='bbox 1071 1577 1203 1608; x_wconf 86' lang='lat' dir='ltr'><strong>facilius</strong></span> <span class='ocrx_word' id='word_1_434' title='bbox 1227 1587 1415 1618; x_wconf 83' lang='lat' dir='ltr'><strong>possumus,</strong></span> <span class='ocrx_word' id='word_1_435' title='bbox 1438 1588 1536 1619; x_wconf 90' lang='lat' dir='ltr'><strong>quam</strong></span> <span class='ocrx_word' id='word_1_436' title='bbox 1564 1588 1665 1610; x_wconf 81' lang='lat' dir='ltr'><strong>aemu-</strong></span> 
     </span>
     <span class='ocr_line' id='line_1_75' title="bbox 964 1629 1664 1661; baseline 0.001 -1"><span class='ocrx_word' id='word_1_437' title='bbox 964 1629 1049 1660; x_wconf 90' lang='lat' dir='ltr'><strong>lari.’</strong></span> <span class='ocrx_word' id='word_1_438' title='bbox 1082 1629 1211 1660; x_wconf 89' lang='lat' dir='ltr'><strong>Volunt</strong></span> <span class='ocrx_word' id='word_1_439' title='bbox 1224 1634 1336 1660; x_wconf 84' lang='lat' dir='ltr'><strong>autem</strong></span> <span class='ocrx_word' id='word_1_440' title='bbox 1350 1630 1557 1660; x_wconf 77' lang='lat' dir='ltr'><strong>litteratores</strong></span> <span class='ocrx_word' id='word_1_441' title='bbox 1574 1631 1664 1661; x_wconf 88' lang='lat' dir='ltr'><strong>inter</strong></span> 
     </span>
     <span class='ocr_line' id='line_1_76' title="bbox 963 1680 1664 1721; baseline 0.003 -11"><span class='ocrx_word' id='word_1_442' title='bbox 963 1684 1143 1721; x_wconf 83' lang='lat' dir='ltr'><strong>utramque</strong></span> <span class='ocrx_word' id='word_1_443' title='bbox 1160 1680 1363 1711; x_wconf 83' lang='lat' dir='ltr'><strong>locutionem</strong></span> <span class='ocrx_word' id='word_1_444' title='bbox 1380 1680 1464 1711; x_wconf 82' lang='lat' dir='ltr'><strong>hanc</strong></span> <span class='ocrx_word' id='word_1_445' title='bbox 1481 1690 1554 1712; x_wconf 85' lang='lat' dir='ltr'><strong>esse</strong></span> <span class='ocrx_word' id='word_1_446' title='bbox 1568 1680 1664 1712; x_wconf 76' lang='lat' dir='ltr'><strong>diffe-</strong></span> 
     </span>
     <span class='ocr_line' id='line_1_77' title="bbox 963 1730 1665 1772; baseline 0.003 -11"><span class='ocrx_word' id='word_1_447' title='bbox 963 1732 1121 1770; x_wconf 90' lang='lat' dir='ltr'><strong>rentiam,</strong></span> <span class='ocrx_word' id='word_1_448' title='bbox 1137 1730 1226 1772; x_wconf 89' lang='lat' dir='ltr'><strong>quod</strong></span> <span class='ocrx_word' id='word_1_449' title='bbox 1249 1740 1325 1762; x_wconf 89' lang='lat' dir='ltr'><strong>cum</strong></span> <span class='ocrx_word' id='word_1_450' title='bbox 1347 1732 1542 1762; x_wconf 66' lang='lat' dir='ltr'><strong>accusativo</strong></span> <span class='ocrx_word' id='word_1_451' title='bbox 1558 1732 1590 1762; x_wconf 86' lang='lat' dir='ltr'><strong>in</strong></span> <span class='ocrx_word' id='word_1_452' title='bbox 1606 1732 1665 1763; x_wconf 86' lang='lat' dir='ltr'><strong>bo-</strong></span> 
     </span>
     <span class='ocr_line' id='line_1_78' title="bbox 964 1780 1666 1822; baseline 0.001 -11"><span class='ocrx_word' id='word_1_453' title='bbox 964 1790 1041 1811; x_wconf 88' lang='lat' dir='ltr'><strong>nam</strong></span> <span class='ocrx_word' id='word_1_454' title='bbox 1063 1786 1207 1821; x_wconf 86' lang='lat' dir='ltr'><strong>partem‚</strong></span> <span class='ocrx_word' id='word_1_455' title='bbox 1225 1780 1258 1811; x_wconf 89' lang='lat' dir='ltr'><strong>in</strong></span> <span class='ocrx_word' id='word_1_456' title='bbox 1287 1781 1408 1811; x_wconf 89' lang='lat' dir='ltr'><strong>malam</strong></span> <span class='ocrx_word' id='word_1_457' title='bbox 1432 1791 1507 1812; x_wconf 86' lang='lat' dir='ltr'><strong>eum</strong></span> <span class='ocrx_word' id='word_1_458' title='bbox 1538 1782 1666 1822; x_wconf 83' lang='lat' dir='ltr'><strong>dativo,</strong></span> 
     </span>
     <span class='ocr_line' id='line_1_79' title="bbox 964 1830 1665 1870; baseline 0.001 -9"><span class='ocrx_word' id='word_1_459' title='bbox 964 1830 1164 1870; x_wconf 89' lang='lat' dir='ltr'><strong>accipiatur.</strong></span> <span class='ocrx_word' id='word_1_460' title='bbox 1222 1830 1491 1862; x_wconf 84' lang='lat' dir='ltr'><strong>Grammaticum</strong></span> <span class='ocrx_word' id='word_1_461' title='bbox 1523 1841 1665 1862; x_wconf 86' lang='lat' dir='ltr'><strong>acumen</strong></span> 
     </span>
     <span class='ocr_line' id='line_1_80' title="bbox 963 1879 1668 1912; baseline 0.001 -1"><span class='ocrx_word' id='word_1_462' title='bbox 963 1879 1044 1911; x_wconf 86' lang='lat' dir='ltr'><strong>rnihi</strong></span> <span class='ocrx_word' id='word_1_463' title='bbox 1061 1881 1148 1911; x_wconf 86' lang='lat' dir='ltr'><strong>vide.</strong></span> <span class='ocrx_word' id='word_1_464' title='bbox 1167 1881 1252 1911; x_wconf 78' lang='lat' dir='ltr'><strong>Mod.</strong></span> <span class='ocrx_word' id='word_1_465' title='bbox 1271 1881 1321 1911; x_wconf 82' lang='lat' dir='ltr'><strong>Ea</strong></span> <span class='ocrx_word' id='word_1_466' title='bbox 1336 1880 1492 1912; x_wconf 87' lang='lat' dir='ltr'><strong>nimirum</strong></span> <span class='ocrx_word' id='word_1_467' title='bbox 1507 1881 1550 1912; x_wconf 91' lang='lat' dir='ltr'><strong>de</strong></span> <span class='ocrx_word' id='word_1_468' title='bbox 1564 1890 1668 1912; x_wconf 85' lang='lat' dir='ltr'><strong>causa</strong></span> 
     </span>
     <span class='ocr_line' id='line_1_81' title="bbox 963 1930 1665 1971; baseline 0.003 -11"><span class='ocrx_word' id='word_1_469' title='bbox 963 1930 1054 1970; x_wconf 90' lang='lat' dir='ltr'><strong>Scip.</strong></span> <span class='ocrx_word' id='word_1_470' title='bbox 1068 1931 1192 1961; x_wconf 85' lang='lat' dir='ltr'><strong>Nasica</strong></span> <span class='ocrx_word' id='word_1_471' title='bbox 1204 1931 1441 1971; x_wconf 81' lang='lat' dir='ltr'><strong>Carthaginem</strong></span> <span class='ocrx_word' id='word_1_472' title='bbox 1455 1933 1665 1971; x_wconf 86' lang='lat' dir='ltr'><strong>servandam,</strong></span> 
     </span>
     <span class='ocr_line' id='line_1_82' title="bbox 962 1980 1667 2022; baseline 0.003 -12"><span class='ocrx_word' id='word_1_473' title='bbox 962 1989 1025 2011; x_wconf 89' lang='lat' dir='ltr'><strong>nec</strong></span> <span class='ocrx_word' id='word_1_474' title='bbox 1038 1990 1080 2010; x_wconf 86' lang='lat' dir='ltr'><strong>ex</strong></span> <span class='ocrx_word' id='word_1_475' title='bbox 1094 1980 1266 2011; x_wconf 87' lang='lat' dir='ltr'><strong>sententia</strong></span> <span class='ocrx_word' id='word_1_476' title='bbox 1281 1981 1419 2011; x_wconf 86' lang='lat' dir='ltr'><strong>Catonis</strong></span> <span class='ocrx_word' id='word_1_477' title='bbox 1432 1981 1667 2022; x_wconf 83' lang='lat' dir='ltr'><strong>excidendam,</strong></span> 
     </span>
     <span class='ocr_line' id='line_1_83' title="bbox 961 2031 1664 2071; baseline 0.001 -10"><span class='ocrx_word' id='word_1_478' title='bbox 961 2031 1208 2071; x_wconf 87' lang='lat' dir='ltr'><strong>pronuntiavit,</strong></span> <span class='ocrx_word' id='word_1_479' title='bbox 1231 2032 1240 2047; x_wconf 77' lang='lat'><em>⁴</em></span> <span class='ocrx_word' id='word_1_480' title='bbox 1256 2041 1311 2069; x_wconf 90' lang='lat' dir='ltr'><strong>ne,</strong></span> <span class='ocrx_word' id='word_1_481' title='bbox 1326 2036 1415 2062; x_wconf 89' lang='lat' dir='ltr'><strong>metu</strong></span> <span class='ocrx_word' id='word_1_482' title='bbox 1434 2032 1547 2062; x_wconf 85' lang='lat' dir='ltr'><strong>ablato</strong></span> <span class='ocrx_word' id='word_1_483' title='bbox 1563 2042 1664 2062; x_wconf 63' lang='lat' dir='ltr'><strong>arrun-</strong></span> 
     </span>
     <span class='ocr_line' id='line_1_84' title="bbox 961 2080 1665 2120; baseline 0.003 -9"><span class='ocrx_word' id='word_1_484' title='bbox 961 2081 1002 2111; x_wconf 85' lang='lat' dir='ltr'><strong>1ae</strong></span> <span class='ocrx_word' id='word_1_485' title='bbox 1027 2081 1132 2120; x_wconf 84' lang='lat' dir='ltr'><strong>urbis,</strong></span> <span class='ocrx_word' id='word_1_486' title='bbox 1149 2081 1311 2112; x_wconf 82' lang='lat' dir='ltr'><strong>luxuriari</strong></span> <span class='ocrx_word' id='word_1_487' title='bbox 1327 2080 1475 2113; x_wconf 84' lang='lat' dir='ltr'><strong>felicitas</strong></span> <span class='ocrx_word' id='word_1_488' title='bbox 1499 2082 1599 2114; x_wconf 66' lang='lat' dir='ltr'><strong>Urbis</strong></span> <span class='ocrx_word' id='word_1_489' title='bbox 1616 2083 1665 2113; x_wconf 90' lang='lat' dir='ltr'><strong>in-</strong></span> 
     </span>
     <span class='ocr_line' id='line_1_85' title="bbox 962 2130 1533 2172; baseline 0.002 -11"><span class='ocrx_word' id='word_1_490' title='bbox 962 2130 1117 2172; x_wconf 83' lang='lat' dir='ltr'><strong>ciperet.’</strong></span> <span class='ocrx_word' id='word_1_491' title='bbox 1141 2131 1230 2161; x_wconf 89' lang='lat' dir='ltr'><strong>Flor.</strong></span> <span class='ocrx_word' id='word_1_492' title='bbox 1244 2140 1283 2161; x_wconf 88' lang='lat'><strong>11.</strong></span> <span class='ocrx_word' id='word_1_493' title='bbox 1301 2134 1351 2162; x_wconf 85' lang='lat'><strong>15.</strong></span> <span class='ocrx_word' id='word_1_494' title='bbox 1368 2134 1398 2163; x_wconf 90' lang='grc'><strong>8.</strong></span> <span class='ocrx_word' id='word_1_495' title='bbox 1435 2132 1533 2163; x_wconf 69' lang='lat' dir='ltr'><strong>Rern.</strong></span> 
     </span>
    </p>

    <p class='ocr_par' dir='ltr' id='par_1_12' title="bbox 961 2180 1665 2272">
     <span class='ocr_line' id='line_1_86' title="bbox 1004 2180 1665 2221; baseline 0.003 -10"><span class='ocrx_word' id='word_1_496' title='bbox 1004 2182 1022 2221; x_wconf 51' lang='grc' dir='ltr'><strong>ᾧ,</strong></span> <span class='ocrx_word' id='word_1_497' title='bbox 1047 2183 1079 2211; x_wconf 88' lang='grc'><strong>3.</strong></span> <span class='ocrx_word' id='word_1_498' title='bbox 1106 2184 1137 2212; x_wconf 90' lang='grc'><strong>4.</strong></span> <span class='ocrx_word' id='word_1_499' title='bbox 1160 2180 1195 2220; x_wconf 91' lang='grc'><strong>5]</strong></span> <span class='ocrx_word' id='word_1_500' title='bbox 1246 2181 1360 2221; x_wconf 80' lang='lat' dir='ltr'><strong>Junge</strong></span> <span class='ocrx_word' id='word_1_501' title='bbox 1376 2181 1469 2212; x_wconf 84' lang='lat' dir='ltr'><strong>Plut.</strong></span> <span class='ocrx_word' id='word_1_502' title='bbox 1486 2182 1529 2212; x_wconf 89' lang='lat' dir='ltr'><strong>de</strong></span> <span class='ocrx_word' id='word_1_503' title='bbox 1547 2182 1665 2213; x_wconf 81' lang='lat' dir='ltr'><strong>Gloria</strong></span> 
     </span>
     <span class='ocr_line' id='line_1_87' title="bbox 961 2229 1561 2272; baseline 0.003 -11"><span class='ocrx_word' id='word_1_504' title='bbox 961 2229 1160 2262; x_wconf 85' lang='lat' dir='ltr'><strong>Atheniens.</strong></span> <span class='ocrx_word' id='word_1_505' title='bbox 1178 2240 1254 2272; x_wconf 90' lang='lat' dir='ltr'><strong>cap.</strong></span> <span class='ocrx_word' id='word_1_506' title='bbox 1268 2234 1318 2262; x_wconf 91' lang='lat'><strong>10.</strong></span> <span class='ocrx_word' id='word_1_507' title='bbox 1334 2236 1370 2262; x_wconf 90' lang='lat' dir='ltr'><strong>et</strong></span> <span class='ocrx_word' id='word_1_508' title='bbox 1388 2235 1438 2263; x_wconf 90' lang='lat'><strong>11.</strong></span> <span class='ocrx_word' id='word_1_509' title='bbox 1463 2232 1561 2264; x_wconf 78' lang='lat' dir='ltr'><strong>Idem.</strong></span> 
     </span>
    </p>

    <p class='ocr_par' dir='ltr' id='par_1_13' title="bbox 958 2282 1664 2725">
     <span class='ocr_line' id='line_1_88' title="bbox 1006 2282 1664 2322; baseline 0.003 -10"><span class='ocrx_word' id='word_1_510' title='bbox 1006 2282 1082 2313; x_wconf 81' lang='lat' dir='ltr'><strong>Non</strong></span> <span class='ocrx_word' id='word_1_511' title='bbox 1103 2284 1138 2312; x_wconf 82' lang='lat' dir='ltr'><strong>ut</strong></span> <span class='ocrx_word' id='word_1_512' title='bbox 1160 2283 1235 2313; x_wconf 76' lang='lat' dir='ltr'><strong>olim</strong></span> <span class='ocrx_word' id='word_1_513' title='bbox 1261 2282 1403 2322; x_wconf 82' lang='lat' dir='ltr'><strong>classem]</strong></span> <span class='ocrx_word' id='word_1_514' title='bbox 1428 2283 1499 2313; x_wconf 87' lang='lat' dir='ltr'><strong>Has</strong></span> <span class='ocrx_word' id='word_1_515' title='bbox 1512 2283 1664 2314; x_wconf 71' lang='lat' dir='ltr'><strong>delicias</strong></span> 
     </span>
     <span class='ocr_line' id='line_1_89' title="bbox 960 2333 1661 2374; baseline 0.001 -11"><span class='ocrx_word' id='word_1_516' title='bbox 960 2337 1029 2364; x_wconf 91' lang='lat' dir='ltr'><strong>tam</strong></span> <span class='ocrx_word' id='word_1_517' title='bbox 1052 2337 1148 2363; x_wconf 89' lang='lat' dir='ltr'><strong>arcte</strong></span> <span class='ocrx_word' id='word_1_518' title='bbox 1179 2338 1257 2363; x_wconf 91' lang='lat' dir='ltr'><strong>sunt</strong></span> <span class='ocrx_word' id='word_1_519' title='bbox 1285 2333 1443 2372; x_wconf 75' lang='lat' dir='ltr'><strong>amplexi,</strong></span> <span class='ocrx_word' id='word_1_520' title='bbox 1470 2338 1508 2364; x_wconf 93' lang='lat' dir='ltr'><strong>ut</strong></span> <span class='ocrx_word' id='word_1_521' title='bbox 1539 2334 1661 2374; x_wconf 87' lang='lat' dir='ltr'><strong>capitis</strong></span> 
     </span>
     <span class='ocr_line' id='line_1_90' title="bbox 959 2381 1662 2424; baseline 0.001 -12"><span class='ocrx_word' id='word_1_522' title='bbox 959 2392 1092 2424; x_wconf 84' lang='lat' dir='ltr'><strong>poenam</strong></span> <span class='ocrx_word' id='word_1_523' title='bbox 1109 2381 1313 2421; x_wconf 85' lang='lat' dir='ltr'><strong>indicerent,</strong></span> <span class='ocrx_word' id='word_1_524' title='bbox 1325 2382 1352 2413; x_wconf 91' lang='lat' dir='ltr'><strong>si</strong></span> <span class='ocrx_word' id='word_1_525' title='bbox 1369 2383 1442 2422; x_wconf 86' lang='lat' dir='ltr'><strong>quis</strong></span> <span class='ocrx_word' id='word_1_526' title='bbox 1459 2383 1500 2413; x_wconf 85' lang='lat' dir='ltr'><strong>de</strong></span> <span class='ocrx_word' id='word_1_527' title='bbox 1517 2384 1662 2423; x_wconf 83' lang='lat' dir='ltr'><strong>pecunia</strong></span> 
     </span>
     <span class='ocr_line' id='line_1_91' title="bbox 959 2433 1660 2474; baseline -0.001 -10"><span class='ocrx_word' id='word_1_528' title='bbox 959 2433 1095 2474; x_wconf 90' lang='lat' dir='ltr'><strong>publica</strong></span> <span class='ocrx_word' id='word_1_529' title='bbox 1112 2433 1155 2463; x_wconf 75' lang='lat' dir='ltr'><strong>ad</strong></span> <span class='ocrx_word' id='word_1_530' title='bbox 1172 2433 1299 2463; x_wconf 75' lang='lat' dir='ltr'><strong>militiae</strong></span> <span class='ocrx_word' id='word_1_531' title='bbox 1324 2433 1470 2472; x_wconf 87' lang='lat' dir='ltr'><strong>priscum</strong></span> <span class='ocrx_word' id='word_1_532' title='bbox 1495 2443 1591 2463; x_wconf 77' lang='lat' dir='ltr'><strong>usum</strong></span> <span class='ocrx_word' id='word_1_533' title='bbox 1609 2442 1660 2463; x_wconf 87' lang='lat' dir='ltr'><strong>re-</strong></span> 
     </span>
     <span class='ocr_line' id='line_1_92' title="bbox 960 2482 1660 2523; baseline -0.001 -9"><span class='ocrx_word' id='word_1_534' title='bbox 960 2483 1112 2515; x_wconf 85' lang='lat' dir='ltr'><strong>vocanda</strong></span> <span class='ocrx_word' id='word_1_535' title='bbox 1126 2483 1231 2513; x_wconf 80' lang='lat' dir='ltr'><strong>verba</strong></span> <span class='ocrx_word' id='word_1_536' title='bbox 1246 2482 1359 2513; x_wconf 88' lang='lat' dir='ltr'><strong>facere</strong></span> <span class='ocrx_word' id='word_1_537' title='bbox 1386 2492 1532 2523; x_wconf 87' lang='lat' dir='ltr'><strong>unquam</strong></span> <span class='ocrx_word' id='word_1_538' title='bbox 1559 2483 1660 2513; x_wconf 87' lang='lat' dir='ltr'><strong>aude-</strong></span> 
     </span>
     <span class='ocr_line' id='line_1_93' title="bbox 958 2531 1661 2574; baseline -0.001 -10"><span class='ocrx_word' id='word_1_539' title='bbox 958 2538 1029 2564; x_wconf 86' lang='lat' dir='ltr'><strong>ret:</strong></span> <span class='ocrx_word' id='word_1_540' title='bbox 1048 2533 1135 2574; x_wconf 92' lang='lat' dir='ltr'><strong>quod</strong></span> <span class='ocrx_word' id='word_1_541' title='bbox 1148 2533 1269 2563; x_wconf 85' lang='lat' dir='ltr'><strong>Liban.</strong></span> <span class='ocrx_word' id='word_1_542' title='bbox 1283 2531 1389 2563; x_wconf 84' lang='lat' dir='ltr'><strong>refert</strong></span> <span class='ocrx_word' id='word_1_543' title='bbox 1402 2533 1434 2562; x_wconf 88' lang='lat' dir='ltr'><strong>in</strong></span> <span class='ocrx_word' id='word_1_544' title='bbox 1449 2532 1661 2572; x_wconf 80' lang='lat' dir='ltr'><strong>Argumento</strong></span> 
     </span>
     <span class='ocr_line' id='line_1_94' title="bbox 959 2582 1660 2624; baseline -0.006 -9"><span class='ocrx_word' id='word_1_545' title='bbox 959 2583 1102 2624; x_wconf 80' lang='lat' dir='ltr'><strong>Olynth.</strong></span> <span class='ocrx_word' id='word_1_546' title='bbox 1122 2587 1150 2614; x_wconf 87' lang='lat'><strong>1.</strong></span> <span class='ocrx_word' id='word_1_547' title='bbox 1169 2582 1345 2614; x_wconf 83' lang='lat' dir='ltr'><strong>Demosth.</strong></span> <span class='ocrx_word' id='word_1_548' title='bbox 1362 2583 1529 2613; x_wconf 85' lang='lat' dir='ltr'><strong>Conatum</strong></span> <span class='ocrx_word' id='word_1_549' title='bbox 1547 2586 1660 2612; x_wconf 75' lang='lat' dir='ltr'><strong>tamen</strong></span> 
     </span>
     <span class='ocr_line' id='line_1_95' title="bbox 958 2632 1660 2673; baseline -0.004 -8"><span class='ocrx_word' id='word_1_550' title='bbox 958 2643 1032 2665; x_wconf 89' lang='lat' dir='ltr'><strong>esse</strong></span> <span class='ocrx_word' id='word_1_551' title='bbox 1048 2633 1311 2664; x_wconf 84' lang='lat' dir='ltr'><strong>Demosthenem</strong></span> <span class='ocrx_word' id='word_1_552' title='bbox 1330 2637 1476 2673; x_wconf 83' lang='lat' dir='ltr'><strong>apparet</strong></span> <span class='ocrx_word' id='word_1_553' title='bbox 1492 2643 1533 2663; x_wconf 86' lang='lat' dir='ltr'><strong>ex</strong></span> <span class='ocrx_word' id='word_1_554' title='bbox 1551 2632 1660 2672; x_wconf 84' lang='lat' dir='ltr'><strong>prima</strong></span> 
     </span>
     <span class='ocr_line' id='line_1_96' title="bbox 959 2683 1508 2725; baseline -0.005 -10"><span class='ocrx_word' id='word_1_555' title='bbox 959 2684 1032 2725; x_wconf 84' lang='lat' dir='ltr'><strong>ejus</strong></span> <span class='ocrx_word' id='word_1_556' title='bbox 1050 2683 1221 2724; x_wconf 82' lang='lat' dir='ltr'><strong>tertiaque</strong></span> <span class='ocrx_word' id='word_1_557' title='bbox 1239 2683 1381 2723; x_wconf 85' lang='lat' dir='ltr'><strong>Olynth.</strong></span> <span class='ocrx_word' id='word_1_558' title='bbox 1410 2683 1508 2713; x_wconf 82' lang='lat' dir='ltr'><strong>Idem.</strong></span> 
     </span>
    </p>

    <p class='ocr_par' dir='ltr' id='par_1_14' title="bbox 957 2731 1660 2921">
     <span class='ocr_line' id='line_1_97' title="bbox 1001 2731 1660 2774; baseline 0 -11"><span class='ocrx_word' id='word_1_559' title='bbox 1001 2734 1017 2774; x_wconf 55' lang='grc' dir='ltr'>ξ</span> <span class='ocrx_word' id='word_1_560' title='bbox 1035 2735 1054 2763; x_wconf 86' lang='grc'>4</span> <span class='ocrx_word' id='word_1_561' title='bbox 1079 2733 1156 2763; x_wconf 84' lang='lat' dir='ltr'><strong>Cum</strong></span> <span class='ocrx_word' id='word_1_562' title='bbox 1172 2731 1325 2763; x_wconf 84' lang='lat' dir='ltr'><strong>actoribus</strong></span> <span class='ocrx_word' id='word_1_563' title='bbox 1339 2732 1535 2762; x_wconf 80' lang='lat' dir='ltr'><strong>nobilissimis</strong></span> <span class='ocrx_word' id='word_1_564' title='bbox 1547 2732 1660 2772; x_wconf 62' lang='lat' dir='ltr'><strong>poetis-</strong></span> 
     </span>
     <span class='ocr_line' id='line_1_98' title="bbox 957 2781 1658 2823; baseline -0.001 -9"><span class='ocrx_word' id='word_1_565' title='bbox 957 2782 1030 2823; x_wconf 81' lang='lat' dir='ltr'><strong>que]</strong></span> <span class='ocrx_word' id='word_1_566' title='bbox 1052 2783 1148 2814; x_wconf 86' lang='lat' dir='ltr'><strong>Junt.</strong></span> <span class='ocrx_word' id='word_1_567' title='bbox 1164 2792 1231 2813; x_wconf 82' lang='lat' dir='ltr'><strong>cum</strong></span> <span class='ocrx_word' id='word_1_568' title='bbox 1242 2785 1303 2812; x_wconf 86' lang='lat' dir='ltr'><strong>act.</strong></span> <span class='ocrx_word' id='word_1_569' title='bbox 1321 2781 1573 2822; x_wconf 79' lang='lat' dir='ltr'><strong>nobilissimisque</strong></span> <span class='ocrx_word' id='word_1_570' title='bbox 1587 2783 1658 2822; x_wconf 60' lang='lat' dir='ltr'><strong>poi?-</strong></span> 
     </span>
     <span class='ocr_line' id='line_1_99' title="bbox 957 2832 1658 2874; baseline 0 -10"><span class='ocrx_word' id='word_1_571' title='bbox 957 2834 1010 2864; x_wconf 72' lang='lat' dir='ltr'><strong>tis.</strong></span> <span class='ocrx_word' id='word_1_572' title='bbox 1056 2833 1140 2862; x_wconf 83' lang='lat' dir='ltr'><strong>Mox</strong></span> <span class='ocrx_word' id='word_1_573' title='bbox 1157 2832 1214 2863; x_wconf 89' lang='lat' dir='ltr'><strong>iid.</strong></span> <span class='ocrx_word' id='word_1_574' title='bbox 1230 2841 1306 2862; x_wconf 89' lang='lat' dir='ltr'><strong>cum</strong></span> <span class='ocrx_word' id='word_1_575' title='bbox 1322 2832 1394 2862; x_wconf 86' lang='lat' dir='ltr'><strong>aliis</strong></span> <span class='ocrx_word' id='word_1_576' title='bbox 1410 2832 1487 2863; x_wconf 89' lang='lat' dir='ltr'><strong>edd.</strong></span> <span class='ocrx_word' id='word_1_577' title='bbox 1504 2833 1658 2874; x_wconf 79' lang='lat' dir='ltr'><strong>versificu-</strong></span> 
     </span>
     <span class='ocr_line' id='line_1_100' title="bbox 957 2881 1551 2921; baseline -0.005 -6"><span class='ocrx_word' id='word_1_578' title='bbox 957 2887 1037 2915; x_wconf 76' lang='lat' dir='ltr'><strong>tores</strong></span> <span class='ocrx_word' id='word_1_579' title='bbox 1051 2886 1245 2921; x_wconf 78' lang='lat' dir='ltr'><strong>oratoresque</strong></span> <span class='ocrx_word' id='word_1_580' title='bbox 1260 2881 1409 2913; x_wconf 81' lang='lat' dir='ltr'><strong>meliores.</strong></span> <span class='ocrx_word' id='word_1_581' title='bbox 1435 2881 1551 2913; x_wconf 75' lang='lat' dir='ltr'><strong>Graev.</strong></span> 
     </span>
    </p>

    <p class='ocr_par' dir='ltr' id='par_1_15' title="bbox 1002 2932 1657 2974">
     <span class='ocr_line' id='line_1_101' title="bbox 1002 2932 1657 2974; baseline 0 -9"><span class='ocrx_word' id='word_1_582' title='bbox 1002 2935 1134 2966; x_wconf 71' lang='lat' dir='ltr'><strong>Theatra</strong></span> <span class='ocrx_word' id='word_1_583' title='bbox 1170 2932 1336 2972; x_wconf 73' lang='lat' dir='ltr'><strong>celebrant]</strong></span> <span class='ocrx_word' id='word_1_584' title='bbox 1371 2934 1451 2974; x_wconf 80' lang='lat' dir='ltr'><strong>Pro,</strong></span> <span class='ocrx_word' id='word_1_585' title='bbox 1486 2943 1576 2974; x_wconf 76' lang='lat' dir='ltr'><strong>saepe</strong></span> <span class='ocrx_word' id='word_1_586' title='bbox 1614 2934 1657 2965; x_wconf 84' lang='lat' dir='ltr'><strong>ad</strong></span> 
     </span>
    </p>
   </div>
  </div>
 </body>
</html>
