2174 3424
585 345 780 377 JUST1N1
815 346 910 376 [ΑΒ.
946 347 996 376 11.
1028 347 1135 378 CAP.
1165 339 1206 378 9.

183 449 222 470 11.
239 442 291 470 55.
304 440 335 469 2.
358 437 539 470 Berneccer.
575 438 708 471 Acidal.
724 440 851 480 optime
865 450 873 471 :

184 490 253 520 Nec
277 488 414 519 audaciae
437 498 509 519 suus
533 492 656 520 eventus
679 489 790 529 defuit,
805 490 828 521 i.
846 499 875 522 e.

181 548 275 570 sunm
306 542 465 568 eventum
493 539 635 570 audacia
662 539 792 579 habuit,
828 551 874 572 sc.

181 589 312 629 qualem
338 589 468 628 sperari
496 599 628 630 aequum
655 589 732 621 fuit.
761 591 874 623 Faber.

180 638 280 679 Angl.
294 647 410 669 vocem
423 639 488 678 qius
500 648 565 670 non
580 640 731 671 exhibet.
767 641 873 672 Groev.

222 690 240 729 ξ
270 691 309 719 13
345 689 461 719 Multoe
484 689 667 729 suppressoe]
705 688 803 730 Angl.
830 701 871 722 m.

176 738 350 779 submersae,
375 749 436 779 per
466 740 608 779 glossam
644 739 871 771 manifestam.

179 789 256 821 Liv.
280 798 343 820 xx.
366 792 398 820 9.
427 789 438 806 ‘
454 790 541 820 Duae
572 789 680 830 primo
706 799 873 821 concursu

177 844 288 880 captae
311 843 409 871 erant
430 839 570 871 Punicae
596 849 710 880 naves,
730 844 874 881 quatuor

178 891 390 929 suppressae.’
411 888 515 926 Schef.

220 939 237 978 ξ
254 941 291 969 15
316 939 355 969 Ιη
370 938 514 978 quojam,
528 938 595 978 ξω]
619 938 674 969 De
691 937 766 969 eod.
782 938 871 969 The-

176 989 267 1020 mist.
290 989 455 1029 praeclare
471 989 592 1020 [Elian.
608 997 665 1019 111.
689 989 732 1019 V.
757 988 802 1019 H.
817 991 871 1020 21.

176 1039 266 1069 Vere
280 1039 406 1080 quippe
420 1039 560 1079 Vopisc.
575 1039 609 1069 in
625 1039 739 1070 Probo
756 1042 870 1080 cap.3.

175 1087 235 1121 fin.
247 1089 256 1105 ‘
272 1089 475 1128 Neminem,'
485 1089 605 1130 inquit,
618 1090 626 1106 ‘
639 1099 784 1130 unquam
798 1099 872 1130 per·

176 1138 309 1170 venisse
338 1138 380 1170 ad
411 1139 573 1170 virtutem
610 1149 770 1170 summam
796 1140 869 1180 jam

174 1193 354 1227 maturum,
367 1189 431 1220 nisi
445 1189 501 1230 qui
517 1198 602 1230 puer
615 1189 791 1220 seminario
805 1189 870 1219 vir-

175 1242 286 1269 tutum
308 1238 523 1279 generosiore
543 1243 725 1269 concretus
744 1238 870 1280 aliquid

174 1287 338 1328 inclytum
360 1287 594 1329 designasset.’
622 1289 721 1319 Rern.

216 1339 338 1369 Indoles
347 1338 470 1376 futui-ce
493 1340 701 1379 imperator-icc
723 1339 868 1380 virtutis]

173 1389 236 1419 Est
265 1398 345 1419 sane
370 1389 418 1420 ita
442 1389 477 1419 in
507 1389 754 1429 antiquioribus
779 1390 869 1429 typis

174 1439 344 1479 expressis
364 1440 470 1471 Codd.
506 1440 574 1471 Sed
597 1440 707 1480 Bong.
728 1449 790 1480 pro
804 1440 867 1470 vir-

172 1489 251 1519 tutis
274 1489 409 1529 scripsit
429 1489 615 1529 dignitatis,·
638 1489 738 1530 quod,
752 1489 868 1528 credo,

173 1539 206 1569 in
219 1539 375 1579 quibusd.
391 1540 476 1571 Mss.
488 1540 538 1571 ita
552 1540 745 1580 reperisset.
781 1540 867 1571 Mihi

172 1594 285 1620 tamen
313 1589 440 1621 factum
464 1589 554 1620 istud
576 1589 665 1620 haud
692 1589 866 1628 probatur.

175 1638 231 1669 Fit
247 1649 327 1670 sane
350 1644 387 1670 ut
411 1639 519 1670 Codd.
542 1640 625 1670 Mss.
649 1640 751 1670 etiam
768 1639 802 1670 in
816 1639 866 1670 his

174 1699 250 1730 quae
273 1689 453 1720 manifeste
475 1690 592 1730 inepta
615 1694 672 1720 ant
691 1689 774 1721 falsa
790 1694 868 1720 sunt

172 1741 409 1772 consentiant:
458 1741 598 1782 ipseque
627 1742 728 1772 etiam
758 1742 866 1784 Bong-

171 1791 316 1831 plurima
342 1791 377 1822 id
408 1800 515 1831 genus
542 1791 744 1831 repudiavit.
788 1791 866 1823 Vid.

170 1840 272 1871 modo
295 1849 337 1871 11.
360 1843 392 1872 S.
410 1844 441 1871 5.
469 1849 509 1872 11.
534 1843 566 1872 9.
590 1843 643 1872 20.
670 1850 739 1872 xn.
764 1844 815 1872 14.
832 1844 863 1872 7.

173 1899 257 1921 xnr.
286 1894 315 1922 1.
338 1894 369 1921 5.
415 1890 506 1923 Quid
531 1891 639 1931 ergo?
685 1890 763 1921 Non
786 1890 865 1921 solis

170 1941 279 1973 codd.
300 1943 383 1972 Mss.
399 1941 591 1983 praesertim
615 1942 641 1973 si
665 1951 749 1972 unus
764 1941 864 1972 modo

168 1997 271 2033 atque
297 1992 386 2023 alter
414 1992 473 2031 sit,
503 1996 556 2023 est
583 1991 759 2030 standum;
803 1991 862 2022 sed

168 2043 276 2083 stylus
302 2052 435 2084 quoque
465 2042 625 2074 Auctoris
655 2047 691 2074 et
720 2042 864 2074 συνέπεια

166 2093 424 2124 consideranda.
471 2093 641 2126 Quoniam
671 2093 777 2134 igitur
806 2093 862 2124 ob-

166 2152 263 2174 servo
278 2143 464 2175 Auctorem
476 2142 536 2175 inf.
549 2152 652 2175 ΧΧῙΧ.
669 2147 697 2175 l.
708 2147 740 2175 8.
757 2144 862 2184 scrip-

166 2193 247 2224 sisse
261 2195 269 2210 ⁴
284 2203 406 2233 magna
418 2193 548 2224 indoles
560 2194 693 2225 virtutis
706 2195 827 2226 enituit
839 2194 860 2233 ;'

165 2243 308 2285 ipsaque
322 2245 438 2275 indoles
450 2245 574 2275 rectius
592 2245 723 2285 virtuti,
738 2250 776 2276 ut
787 2255 861 2286 qnae

165 2294 334 2325 internum
360 2294 442 2335 quid
472 2299 536 2334 est,
560 2304 659 2335 quam
689 2294 860 2334 dignitati,

164 2344 343 2384 congruit;
377 2343 460 2374 nihil
487 2343 607 2375 dubito
636 2344 683 2383 id,
713 2344 803 2385 quod
825 2344 859 2374 in

164 2394 411 2435 antiquioribus
427 2395 515 2435 typis
537 2396 708 2435 expressis
725 2400 790 2435 est,
810 2405 860 2426 re-

164 2454 308 2484 sumere,
324 2449 360 2475 et
381 2444 435 2476 hic
450 2445 532 2475 item
554 2445 702 2475 scribere
716 2446 781 2476 ind.
796 2446 859 2476 vir-

161 2495 239 2525 tutis
261 2504 323 2535 pro
343 2504 396 2533 eo,
413 2495 502 2536 quod
528 2495 637 2536 Bong.
661 2496 859 2536 scripserat,

162 2545 229 2577 ind.
248 2545 426 2584 dignitatis.
471 2545 628 2576 Observo
650 2551 685 2577 et
708 2547 789 2577 alios
810 2547 860 2578 ita

161 2595 322 2627 scribere.
359 2596 448 2636 Nep.
466 2596 640 2626 Eumene:
665 2597 674 2613 ‘
689 2597 860 2636 Fulgebat

157 2645 230 2685 jam
246 2645 278 2676 in
290 2645 544 2677 adolescentulo
559 2645 688 2677 indoles
702 2646 859 2678 virtutis!

167 2696 242 2728 Vor-

203 2746 221 2786 ξ
239 2748 279 2776 16
297 2744 473 2786 Cynoegz'ri]
489 2746 545 2776 De
562 2755 627 2786 quo
642 2749 769 2786 praeter
786 2746 858 2777 He-

160 2794 232 2826 rod.
248 2804 298 2826 vr.
317 2797 390 2826 114.
424 2796 582 2826 Valerius
605 2805 661 2827 111.
681 2799 714 2826 2.
729 2800 764 2827 et
779 2795 858 2826 Am-

161 2844 260 2875 mian.
277 2853 378 2876 xxvr.
394 2847 446 2876 23.
470 2845 527 2886 qni
551 2855 627 2876 enm
651 2850 686 2877 et
703 2845 857 2876 Callima—

162 2895 260 2926 chum
289 2899 389 2927 vocat
425 2896 434 2912 ‘
451 2895 664 2927 Medicorum
693 2895 856 2926 bellorum

1542 338 1627 380 677

926 439 1087 471 fulmina.’
1110 441 1268 479 Bongars.
1313 441 1529 481 Cynaegirum
1552 442 1625 474 imi-

926 493 1019 519 tatus
1036 493 1088 520 est
1104 488 1234 519 Acilius
1257 489 1289 519 in
1314 491 1425 521 navali
1449 500 1560 531 pugna
1582 492 1623 522 ad

926 538 1122 577 Massiliam,
1152 543 1241 569 teste
1277 539 1373 570 Suet.
1411 540 1481 571 Jul.
1512 543 1564 572 68.
1591 544 1624 572 9.

925 588 1025 619 Bern.

967 639 984 678 ᾧ
1004 641 1042 669 17
1068 638 1214 678 Manum]
1239 637 1338 669 Hanc
1355 647 1473 669 vocem
1489 639 1624 679 ignorat

925 691 956 720 1.
973 689 1041 720 Ms.
1056 690 1156 720 Voss.
1184 689 1320 720 Gronov.
1364 689 1505 720 Uncinis
1520 689 1623 720 inclu-

923 739 975 771 dit
990 739 1050 771 Ed.
1069 740 1176 779 Bong.

966 791 983 831 ξ
1001 794 1041 821 19
1063 790 1194 821 Duabus
1219 790 1360 821 manibus
1374 790 1511 831 amissis]
1535 791 1622 823 Rec-

923 841 991 871 tius
1005 839 1148 871 fortasse
1172 845 1209 871 et
1230 840 1282 872 hic
1305 845 1358 871 est
1380 840 1468 881 quod
1485 840 1518 871 in
1535 841 1622 872 anti-

924 891 1095 931 quioribus
1112 890 1204 931 typis
1220 900 1315 931 expr.
1333 891 1504 931 reperitur
1519 892 1621 922 amba-

922 940 978 972 bus
993 951 1074 972 m.a.
1111 942 1195 972 Vor.

965 994 982 1032 ᾗ
999 995 1041 1023 20
1063 992 1208 1022 Ducenta
1223 990 1337 1031 millia]
1364 991 1495 1023 Herod.
1512 1001 1530 1022 e
1545 992 1623 1023 bar-

921 1041 1012 1072 baris
1028 1040 1254 1080 ἑξακισχιλίους
1274 1040 1325 1071 καὶ
1339 1042 1563 1081 τετρακοσίους,
1578 1051 1621 1073 ex

920 1091 1184 1123 Atheniensibus
1198 1101 1276 1122 vero
1287 1094 1359 1122 192.
1368 1091 1532 1122 cecidisse
1545 1101 1622 1122 anc-

922 1146 976 1172 tor
1001 1146 1064 1173 est.
1093 1142 1253 1181 Bongars.
1302 1142 1371 1172 Sex
1397 1142 1446 1173 M.
1473 1142 1620 1173 ducenta

921 1192 1182 1233 [quadringenta
1221 1202 1253 1232 q.
1269 1191 1296 1231 ?]
1333 1196 1466 1223 tantum
1499 1192 1621 1223 scribit

919 1242 1048 1273 Herod.
1080 1250 1132 1273 v1.
1159 1244 1232 1273 117.
1264 1240 1325 1272 sed
1354 1251 1468 1273 eorum
1493 1253 1539 1274 sc.
1563 1243 1620 1284 qui

918 1293 1035 1332 praelio
1051 1292 1305 1324 occubuerunt:
1330 1293 1459 1324 Noster
1481 1293 1618 1325 naufra-

918 1341 973 1381 gio
989 1343 1125 1373 haustos
1142 1342 1272 1382 adjicit,
1287 1352 1426 1383 quorum
1443 1343 1618 1384 ingentem

918 1390 1023 1422 fuisse
1047 1401 1221 1423 numerum
1247 1392 1348 1423 etiam
1372 1402 1415 1423 ex
1438 1393 1538 1424 Diod.
1564 1403 1617 1426 xr.

919 1444 970 1473 12.
987 1446 1022 1472 et
1040 1445 1090 1473 13.
1108 1442 1291 1482 colligitur.
1336 1442 1459 1484 Itaque
1474 1453 1535 1483 pro
1550 1444 1617 1475 sine

917 1490 1085 1529 naufragio
1115 1491 1206 1532 quod
1245 1500 1359 1522 omnes
1386 1492 1513 1523 habent
1539 1493 1618 1524 edd.

917 1540 1049 1571 monitu
1077 1540 1300 1571 Freinshemii
1323 1540 1482 1580 rescripsi
1502 1541 1566 1572 sire
1583 1552 1615 1573 n.

920 1590 1008 1631 quod
1035 1589 1098 1620 nisi
1124 1590 1320 1631 recipimus,
1343 1591 1530 1632 nimiopere
1551 1592 1617 1623 dis-

918 1640 1073 1671 cordabit
1102 1640 1200 1671 ratio.
1239 1642 1426 1672 Berneccer.
1484 1641 1557 1673 Sive
1582 1653 1615 1673 n.

916 1691 1061 1721 Bernec.
1089 1690 1137 1721 ait
1167 1699 1203 1721 se
1235 1691 1365 1723 monitu
1391 1692 1617 1724 Freinshemii

917 1739 1142 1780 rescripsisse,
1169 1749 1244 1770 curn
1268 1750 1384 1771 omnes
1408 1741 1487 1772 edd.
1510 1742 1615 1773 habe-

917 1794 1005 1828 rent,
1016 1791 1083 1820 sine
1097 1799 1128 1820 n.
1166 1789 1231 1820 Sed
1249 1789 1391 1821 observo
1407 1791 1614 1832 antiquiores

916 1838 995 1870 edd.
1011 1839 1118 1870 Bech.
1131 1839 1217 1880 Maj.
1231 1839 1321 1871 Sich.
1335 1839 1445 1872 adhuc
1460 1841 1563 1881 pejus,
1578 1846 1615 1872 et

915 1889 1052 1930 quidem
1077 1888 1142 1919 sine
1171 1890 1308 1930 navigio,
1338 1890 1475 1922 habere.
1521 1891 1614 1922 Illud

913 1939 978 1970 sine
1000 1939 1085 1978 naus.
1103 1943 1157 1970 est
1178 1938 1322 1970 fortasse
1337 1950 1356 1970 a
1378 1940 1487 1981 Bong.
1503 1941 1614 1982 quiex

915 1990 1021 2022 Codd.
1037 1990 1120 2022 Mss.
1134 1990 1182 2022 ita
1197 1991 1373 2031 scripserit
1397 2001 1457 2031 pro
1477 1992 1544 2023 sine
1560 2002 1614 2023 na-

913 2039 976 2079 m'g.
1021 2041 1184 2072 Ceterum
1200 2039 1238 2070 τὸ
1251 2041 1315 2071 sive
1336 2041 1422 2079 naus.
1437 2042 1555 2073 laudat
1578 2047 1614 2073 et

914 2090 1063 2122 Gronov.
1076 2091 1111 2121 in
1128 2091 1229 2122 Notis
1252 2091 1294 2122 ad
1318 2092 1482 2124 Senecam
1497 2094 1613 2134 Tragi-

913 2151 1010 2180 cum3
1033 2150 1141 2182 eoque
1157 2141 1247 2172 inter
1269 2142 1335 2173 alia
1361 2143 1496 2182 probat,
1520 2143 1613 2185 quod

911 2192 975 2222 sive
991 2201 1057 2222 non
1081 2201 1215 2232 semper
1239 2193 1442 2233 geminetur,
1458 2193 1517 2224 sed
1539 2194 1614 2225 sub-

913 2242 991 2272 inde
1008 2242 1107 2273 modo
1123 2243 1227 2274 semel
1245 2249 1401 2283 ponatur.
1444 2244 1546 2276 Vorst.

955 2292 1026 2332 §21
1055 2292 1175 2323 Cecidit
1187 2295 1217 2323 et
1234 2292 1388 2333 Hippias]
1410 2293 1510 2324 Idem
1532 2303 1612 2325 con-

912 2341 1024 2372 firmat
1037 2342 1106 2373 Cic.
1116 2343 1175 2373 lib.
1186 2351 1238 2374 lx.
1250 2343 1291 2373 ad
1306 2342 1380 2374 Att.
1392 2346 1442 2374 12.
1454 2344 1612 2383 Bougars.

911 2392 957 2422 Et
971 2392 1167 2422 Tertullian.
1181 2391 1342 2423 adversus
1356 2392 1499 2423 Gentes.
1516 2393 1609 2424 Suid.

911 2451 1005 2481 vero,
1027 2441 1142 2472 nescio
1167 2451 1232 2481 quo
1258 2447 1412 2482 auctore,
1436 2442 1552 2482 tradit,
1568 2452 1610 2473 ex

910 2493 974 2523 hac
991 2502 1105 2532 pugna
1120 2492 1284 2532 Hippiam
1304 2493 1465 2533 elapsum,
1480 2492 1559 2532 fuga
1576 2493 1610 2523 in

912 2542 1076 2573 Lemnum
1105 2543 1319 2582 pervenisse3
1355 2548 1388 2573 et
1406 2543 1488 2574 ibid.
1504 2544 1610 2574 oculis

911 2598 1062 2633 captum,
1078 2591 1237 2623 effluente
1254 2601 1314 2632 per
1339 2593 1413 2623 illos
1437 2593 1609 2634 sanguine,

912 2643 1035 2674 acerba
1048 2647 1157 2673 morte
1173 2642 1327 2683 periisse.
1358 2643 1458 2673 Rern.

956 2693 1116 2733 Concitor]
1151 2693 1298 2726 Quidam
1324 2694 1474 2733 conditor,
1504 2695 1605 2735 vulgo

908 2746 1088 2785 concitator,
1118 2751 1156 2776 ut
1178 2749 1212 2776 et
1234 2745 1330 2777 initio
1353 2746 1431 2776 libri
1458 2755 1492 2778 v.
1536 2747 1604 2777 Sed

908 2797 992 2827 illud
1010 2797 1092 2827 Mss.
1105 2795 1372 2836 approbantibus
1388 2796 1488 2827 malo.
1522 2797 1602 2828 Tac.

909 2847 950 2878 A.
969 2856 1016 2877 rv.
1042 2849 1050 2864 ‘
1067 2846 1258 2885 Missosqne
1281 2846 1314 2877 in
1331 2846 1477 2878 Galliam
1494 2847 1606 2879 conci-

908 2900 998 2928 tores
1012 2895 1115 2928 belli?
1137 2896 1242 2935 Bong.
