2174 3424
512 345 597 388 678

559 450 645 481 CAP.
658 457 695 479 x.
729 449 745 488 ᾧ
765 451 780 479 1
801 448 879 479 Cum
891 447 1000 478 bellum
1010 446 1216 486 restauraret]

515 499 644 539 Recepi
662 508 738 530 cum
762 499 875 529 Oxon.
891 497 1021 529 editore
1046 507 1088 529 ex
1112 507 1217 528 mern-

514 550 629 582 branis
646 548 749 590 Angl.
766 559 793 581 c.
808 549 835 581 b.
848 549 1050 580 instauraret.
1072 547 1216 580 Gaudeo

516 601 604 632 hunc
626 609 758 631 naevum
778 609 820 630 ex
842 598 978 631 Justino
995 597 1079 629 Cod.
1093 597 1218 628 veteris

517 661 583 692 ope
597 651 749 681 deletum
761 660 846 682 esse.
890 650 978 680 Nam
994 647 1031 678 τὸ
1043 651 1219 679 restaurare

518 703 678 742 ignorant
694 701 848 732 meliores
871 700 947 731 Lat.
965 698 1088 739 linguae
1105 702 1219 729 aucto—

521 760 588 782 res.
615 750 722 781 Groev.

563 805 580 844 ξ
597 806 617 834 2
640 801 834 841 Artemenes]
854 800 984 832 Herod.
996 809 1061 831 vn.
1074 803 1102 831 2.
1120 799 1221 839 ’Apro-

522 851 662 893 βαζάνην
687 856 808 883 vocat:
843 855 877 882 et
907 850 992 881 hanc
1023 854 1222 881 controver-

522 906 604 936 siam
630 905 706 936 vivo
730 908 828 944 patre
859 907 997 939 motam,
1019 905 1056 932 et
1082 900 1124 931 ab
1149 901 1222 941 ipso

522 954 631 986 Dario
652 953 842 994 judicatam
867 961 942 982 esse
964 949 1079 981 refert.
1125 950 1222 981 Idem

523 1006 625 1046 paulo
655 1008 733 1045 post
759 1005 768 1021 ‘
784 1001 1044 1034 Acliaemenem'
1071 1001 1224 1032 nominat

523 1054 619 1086 Darii
631 1053 750 1092 filiurn,
763 1052 887 1084 Xerxis
901 1050 1053 1082 fratrem.
1087 1051 1224 1082 Plutar-

525 1105 607 1136 chus
622 1104 655 1134 in
672 1103 855 1135 Artaxerx.
871 1112 900 1133 c.
912 1105 943 1133 2.
960 1101 1002 1132 ab
1017 1101 1152 1140 Arsica,
1169 1101 1225 1141 qui

525 1159 646 1196 postea
663 1155 872 1185 Artaxerxes
887 1152 999 1183 dictus
1012 1156 1078 1191 est,
1090 1155 1125 1181 et
1137 1150 1226 1189 Cyro

526 1205 625 1237 eand.
642 1204 866 1246 quaestionem
890 1207 1084 1234 renovatam
1098 1202 1229 1241 scribit,

527 1261 563 1287 ct
587 1256 684 1288 Darii
708 1255 914 1287 contrariam
930 1254 1007 1285 hnic
1024 1253 1227 1284 sententiam

528 1310 783 1338 commemorat.
813 1306 971 1344 Bongars.
1026 1305 1129 1345 Cujus
1158 1304 1229 1345 qui-

529 1358 606 1388 dem
619 1356 799 1389 sententiae
816 1355 1014 1396 posterioris
1032 1355 1229 1395 aequitatem

527 1409 582 1448 (nt
600 1417 646 1438 sc.
671 1410 774 1437 aetate
791 1405 888 1446 primi
914 1404 1157 1445 praeferantur)
1172 1414 1230 1434 ex-

530 1457 664 1497 emplis,
682 1456 826 1496 legibus,
841 1454 1094 1495 rationibusque
1111 1452 1231 1485 confir-

530 1514 624 1539 mant
637 1508 679 1539 P.
693 1507 798 1546 Greg.
812 1507 1018 1537 Tholosanus
1030 1505 1073 1536 de
1087 1505 1232 1546 Repnbl.

530 1560 589 1590 lib.
601 1567 668 1589 vn.
681 1567 756 1598 cap.
769 1560 801 1587 9.
814 1561 850 1588 et
862 1556 975 1587 Arnis.
989 1555 1047 1587 lib.
1061 1564 1100 1587 Π.
1113 1565 1188 1595 cap.
1199 1558 1231 1585 2.

532 1612 618 1639 sect.
642 1610 693 1639 11.
730 1605 961 1646 Adjungenda
986 1605 1106 1635 Franc.
1122 1603 1233 1635 Hoto-

533 1658 646 1689 manni
662 1656 802 1688 illustris
819 1655 974 1688 Quaestio
989 1658 1022 1686 2.
1049 1654 1233 1685 Berneccer.

534 1710 628 1740 Plut.
644 1708 676 1739 in
691 1706 826 1747 Apoph.
840 1710 875 1736 et
888 1704 946 1736 lib.
960 1705 1003 1735 de
1016 1703 1142 1735 Amore
1154 1704 1235 1734 Fra-

536 1763 634 1790 terno
661 1761 713 1788 est
739 1754 926 1797 Ἀριαμένης-
972 1756 1016 1786 Et
1037 1754 1085 1786 sic
1108 1755 1141 1785 in
1170 1754 1236 1785 Ms.

534 1810 626 1842 Just.
648 1808 733 1840 Voss.
779 1806 848 1837 Alii
870 1816 913 1837 cx
935 1805 1067 1836 Graecis
1084 1805 1236 1845 Scripto-

537 1859 630 1889 ribus
646 1862 680 1888 et
697 1857 780 1887 Mss.
797 1856 886 1888 Just.
902 1855 1126 1886 emendarunt
1142 1855 1237 1886 Aria-

536 1917 648 1947 menes,
662 1906 751 1948 qnod
775 1905 880 1946 magis
901 1905 1079 1936 Persicum
1103 1904 1238 1936 videtur

537 1968 640 1999 quam
669 1956 751 1988 illud
779 1957 894 1996 priu83
935 1961 986 1986 est
1013 1956 1099 1986 enim
1137 1956 1236 1996 plane

539 2006 786 2039 Graecanicum.
814 2005 924 2036 Faber.
961 2005 982 2037 J
988 2010 1057 2037 unt.
1069 2005 1238 2036 Artoboza-

537 2068 602 2089 nes.
636 2057 753 2088 Graev.

583 2107 755 2145 Maximus,
766 2107 819 2145 ᾅτ.
843 2108 878 2136 et
893 2106 909 2145 ξ
926 2107 956 2135 8.
977 2108 1115 2135 materno
1128 2108 1241 2145 tamen,

539 2158 608 2198 Esou]
627 2157 729 2187 Hunc
748 2156 769 2186 l.
783 2155 935 2186 imitatur
949 2154 1038 2185 Saxo
1050 2162 1100 2185 xi.
1116 2165 1151 2195 p.
1167 2157 1241 2186 213.

540 2211 592 2239 37.
617 2208 625 2224 ‘
640 2206 705 2239 Qui
721 2206 785 2237 etsi
799 2205 916 2236 virtuti
931 2204 1094 2235 maturior
1110 2204 1241 2236 videre-

541 2263 609 2296 tur,
631 2266 667 2287 se
692 2261 805 2287 tamen
829 2258 959 2285 naturae
976 2254 1093 2284 ordine
1116 2253 1242 2284 aetatis-

543 2316 608 2348 qne
627 2305 804 2347 privilegio
822 2303 980 2335 vincere!
1009 2312 1048 2335 11.
1067 2313 1097 2344 p.
1113 2307 1166 2335 42.
1190 2307 1241 2335 24.

541 2358 550 2373 ‘
570 2357 706 2397 Quippe
723 2364 864 2395 regnum
888 2354 960 2394 ejus
982 2354 1075 2384 avito
1089 2354 1242 2394 sibijure

545 2404 767 2447 competere.’

588 2459 715 2489 Natura
743 2456 811 2496 ipsa
835 2454 980 2493 gentibus
1012 2455 1113 2495 dedit]
1151 2456 1243 2489 Quid

546 2509 643 2539 «ledit
664 2507 821 2547 gentibus
843 2505 987 2536 natura?
1022 2515 1179 2545 regnum:
1209 2512 1244 2538 at

547 2559 587 2590 de
602 2559 664 2589 hoc
676 2567 742 2588 nou
759 2556 901 2598 quaestio
916 2556 947 2587 h.
960 2556 983 2586 l.
1007 2555 1089 2586 Mss.
1107 2557 1245 2595 liabent,

547 2620 614 2641 cum
631 2611 717 2649 gent.
746 2607 930 2646 assignavit,
959 2607 1011 2637 vel
1038 2607 1246 2647 assignarent.

548 2661 650 2691 Lect.
680 2659 858 2699 genuinam
889 2662 972 2698 puto
999 2667 1085 2697 esse,
1118 2667 1248 2697 regnum

547 2711 607 2741 sibi
622 2709 811 2749 vindicabat,
827 2707 976 2748 quodjuS,
992 2711 1021 2738 et
1037 2709 1110 2738 ordo
1125 2718 1248 2739 nascen-

549 2763 594 2799 di,
609 2764 637 2792 et
654 2771 684 2791 n.
701 2761 723 2790 i.
745 2770 812 2791 cum
833 2770 868 2799 g.
888 2758 1070 2797 assignarit.
1115 2759 1250 2790 Veteris

551 2813 631 2842 lect.
647 2820 763 2842 sensus
780 2815 849 2841 cst:
874 2810 936 2842 Jus
949 2808 1031 2839 illud
1049 2808 1091 2840 de
1104 2810 1250 2840 maximo

552 2867 633 2893 natu
652 2862 692 2892 ad
719 2870 856 2901 regnum
882 2860 1092 2891 admovendo
1115 2860 1249 2892 dedisse

555 2911 710 2951 gentibus
726 2911 877 2942 ordinem
895 2910 1067 2942 nascendi.
1106 2910 1153 2942 At
1171 2922 1251 2943 vero

967 354 1108 386 NOTAE
1142 353 1406 384 VARIORUM
1440 352 1490 382 IN

1263 446 1354 477 nulla
1368 445 1549 477 verborum
1562 444 1702 476 istorum
1716 447 1768 476 est
1781 442 1964 476 sententia.

1265 497 1443 529 Quomodo
1479 497 1567 528 enim
1601 496 1684 528 ordo
1712 496 1776 527 iste
1807 495 1963 536 gentibus

1264 547 1329 578 hoc
1346 547 1427 578 dare
1440 546 1573 588 potuit?
1596 547 1674 578 Non
1687 546 1800 588 itaque
1813 546 1876 576 hoc
1894 545 1965 585 agi-

1267 602 1334 637 tur,
1348 601 1386 627 ut
1400 600 1576 638 appareat,
1591 596 1671 637 quid
1687 596 1844 635 gentibus
1860 595 1965 626 dede-

1267 648 1312 678 rit
1327 647 1383 688 jns
1406 647 1503 687 illud,
1519 647 1579 678 sed
1596 646 1685 678 unde
1700 647 1758 688 jus
1774 645 1857 677 illud
1871 655 1966 677 acce-

1267 699 1357 739 perit
1382 697 1597 729 Artemenes.
1642 697 1685 728 Id
1715 700 1827 727 autem
1851 705 1969 727 secun·

1268 748 1346 779 dum
1363 748 1444 779 lect.
1460 752 1606 778 nostram
1619 747 1820 787 intelligitur
1835 745 1967 777 factum

1268 809 1311 830 ex
1328 808 1429 829 causa
1445 797 1594 837 triplici3
1618 797 1727 838 primo
1752 797 1870 828 ordine
1893 805 1970 827 nas-

1270 849 1384 888 cendi,
1405 848 1553 879 secundo
1575 851 1708 888 natura,
1735 846 1838 878 tertio
1862 845 1971 887 genti-

1270 900 1333 931 bus
1357 910 1384 931 s.
1409 898 1558 939 gentium
1583 897 1839 928 consuetudine.
1883 896 1970 928 Quae

1271 950 1440 981 sententia
1469 948 1599 989 optima
1631 948 1776 988 locoque
1807 945 1886 977 huic
1917 950 1972 977 est

1272 1000 1417 1031 maxime
1435 997 1699 1030 accommodata.
1725 995 1830 1034 Schef.
1876 995 1973 1026 Nihil

1274 1050 1328 1081 hic
1357 1053 1493 1081 mutem.
1548 1048 1673 1079 Sensus
1703 1051 1776 1079 est:
1799 1048 1863 1080 Jus
1889 1047 1973 1078 illud

1276 1102 1481 1133 succedendi
1497 1101 1631 1142 parenti
1648 1105 1729 1131 natu
1745 1100 1891 1131 maximo
1903 1098 1974 1129 filio

1276 1152 1413 1183 dedisse
1444 1157 1480 1183 et
1513 1152 1664 1183 ordinem
1690 1149 1867 1189 nascendi,
1896 1148 1976 1190 quia

1278 1203 1404 1243 primus
1423 1206 1641 1242 provenerat,
1651 1206 1688 1233 et
1701 1205 1854 1232 naturam
1868 1199 1976 1240 ipsam

1279 1263 1332 1292 ap.
1359 1262 1475 1283 omnes
1507 1256 1637 1293 genteS.
1696 1250 1863 1282 Naturale
1887 1248 1977 1280 enim

1279 1307 1343 1342 est,
1362 1307 1400 1333 ut
1422 1303 1531 1333 minor
1556 1307 1639 1333 natu
1661 1301 1770 1332 frater
1786 1299 1905 1341 maj0ri
1919 1308 1977 1340 pa-

1279 1359 1366 1394 reat,
1395 1364 1460 1385 non
1488 1363 1569 1385 vero
1596 1353 1702 1394 major
1721 1351 1863 1383 minori:
1887 1349 1978 1391 quod

1280 1405 1447 1444 eveniret,
1469 1404 1496 1434 si
1520 1404 1631 1434 minor
1657 1402 1775 1443 majori
1798 1399 1982 1432 anteferre-

1281 1454 1386 1485 turin
1412 1453 1625 1485 successione
1647 1457 1683 1483 et
1704 1450 1898 1482 hereditate
1922 1459 1981 1490 pa—

1283 1509 1455 1535 ternorum
1481 1503 1658 1540 bonorum,
1682 1501 1717 1532 in
1739 1500 1856 1541 primis
1873 1500 1983 1541 regni.

1281 1555 1342 1585 Jus
1356 1554 1411 1585 hoc
1422 1554 1506 1585 dedit
1519 1552 1664 1592 gentibus
1679 1555 1804 1591 natura,
1820 1555 1873 1583 est
1887 1561 1895 1582 ε
1919 1551 1983 1583 Jus

1282 1604 1346 1635 hoc
1369 1603 1522 1635 omnibus
1537 1603 1693 1643 gentibus
1709 1601 1833 1633 insevit
1849 1604 1986 1641 natura,

1284 1659 1323 1685 ut
1339 1654 1488 1684 seniores
1512 1651 1758 1693 praeferrentur
1777 1650 1986 1692 junioribus.

1288 1705 1395 1736 Gra’v.
1451 1703 1553 1734 Dedit
1583 1703 1715 1734 uncinis
1742 1701 1889 1733 includit
1919 1700 1985 1732 Ed.

1286 1755 1396 1795 Bong.

1329 1807 1382 1846 §3
1409 1805 1545 1844 Xerxes,
1569 1803 1636 1843 85⁶]
1657 1804 1746 1835 Saxo
1770 1812 1822 1835 xl.
1849 1813 1884 1844 p.
1909 1805 1987 1835 213.

1287 1859 1341 1887 36.
1366 1856 1375 1873 ‘
1391 1856 1509 1886 Sinon
1534 1864 1609 1886 eum
1633 1854 1798 1894 dignitate
1826 1853 1988 1894 posterio-

1287 1916 1358 1937 rem
1383 1915 1454 1936 sors
1477 1905 1553 1945 ipsa
1576 1903 1735 1935 nascendi
1751 1902 1893 1935 fecisset
1907 1902 1928 1933 :’
1952 1907 1989 1935 et

1288 1959 1390 1999 paulo
1419 1963 1517 1998 post:
1541 1957 1678 1989 ‘Quem
1706 1957 1869 1988 nascendi
1899 1957 1988 1988 serie

1289 2008 1433 2050 priorem
1450 2006 1557 2038 sciat!

1332 2060 1348 2099 ξ
1365 2063 1382 2089 5
1409 2059 1447 2089 In
1462 2068 1556 2097 regno
1562 2057 1632 2096 jam
1647 2067 1705 2088 rex
1715 2060 1807 2098 pater
1816 2056 1992 2098 sustulerit]

1290 2108 1415 2140 Isthaec
1443 2108 1548 2139 verba
1572 2107 1721 2138 delenda
1747 2108 1781 2138 in
1802 2117 1917 2147 regno.-
1940 2112 1993 2139 est

1291 2159 1378 2190 enim
1404 2158 1536 2199 puerile
1566 2162 1603 2188 et
1629 2157 1821 2188 redundans
1853 2157 1992 2189 dicere:

1292 2209 1400 2240 Pater
1415 2217 1508 2239 meus
1525 2207 1596 2245 jam
1615 2215 1674 2237 rex
1693 2207 1727 2237 in
1741 2216 1836 2246 regno
1852 2216 1906 2237 me
1926 2207 1994 2247 pri-

1292 2268 1382 2289 mum
1413 2257 1560 2288 sustulit.
1618 2256 1708 2287 Nam
1739 2256 1766 2287 si
1797 2256 1871 2297 quis
1899 2256 1993 2297 ‘jam

1293 2319 1354 2339 rex
1365 2308 1374 2321 '
1399 2308 1523 2339 liberos
1548 2307 1658 2344 tollat,
1673 2305 1754 2348 qnid
1771 2316 1852 2347 opus
1868 2309 1921 2337 est
1938 2305 1995 2336 ad-

1294 2359 1375 2390 dere
1401 2360 1410 2375 ⁴
1430 2359 1461 2389 in
1488 2367 1591 2397 regno
1604 2356 1626 2388 ?’
1662 2356 1825 2397 Rogabis,
1840 2356 1930 2388 unde
1948 2362 1997 2388 ta-

1295 2419 1370 2441 men
1388 2410 1445 2440 illa
1462 2409 1567 2439 verba
1589 2408 1655 2439 huc
1673 2408 1802 2438 intrusa
1816 2408 1898 2439 sint.
1944 2407 1996 2438 Ex

1295 2461 1497 2500 glossemate
1512 2469 1557 2489 sc.
1572 2457 1661 2499 qnod
1679 2457 1752 2488 istis
1768 2457 1881 2488 verbis
1902 2457 1996 2498 ‘jam

1296 2510 1374 2541 rcx’
1403 2508 1661 2550 superadditum
1695 2506 1822 2547 fuerat,
1851 2507 1872 2539 i.
1903 2516 1933 2539 e.
1963 2507 1998 2538 in

1295 2570 1402 2599 regno.
1428 2559 1547 2590 Faber.
1586 2558 1751 2599 Impressi
1776 2557 1911 2598 qnidam
1927 2558 1999 2589 sine

1297 2610 1400 2641 dubio
1417 2610 1572 2640 meliores
1587 2607 1697 2639 secuti
1714 2607 1813 2639 codd.
1824 2607 1950 2639 liabent
1965 2608 2000 2639 in

1296 2670 1435 2700 reguum,
1459 2659 1547 2701 quod
1570 2658 1668 2689 valde
1694 2657 1817 2698 placet.
1863 2657 1999 2698 Nempe

1298 2710 1380 2741 lect.
1400 2710 1487 2749 vulg.
1505 2709 1571 2749 lmj.
1590 2708 1653 2739 loci
1670 2708 1751 2739 nihil
1767 2707 1871 2739 habet
1894 2708 2000 2747 alind,

1299 2770 1397 2801 (piam
1421 2759 1510 2801 qnod
1538 2758 1728 2799 praecessit,
1748 2758 1757 2775 ‘
1775 2767 1811 2789 se
1835 2758 1907 2798 regi
1933 2759 2000 2799 pri-

1300 2819 1390 2840 mum
1406 2807 1544 2840 natum.’
1591 2807 1696 2848 Atqui
1716 2816 1782 2838 non
1806 2807 1848 2838 dc
1865 2817 1906 2839 co
1923 2817 2001 2849 age-

1302 2860 1401 2891 batur
1430 2859 1480 2890 his
1508 2858 1630 2897 verbis,
1657 2858 1715 2888 sed
1743 2857 1785 2888 de
1813 2857 1882 2897 illo,
1911 2858 2001 2899 quod

1301 2911 1377 2941 liinc
1394 2909 1559 2951 sequitur,
1573 2914 1687 2940 natum
1703 2917 1823 2948 nempe
1841 2908 1912 2949 regi
1930 2917 2002 2950 reg-
