2101 3419
395 367 429 407 ii
1046 373 1207 404 JNDEX

394 476 524 515 abrupta
546 473 627 509 xxiv,
643 476 675 510 S,
691 478 711 505 9

1148 476 1178 509 1,
1193 476 1211 503 5
1237 471 1294 502 soli
1310 471 1486 502 Graecorum
1513 471 1628 501 auxilia
1650 475 1757 502 contra
1775 471 1851 503 Tro-

436 518 577 558 Abrupte
594 528 683 557 agere
699 517 775 557 (hoc
788 520 845 552 est,
862 515 993 552 calide,
986 525 1093 547 incon·
1142 515 1209 555 jam
1224 525 1286 544 non
1300 514 1447 544 miser-unt
1467 514 1572 550 xxviii,
1588 518 1618 550 1,
1635 518 1655 545 6

394 560 577 599 sideranter)
599 559 633 595 ii,
651 562 702 595 15,
719 562 739 590 4
766 539 903 588 Fieiirsh.

437 602 574 633 Abscisis
594 602 728 638 auribus,
754 611 843 638 naso,
869 601 1018 642 labiisque
1046 611 1095 637 xv,

393 647 425 681 3,
441 649 462 676 4

436 687 630 717 Abscondita
655 686 735 716 intra
762 687 863 716 nodos
885 687 987 728 capita
1018 686 1096 716 lora-

393 738 564 759 mentorum
588 729 630 764 xi,
645 732 676 764 7,
694 732 732 760 16

410 777 416 785 ·
436 771 557 801 Absens
586 771 717 802 Athenis
743 770 936 801 insimulatur
971 782 1002 807 V,
1030 773 1060 806 1,
1078 774 1095 801 l

393 813 531 844 absentis
559 815 686 844 nutricis
715 813 925 844 Alexandrum
965 814 1097 843 maxime

393 857 533 897 pudebat
554 856 608 893 xii,
624 861 656 891 6,
674 859 713 888 10
747 857 873 886 absente
897 860 983 896 patre
1017 857 1097 892 xxvi,

393 902 426 934 2,
441 902 479 930 11
505 899 632 929 absente
649 900 768 930 Pacoro
790 899 853 934 xlii,
869 901 901 933 4,
917 902 934 928 5
952 905 981 928 et
995 902 1014 930 7
1044 900 1098 928 ab-

393 946 480 971 sente
496 942 651 972 Phrahate
673 942 738 978 xlii,
753 945 785 977 5,
802 946 820 972 5
854 941 1030 972 absentibus
1057 940 1100 971 vi-

391 984 431 1014 ris
454 984 498 1019 iii,
514 987 545 1019 4,
562 987 582 1015 4

435 1026 619 1056 Absentiam
632 1025 789 1056 Arcadum
804 1026 955 1066 speculati
977 1026 1018 1062 vi,
1034 1029 1065 1062 6,
1078 1029 1099 1057 6

392 1069 563 1098 absentiam
593 1068 660 1109 ejus
688 1074 878 1108 aucupantes
911 1069 992 1104 xxix,
1009 1072 1040 1104 4,
1059 1072 1098 1099 10

392 1112 504 1141 amisso
529 1121 583 1151 per
607 1110 777 1140 absentiam
807 1121 900 1151 regno
933 1112 1005 1147 xvii,
1032 1114 1062 1146 3,
1079 1114 1097 1141 3

393 1154 490 1183 filium
508 1163 562 1193 per
576 1153 745 1184 absentiam
756 1153 948 1183 Mithridatis
961 1154 1099 1183 Laodice

392 1206 469 1225 uxor
498 1196 587 1225 enixa
615 1196 715 1225 fuerat
737 1196 850 1231 xxxvii,
868 1198 899 1230 3,
915 1199 936 1226 6
972 1206 1098 1236 regnum

392 1237 490 1279 Syriae
518 1249 572 1278 per
599 1239 767 1268 absentiam
796 1237 947 1267 Demetrii
971 1239 1098 1279 Trypho

393 1286 600 1320 occupaverat
621 1280 744 1315 xxxviii,
761 1284 793 1315 9,
810 1283 828 1310 3
852 1291 907 1320 per
929 1281 1098 1311 absentiam

393 1322 473 1362 regis
489 1333 506 1351 a
521 1322 680 1353 Demetrio
697 1323 847 1352 deficiunt
872 1324 971 1359 xxxix,
989 1327 1019 1359 1,
1037 1327 1055 1355 3

435 1365 672 1395 Absolutionem
697 1370 894 1395 contemnere
929 1366 968 1402 ix,
997 1369 1028 1403 4,
1058 1369 1098 1397 10

393 1413 468 1438 nota
485 1408 686 1437 absolutionis
708 1407 802 1443 xxxii,
818 1411 849 1442 2,
863 1411 882 1438 7

435 1450 607 1480 Absolutus
622 1461 673 1480 rex
697 1450 790 1486 xxxii,
807 1453 837 1484 2,
852 1454 870 1480 5

433 1492 604 1523 Absorbuit
620 1493 732 1523 solidas
744 1492 883 1523 civitates
898 1496 984 1523 terrae
996 1497 1098 1523 motus

391 1546 461 1570 xxx,
476 1537 508 1570 4,
526 1538 544 1566 3

434 1577 633 1607 Abstinentia
649 1577 742 1607 alieni
757 1576 789 1612 ii,
807 1580 837 1612 2,
854 1580 891 1608 ll
910 1587 1003 1608 canes
1018 1578 1097 1608 rnul-

392 1625 492 1650 torum
518 1620 634 1650 dierum
662 1621 848 1650 abstinentia
873 1620 997 1650 cruciati
1024 1620 1097 1656 xliv,

389 1666 422 1697 ·4,
440 1667 457 1693 5
483 1663 669 1693 abstinentia
684 1662 878 1703 interpellata
895 1663 1001 1704 sagina
1023 1663 1097 1700 xliv,

392 1708 423 1741 4,
441 1707 480 1736 14

437 1747 601 1777 Abstinere
618 1747 745 1788 irnperio
769 1747 790 1783 1,
808 1745 874 1783 1,’7
898 1747 979 1778 bello
1002 1748 1055 1784 xii,
1068 1751 1099 1784 2,

391 1792 430 1821 11
458 1791 532 1830 regii
556 1791 678 1820 honoris
702 1792 887 1820 ornamentis
913 1791 965 1826 xii,
992 1794 1023 1826 2,
1056 1794 1094 1822 13

391 1843 488 1872 regno
507 1833 615 1872 pupilli
639 1834 722 1869 xxxi,
738 1836 768 1867 1,
785 1836 804 1863 2
828 1834 973 1873 AEgypto
995 1834 1095 1869 xxxiv,

392 1877 425 1910 3,
444 1878 458 1905 1
485 1886 593 1905 manus
609 1886 626 1905 a
642 1886 735 1917 regno
752 1876 887 1916 AEgypti
909 1887 979 1913 111111,
995 1879 1025 1912 3,
1043 1879 1061 1907 3
1078 1886 1096 1906 a

392 1917 538 1957 proximis
553 1928 660 1947 manus
685 1919 746 1954 viii,
762 1922 794 1953 6,
807 1922 826 1948 4

436 1959 652 1990 Abstrusorum
674 1960 864 1991 metallorum
889 1959 995 1990 felices
1017 1960 1095 1990 divi-

393 2001 443 2031 tiae
468 2002 539 2037 xliv,
556 2005 586 2037 l,
604 2006 624 2033 6

433 2043 603 2074 Absurnere
619 2057 625 2074 2
643 2054 788 2084 aquarum
808 2043 928 2074 illuvies
948 2044 1094 2084 majorem

391 2092 509 2126 partem
528 2086 657 2117 Graeciae
672 2087 819 2116 absumsit
842 2087 873 2122 ii,
885 2090 916 2122 6,
932 2090 973 2118 10
1001 2088 1095 2117 duces

392 2134 507 2158 vestros
522 2130 611 2158 armis
627 2129 814 2159 absumsistis
838 2129 898 2164 xiv,
914 2133 946 2165 4,
963 2132 1002 2160 14
1020 2135 1096 2159 tem-

391 2176 495 2210 pestas
511 2172 658 2211 grandine
674 2178 706 2202 et
719 2171 830 2212 frigore
842 2172 962 2201 saucios
975 2172 1095 2201 absum-

392 2212 433 2242 sit
456 2214 534 2249 xxiv,
553 2217 584 2249 8,
602 2217 642 2244 10
675 2214 771 2244 solida
797 2214 937 2254 intercipi
962 2214 1095 2243 absumi-

389 2265 451 2295 que
474 2255 596 2297 naxigia
619 2256 659 2292 iv,
677 2260 706 2293 1,
724 2259 764 2288 16
798 2257 931 2287 exercitu
955 2257 1096 2287 absumto

389 2298 422 2332 ii,
436 2301 465 2331 4,
482 2301 522 2329 32

433 2340 638 2370 Abundantia
661 2340 741 2377 xxiv,
753 2343 784 2376 7,
797 2344 817 2372 4
840 2341 1096 2372 viniceterarum-

389 2392 451 2422 que
467 2383 623 2423 copiarum
649 2384 730 2419 xxiV,
743 2387 775 2420 7,
788 2386 806 2414 7
831 2393 977 2424 aquarum
1000 2384 1052 2419 xli,
1064 2388 1096 2420 5,

389 2429 409 2456 4
448 2435 541 2465 opum
581 2426 654 2462 xliii,
677 2430 708 2462 5,
731 2429 751 2458 4
789 2432 968 2457 cunctarum
997 2437 1095 2457 rerum

388 2467 463 2503 xliv,
480 2471 509 2504 l,
526 2471 546 2499 4

431 2510 600 2541 Abundare
617 2510 728 2551 opibus
741 2515 772 2540 et
787 2510 985 2541 multitudine
1011 2511 1096 2547 xviii,

389 2555 454 2587 4,2
479 2563 551 2582 auro
576 2564 643 2589 xxv,
663 2557 692 2589 l,
719 2555 758 2584 10
789 2554 968 2584 abundante
992 2554 1095 2583 multi—

390 2595 497 2625 tudine
522 2596 554 2631 ii,
571 2600 602 2631 5,
622 2599 658 2627 11
685 2601 716 2626 et
731 2595 810 2631 xxiv,
826 2599 857 2632 4,
877 2599 893 2627 1
924 2596 1002 2626 servi
1017 2596 1094 2626 mul-

391 2637 523 2667 titudine
540 2639 733 2668 abundantes
757 2638 840 2674 xviii,
858 2641 888 2674 3,
904 2642 924 2669 6

435 2679 577 2710 Abutens
590 2681 768 2711 valetudine
782 2681 836 2711 viri
859 2683 920 2718 xiv,
932 2686 963 2718 5,
979 2684 999 2712 2

435 2722 569 2763 Abydos
593 2724 624 2759 ii,
642 2727 693 2760 13,
710 2727 728 2754 5
743 2728 774 2753 et
789 2726 808 2754 8

434 2764 482 2795 Ac
499 2765 522 2794 si
544 2766 637 2802 xxxii,
655 2770 686 2804 l,
702 2769 720 2796 7
747 2772 779 2795 et
799 2769 820 2796 9
854 2766 982 2806 perinde
1008 2777 1046 2798 ac
1070 2767 1096 2798 si

391 2807 472 2842 xxxi,
489 2811 520 2843 5,
532 2810 551 2838 7
575 2819 637 2838 non
654 2819 740 2838 secus
753 2818 788 2838 ac
805 2808 829 2837 si
852 2810 912 2845 xix,
929 2812 959 2845 2,
977 2812 996 2840 8

434 2849 611 2880 Acarnanes
626 2851 836 2882 Alexandrum
853 2852 963 2892 Pyrrhi
979 2852 1010 2881 in
1027 2862 1094 2892 reg-

390 2894 462 2920 num
491 2893 655 2922 restituunt
685 2893 765 2929 xxvi,
782 2896 813 2929 3,
831 2896 846 2924 l
884 2893 1094 2924 Romanorum

390 2933 536 2965 auxilium
552 2935 715 2977 implorant
732 2941 836 2968 contra
851 2937 973 2968 AEtolos
990 2937 1094 2973 xxviii,

1189 556 1348 587 Accedere
1363 558 1402 587 ad
1419 562 1554 587 montem
1576 557 1628 592 xii,
1643 560 1675 592 7,
1687 559 1708 587 8
1730 557 1770 587 ad
1780 557 1852 586 dor·

1146 599 1292 629 mientem
1326 610 1377 635 xv,
1401 602 1501 635 4,17
1536 600 1681 629 accedere
1710 600 1750 629 ad
1779 610 1852 629 eum

1147 652 1339 682 percussores
1362 642 1429 672 ausi
1447 652 1510 671 non
1526 647 1597 672 sunt
1619 641 1683 674 xiii.
1699 644 1730 678 3,
1746 645 1766 673 8
1799 652 1852 672 ac-

1146 684 1238 715 cessit
1267 684 1412 714 exercitui
1438 684 1557 714 animus
1581 684 1689 724 ingens
1722 684 1744 719 i,
1759 687 1792 719 6,
1808 687 1850 715 12

1146 728 1208 757 huc
1224 728 1345 757 accedit
1360 727 1443 767 quod
1455 727 1514 757 &c.
1530 727 1565 765 ii,
1577 729 1629 762 10,
1642 729 1673 758 6.
1695 726 1760 763 xiii,
1772 729 1803 762 3,
1818 729 1850 758 8.

1147 770 1219 805 xxii,
1236 774 1266 805 5,
1282 774 1313 800 5.
1335 780 1403 805 xxx,
1420 772 1451 805 3,
1467 772 1487 800 2
1520 773 1690 800 accesserat
1714 769 1851 810 quotidi-

1147 822 1206 842 ano
1223 812 1319 842 labori
1333 811 1428 841 fames
1445 811 1477 847 ii,
1495 814 1546 847 13,
1564 814 1603 843 11
1627 812 1781 842 accedunt
1802 812 1850 842 hae

1147 855 1224 885 vires
1245 854 1488 885 Lacedaemoniis
1510 854 1552 890 iv,
1578 857 1610 890 3,
1634 857 1652 884 5
1680 854 1757 884 vires
1782 852 1851 894 ejus

1148 897 1206 927 sibi
1222 907 1387 928 accessurae
1409 896 1474 931 xiii,
1490 900 1523 932 5,
1542 899 1581 927 15
1606 906 1764 926 accessura
1779 896 1852 933 illis,

1147 940 1235 980 (quae
1251 938 1479 979 subigerentur)
1496 949 1550 980 pro
1565 938 1694 979 ignobili
1712 949 1852 969 momen-

1147 987 1179 1011 to
1197 982 1385 1012 Macedonia
1407 981 1460 1018 vii,
1476 984 1507 1017 3,
1525 985 1541 1013 1
1565 981 1712 1011 accedere
1736 981 1851 1012 viribus

1147 1024 1278 1064 alicujus
1301 1025 1365 1059 viii,
1379 1027 1410 1058 3,
1428 1026 1468 1055 14
1491 1028 1660 1054 accesserat
1683 1024 1780 1064 stupri
1803 1024 1852 1054 in-

1147 1067 1290 1108 dignitati
1312 1066 1435 1097 soeditas
1457 1066 1497 1102 ix,
1513 1069 1544 1102 6,
1560 1070 1578 1096 5
1605 1076 1760 1097 accessere
1780 1067 1852 1097 viri·

1149 1110 1203 1139 bus
1219 1109 1379 1139 Persarum
1397 1119 1459 1139 non
1485 1109 1638 1139 mediocre
1663 1114 1851 1140 momentum

1146 1152 1188 1188 xi,
1204 1155 1236 1188 4,
1250 1155 1290 1183 12
1314 1157 1482 1182 accesserat
1506 1151 1696 1192 poenitentiae
1711 1152 1851 1182 recorda-

1147 1195 1190 1224 tio
1215 1195 1266 1230 xii,
1283 1197 1314 1230 6,
1329 1198 1370 1226 10
1396 1195 1517 1225 accedit
1539 1194 1664 1224 saevitiae
1686 1193 1852 1225 insolentia

1147 1237 1207 1273 xvi,
1225 1242 1255 1273 5,
1273 1239 1291 1268 7
1317 1247 1357 1268 ne
1373 1237 1478 1267 tertius
1494 1237 1549 1267 sibi
1573 1237 1668 1267 hostis
1691 1237 1852 1267 accederet

1146 1280 1221 1315 xvii,
1250 1283 1282 1315 2,
1306 1283 1346 1311 10
1383 1280 1484 1309 socius
1510 1279 1600 1310 alicui
1626 1279 1706 1319 parti
1731 1279 1853 1310 accedit

1147 1322 1218 1358 xvii,
1232 1325 1263 1357 2,
1280 1325 1318 1354 ll
1343 1327 1513 1362 postremus
1528 1322 1579 1352 ille
1594 1323 1703 1352 domus
1714 1332 1777 1352 suae
1789 1322 1852 1352 rui-

1147 1375 1194 1394 nae
1211 1365 1353 1395 cumulus
1369 1365 1498 1395 accessit
1521 1364 1594 1401 xvii,
1610 1367 1642 1401 2,
1659 1368 1675 1396 1
1700 1364 1748 1394 his
1763 1365 1851 1395 malis

1146 1407 1267 1437 deletus
1289 1418 1358 1437 cum
1382 1407 1565 1447 imperatore
1588 1406 1739 1437 exercitus
1766 1406 1852 1437 velut

1146 1450 1272 1490 quidam
1301 1460 1501 1480 aerumnarum
1542 1450 1682 1480 cumulus
1722 1450 1852 1480 accessit

1146 1492 1218 1527 xxii,
1234 1495 1265 1527 7,
1287 1496 1303 1523 1
1339 1492 1469 1523 accessit
1494 1496 1597 1522 tantus
1626 1493 1716 1521 ardor
1743 1491 1852 1522 animis

1146 1534 1225 1575 regis
1239 1535 1371 1565 adventu
1385 1534 1467 1564 illius
1488 1535 1570 1570 xxxi,
1585 1537 1616 1570 3,
1629 1537 1649 1565 6
1672 1534 1800 1565 accessit
1809 1535 1851 1565 ad

1146 1578 1231 1618 regni
1249 1577 1543 1607 administrationem
1567 1577 1680 1612 xxxvii,
1705 1577 1850 1611 3,1in

1146 1620 1203 1649 hac
1215 1618 1417 1669 (Cleopatra)
1430 1620 1576 1650 accedere
1591 1619 1851 1650 necessitudinem

1146 1662 1306 1703 sanguinis
1329 1662 1431 1699 xxxix,
1447 1665 1479 1700 3,
1495 1665 1515 1694 8
1538 1672 1694 1693 accessere
1708 1671 1783 1703 opes
1798 1662 1851 1699 xli,

1145 1708 1176 1741 2,
1193 1709 1213 1736 4

1187 1747 1367 1778 Accendere
1394 1747 1511 1777 animos
1536 1746 1567 1776 in
1595 1757 1680 1788 spem
1702 1745 1766 1783 xiii,
1780 1749 1812 1783 7,
1829 1749 1850 1778 6

1145 1789 1222 1831 (boc
1239 1796 1296 1827 est,
1312 1801 1366 1831 spe
1381 1789 1519 1830 implere,
1541 1795 1575 1820 ut
1595 1795 1701 1820 auctor
1716 1790 1852 1830 loquitur·

1144 1833 1187 1869 xi,
1207 1837 1235 1868 l,
1253 1833 1301 1873 S).
1325 1833 1454 1863 accendi
1470 1833 1619 1873 (subaudi
1642 1832 1702 1873 ira)
1712 1832 1773 1869 xiv,
1785 1835 1848 1867 6,⁷

1143 1875 1281 1905 freinslr.
1303 1876 1362 1915 (sic
1375 1881 1407 1905 et
1420 1875 1461 1910 xi,
1477 1874 1564 1915 8,9).
1586 1885 1732 1905 accensus
1753 1874 1852 1905 incre-

1143 1918 1229 1948 dibili
1243 1918 1350 1948 ardore
1367 1918 1476 1947 mentis
1497 1918 1538 1952 xi,
1552 1921 1583 1953 5,
1595 1920 1616 1948 4
1638 1917 1806 1948 accendere
1817 1927 1852 1947 a·

1143 1960 1256 2000 liquem
1271 1961 1476 1990 ostentatione
1491 1959 1664 1990 divitiarum
1680 1959 1752 2000 (pro
1767 1959 1850 1990 exci-

1144 2003 1223 2043 tare)
1240 2003 1281 2038 xi,
1298 2006 1329 2038 9,
1346 2006 1365 2033 4
1383 2002 1484 2032 Vorst.
1509 2013 1570 2032 non
1582 2002 1665 2037 odio,
1681 2003 1734 2032 sed
1747 2001 1850 2042 digni—

1144 2047 1215 2074 tatis
1239 2045 1336 2084 gloria
1362 2054 1509 2074 accensus
1543 2055 1593 2080 xv,
1613 2046 1645 2080 2,
1668 2047 1687 2075 8
1717 2044 1849 2085 querelis

1143 2088 1323 2117 accenditur
1346 2092 1468 2117 senatus
1485 2087 1515 2116 in
1531 2086 1664 2127 aliquem
1691 2086 1764 2123 xxii,
1780 2089 1811 2122 3,
1827 2089 1848 2117 6

1144 2139 1292 2160 accensus
1318 2129 1422 2159 favore
1443 2128 1569 2169 juvenis
1591 2139 1680 2164 xxxV,
1695 2132 1727 2165 2,
1743 2131 1762 2160 3
1797 2139 1848 2159 ac-

1144 2173 1234 2202 cendi
1252 2172 1421 2212 pertinacia
1435 2171 1535 2207 xxxix,
1548 2174 1579 2208 3,
1596 2174 1636 2203 10
1653 2171 1849 2202 aenrulatjone

1145 2213 1263 2244 virtutis
1293 2213 1356 2251 xlii,
1373 2218 1404 2248 2,
1420 2216 1439 2245 3

1187 2256 1431 2297 Acceptissimus
1458 2257 1534 2295 (hoc
1564 2261 1622 2292 est,
1645 2254 1850 2297 gratissimus)

1143 2299 1207 2335 xiii,
1224 2303 1254 2335 2,
1268 2304 1298 2329 8.
1322 2299 1404 2334 xviii,
1421 2302 1452 2334 3,
1465 2302 1485 2329 9
1508 2299 1644 2329 Freinsh-

1187 2341 1313 2372 Accidit
1336 2341 1396 2378 xiV,
1412 2344 1441 2376 l,
1460 2344 1510 2372 13.
1534 2341 1607 2377 xxii,
1621 2343 1652 2377 6,
1668 2343 1688 2372 2

1187 2383 1340 2424 Accipere
1361 2394 1488 2424 puerum
1505 2382 1536 2413 in
1554 2393 1677 2413 manum
1698 2382 1775 2424 (boc
1790 2387 1848 2419 est,

1144 2425 1275 2456 brachiis
1299 2427 1451 2466 excipere,
1486 2425 1574 2467 Auff'
1596 2426 1646 2458 die
1672 2426 1752 2457 Arm
1775 2425 1851 2456 neh-

1145 2469 1238 2507 men)
1254 2469 1273 2504 i,
1289 2471 1323 2504 4,
1340 2471 1380 2499 12
1403 2479 1467 2498 11011
1482 2470 1623 2509 accipere
1643 2478 1750 2508 pacem
1767 2468 1850 2508 (non

1145 2518 1191 2541 est
1207 2521 1357 2546 recusare,
1385 2513 1440 2541 sed
1455 2521 1518 2541 non
1534 2520 1622 2551 posse
1637 2510 1802 2551 consequi)
1818 2521 1849 2547 v,

1144 2557 1176 2589 4,
1192 2557 1211 2585 4
1238 2554 1299 2593 Ita,
1314 2554 1479 2584 affirmate:
1505 2554 1645 2594 accipere
1666 2554 1786 2583 veniam
1810 2553 1851 2584 ab

1144 2596 1247 2637 aliquo
1271 2597 1322 2632 xii,
1336 2599 1367 2632 8,
1383 2599 1403 2627 6
1427 2596 1614 2636 provinciam
1636 2595 1745 2632 xiii,4,
1762 2597 1803 2627 12
1815 2599 1852 2626 et

1144 2642 1182 2670 21
1201 2643 1274 2680 (pro
1291 2639 1467 2679 consequi).
1483 2639 1628 2687 accipere
1649 2638 1723 2679 (pro
1739 2637 1850 2668 admit-

1144 2682 1224 2722 tere)
1238 2682 1279 2718 xi,
1291 2684 1322 2717 6,
1340 2683 1445 2722 9(pro
1463 2681 1585 2722 audire)
1609 2680 1699 2717 iii,⁷,
1714 2683 1734 2712 7
1760 2679 1850 2721 cujus

1143 2724 1222 2754 inter
1251 2705 1431 2755 clarissimos
1456 2723 1593 2754 111κ11εεε
1628 2723 1710 2753 urbis
1734 2732 1848 2753 nornen

1143 2766 1321 2807 accepimus
1347 2766 1394 2807 (id
1422 2771 1479 2802 est,
1500 2765 1671 2796 audivimus
1696 2770 1750 2795 aut
1773 2764 1850 2805 legi-

1143 2810 1228 2849 mus)
1252 2809 1304 2845 111,
1321 2812 1352 2844 1,
1366 2812 1384 2839 5
1408 2809 1548 2849 accipere
1571 2808 1696 2838 herbam
1717 2807 1748 2837 in
1771 2811 1848 2847 potu

1143 2852 1216 2892 (pro
1232 2852 1388 2887 adhibere,
1404 2851 1467 2881 sim
1489 2861 1617 2887 sumere,
1637 2850 1722 2891 quod
1745 2849 1848 2880 Plinio

1143 2895 1286 2935 frequens
1302 2894 1365 2933 est)
1381 2894 1432 2929 xii,
1448 2896 1500 2929 10,
1516 2896 1534 2924 3
1560 2893 1696 2924 Freinsh.
1708 2891 1848 2932 accipere

1144 2937 1307 2968 exercitum
1323 2936 1371 2978 (id
1388 2941 1444 2972 est,
1462 2936 1628 2978 regendum
1644 2934 1802 2976 accipere)
1827 2933 1848 2970 i,
