2101 3419
453 330 578 370 lxxiv

447 443 538 469 necat
552 438 662 473 xxxvii,
682 440 711 473 1,
725 439 746 469 4
775 441 807 468 et
823 442 984 479 propterea
998 449 1016 469 a
1030 439 1148 480 populo

447 480 604 521 perimitur
619 481 730 516 xxxvii,
746 484 777 517 1,
794 484 812 511 5

490 522 626 553 Laodice
652 522 843 553 Mithridatis
870 533 954 553 soror
979 522 1149 554 Ariarathis

445 565 554 605 (modo
567 565 641 595 dicti
654 566 725 606 filii)
743 566 866 601 xxxviii,
882 570 910 602 l,
925 569 941 597 l
966 577 1035 596 mox
1051 565 1148 597 Nico-

446 607 543 637 medis
559 618 632 637 uxor
648 609 771 647 xxxviii,
790 612 819 644 l,
835 612 855 640 4

488 650 667 680 Laomedon
691 651 722 681 in
747 651 897 681 divisione
920 651 1039 692 imperii
1053 650 1148 682 Alex-

446 693 532 722 andri
549 693 669 733 Syriam
685 693 800 734 accipit
815 695 877 730 xiii,
893 697 925 730 4,
942 697 982 725 12

488 735 628 775 Lapidea
642 736 801 766 simulacra
824 747 872 772 xx,
888 739 920 772 2,
937 740 955 768 7

487 777 601 818 Lapis:
628 779 736 819 quinto
763 779 867 819 lapide
892 785 990 810 castra
1015 783 1148 810 statuere

444 820 517 855 xxii,
532 824 562 856 6,
579 824 600 852 9

487 863 614 904 Laqueo
629 868 738 903 captus
763 863 837 899 xliv,
853 867 884 899 4,
901 867 921 895 9

486 905 579 936 Lares
593 908 662 946 (pro
679 906 838 946 domibus)
861 907 914 942 xii,
928 909 960 941 4,
977 909 996 937 3
1013 906 1149 937 Freinsh.

444 948 535 989 patrii
548 949 623 979 lares
645 949 687 984 iv,
704 952 735 984 3,
752 952 770 980 3
796 950 871 979 lares
886 950 962 979 aviti
986 949 1066 984 xxxi,
1083 953 1114 985 8,
1129 953 1149 980 4

488 990 602 1030 Largiri
619 991 658 1021 de
679 991 792 1027 alieno,
816 992 907 1022 facile
940 991 1042 1027 xxxvi,
1069 995 1100 1027 3,
1128 996 1149 1023 9

443 1032 543 1073 largiri
559 1033 645 1063 Deos
660 1039 780 1073 oportet
791 1034 964 1063 hominibus
986 1035 1065 1070 xxiv,
1082 1038 1114 1070 6,
1129 1038 1148 1066 4

444 1075 613 1115 largiuntur
629 1086 755 1116 magnos
771 1076 893 1116 spiritus
919 1077 1017 1116 patria
1041 1082 1073 1107 et
1094 1088 1150 1118 pe-

443 1123 530 1147 nates
555 1119 593 1154 vi,
609 1121 640 1153 7,
657 1123 674 1149 5

487 1160 678 1200 Largitiones
702 1161 722 1197 i,
736 1165 767 1196 9,
788 1164 825 1192 13

487 1203 605 1232 Larissa
632 1204 820 1233 nobilissima
848 1203 918 1234 urbs
945 1214 963 1233 a
1002 1205 1149 1246 Philippo

443 1245 563 1284 capitur
586 1246 636 1282 xii,
653 1250 683 1281 6,
701 1249 719 1277 7

486 1288 584 1318 Lariss
573 1299 632 1318 <rea
648 1289 782 1319 saltatrix
805 1288 920 1318 Aridaei
941 1300 978 1319 ex
1003 1290 1150 1331 Philippo

443 1337 539 1360 mater
560 1331 600 1366 ix,
625 1334 656 1367 8,
672 1335 691 1362 2
715 1332 801 1372 (quae
827 1342 845 1361 a
874 1332 1043 1362 Ptolemaeo
1071 1334 1150 1363 ‘La-

443 1371 576 1402 rissaeum
594 1375 736 1404 scortum’
753 1375 927 1415 appellatur
949 1376 1012 1410 xiii,
1025 1378 1056 1411 2,
1071 1376 1128 1413 11)

487 1415 627 1446 Lascivia
642 1417 797 1447 oculorum
822 1417 842 1452 i,
869 1420 900 1452 3,
927 1420 946 1448 2
981 1428 1036 1466 per
1061 1419 1150 1449 lasci-

446 1458 524 1488 viam
542 1459 674 1499 aliquem
690 1460 819 1509 flagellis
834 1461 951 1490 caedere
980 1461 1001 1496 i,
1018 1465 1048 1496 5,
1066 1464 1085 1492 2

486 1501 619 1532 Lascivit
635 1502 721 1542 plebs
737 1503 832 1532 nimio
848 1503 912 1533 otio
936 1503 997 1539 xvi,
1012 1506 1080 1540 4,3

486 1543 649 1574 Lassitudo
665 1546 744 1581 xxiv,
763 1548 794 1581 8,
813 1548 849 1576 14

487 1586 595 1617 Lassos
612 1588 735 1618 reficere
759 1588 861 1623 xxviii,
876 1590 907 1623 4,
924 1592 942 1618 5

487 1629 563 1659 Late
580 1641 704 1669 regnare
721 1631 751 1659 in
768 1631 892 1671 regione
915 1631 980 1667 xiii,
996 1634 1027 1668 7,
1045 1634 1084 1662 10

487 1672 518 1701 in
537 1672 674 1702 Latebris
690 1683 778 1713 agere
802 1674 903 1709 xxxiv,
918 1676 949 1708 4,
966 1678 983 1704 5

486 1714 595 1745 Latere
611 1720 699 1745 cocto
717 1716 819 1745 urbem
840 1716 1027 1746 circumdare
1044 1716 1063 1752 i,
1081 1720 1112 1751 2,
1129 1719 1148 1748 7

487 1756 594 1788 Latere
609 1770 615 1787 z
632 1758 706 1787 vitia
722 1769 838 1788 morum
855 1758 951 1788 latent
975 1760 1031 1789 sub
1048 1760 1152 1790 umbra

443 1798 628 1840 eloquentiae
653 1811 681 1836 ν,
698 1804 729 1837 2,
746 1804 764 1831 7
789 1812 835 1831 res
859 1802 992 1842 aliquem
1017 1812 1079 1831 non
1108 1802 1152 1832 la-

444 1846 488 1871 tet
511 1843 572 1877 xiii,
589 1846 619 1876 8.
636 1846 656 1873 6

486 1884 588 1914 Latini
604 1886 642 1914 al)
659 1885 761 1915 AEnea
779 1885 896 1915 conditi
920 1897 970 1922 xx,
988 1889 1016 1922 l,
1032 1890 1071 1918 12

486 1926 614 1957 Latinus
631 1928 772 1957 Herculis
786 1928 865 1957 filius
888 1928 962 1964 xliii,
981 1932 1010 1964 1,
1024 1933 1044 1960 9

486 1968 633 1999 Latitudo
658 1969 689 2004 ii,
707 1974 737 2005 2,
755 1973 785 2000 2.
809 1970 871 2006 xlii,
885 1974 916 2006 2,
933 1974 954 2002 9

486 2011 592 2041 Latius
607 2011 705 2041 solum
730 2012 851 2047 xxxviii,
868 2015 900 2047 4,
916 2016 935 2043 7

485 2054 626 2084 Latratus
643 2055 673 2084 in
690 2055 794 2085 Siculo
810 2056 888 2084 freto
912 2055 952 2090 iv,
978 2058 1007 2089 l,
1026 2057 1064 2086 13

488 2096 695 2126 Latrociuium
713 2097 801 2127 maris
816 2098 888 2137 (pro
905 2097 1050 2137 piratica)
1074 2097 1149 2134 xliii,

444 2142 475 2174 3,
493 2143 510 2169 5
548 2139 685 2169 Freinsh.
723 2139 890 2170 latrociniis
914 2140 1007 2169 vitam
1036 2146 1151 2170 mutare

443 2180 516 2216 xxii,
546 2185 575 2217 l,
604 2186 621 2212 5
662 2182 826 2212 latrociniis
850 2182 961 2212 infesta
989 2183 1072 2221 regio
1110 2183 1150 2219 xl,

443 2227 475 2259 2,
491 2227 510 2254 4
535 2224 700 2254 latrociniis
716 2230 747 2254 et
762 2229 849 2265 rapto
867 2225 967 2254 vivere
993 2225 1045 2260 xli,
1061 2229 1092 2260 4,
1109 2229 1126 2257 7

486 2266 627 2296 Latronis
644 2278 724 2297 more
749 2267 840 2302 xxvii,
857 2270 889 2302 2,
906 2270 922 2298 7
949 2278 1010 2297 non
1035 2267 1150 2307 judicis

442 2319 536 2344 more,
555 2311 606 2339 scd
624 2310 730 2339 fraude
746 2320 781 2339 ac
804 2309 917 2340 scelere
939 2310 1063 2339 latronis
1086 2310 1149 2346 viii,

443 2354 473 2387 3,
494 2354 530 2382 15
557 2352 688 2382 latrones
704 2362 894 2382 summovere
918 2352 993 2387 xliii,
1009 2355 1041 2388 2,
1057 2356 1078 2383 9

486 2394 579 2423 Latus
595 2406 600 2423 z
645 2395 729 2424 lateri
757 2394 888 2434 alicujus
921 2395 1034 2425 haerere
1070 2395 1149 2431 xxix,

441 2439 472 2472 4,
491 2440 510 2467 8
535 2437 619 2467 lateri
635 2437 764 2477 alicujus
776 2437 904 2477 junctus
933 2448 1002 2471 xxx,
1019 2440 1050 2472 2,
1066 2442 1084 2468 5

485 2478 593 2509 Lavari
622 2480 721 2509 calida
751 2491 767 2510 a
797 2479 946 2510 Romanis
976 2480 1150 2510 didicerunt

443 2521 576 2561 Hispani
602 2523 672 2557 xliv,
690 2526 720 2557 2,
733 2526 753 2553 6

487 2564 624 2594 Laudare
652 2566 793 2595 virtutem
816 2575 865 2601 xx,
882 2568 913 2600 4,
929 2567 949 2596 6
978 2575 1022 2594 res
1050 2570 1150 2605 gestas

442 2605 572 2645 alicujus
608 2607 687 2642 xxxi,
715 2611 781 2644 4‚7
820 2618 945 2637 summae
972 2613 1057 2638 terrae
1084 2609 1149 2638 lau-

442 2649 543 2678 danda
561 2650 639 2678 bona
664 2650 735 2685 xliv,
755 2653 784 2686 l,
801 2653 821 2681 6

484 2692 611 2722 Lavinia
629 2694 739 2722 ,tl-,rreae
755 2692 868 2732 conjux
893 2693 968 2728 xliii,
987 2696 1018 2728 1,
1042 2697 1081 2724 10
1111 2704 1148 2722 cx

439 2734 528 2773 cujus
542 2736 665 2765 nomine
680 2736 840 2765 Lavinium
853 2736 922 2766 urbs
936 2736 1062 2766 condita
1074 2736 1149 2772 xliii,

464 2800 507 2847 '1
510 2829 607 2847 aurea
624 2830 745 2850 coronae
763 2820 908 2850 militibus
921 2820 1058 2868 Philippi
1073 2830 1149 2851 con-

439 2865 484 2889 tra
508 2862 633 2890 sacrilv«y
618 2875 669 2897 os
702 2864 882 2903 pugnaturis
903 2862 968 2899 viii,
992 2866 1023 2899 2,
1051 2866 1070 2894 3
1104 2867 1149 2892 tot

441 2902 588 2932 bellorum
607 2904 715 2933 launa:
739 2905 801 2940 xiv,
818 2908 849 2941 4,
868 2907 906 2935 17

480 2945 560 2975 Laus
578 2947 721 2977 terrestris
736 2947 806 2978 belli
832 2958 862 2983 v,
876 2951 906 2983 4,
924 2950 943 2978 7
968 2947 1073 2978 laudes
1090 2957 1144 2987 pa-

1102 341 1258 372 INDEX

1197 443 1291 469 ternae
1315 438 1367 475 xii,
1382 441 1414 477 6,
1430 442 1451 471 6
1483 438 1603 470 bellicae
1628 438 1732 480 gloriae
1763 441 1848 480 xviii,
1870 446 1905 481 7,

1199 484 1240 512 19
1263 482 1381 522 magnis
1397 482 1580 523 scriptorum
1595 482 1738 514 laudibus
1759 483 1906 517 celebrari

1197 523 1229 560 ii,
1247 527 1278 560 9,
1296 527 1336 556 16

1240 566 1462 597 Laxamentum
1487 566 1545 603 xli,
1562 569 1594 603 5,
1614 569 1631 598 1

1240 609 1356 640 Laxare
1371 609 1494 639 vincula
1516 610 1577 646 xiv,
1602 612 1635 645 4,
1661 612 1678 641 1
1712 608 1796 640 laxat
1817 610 1907 642 dolor

1198 662 1304 682 vocem
1328 651 1392 688 xlii,
1407 654 1441 688 4,
1457 654 1497 683 13

1240 694 1271 724 in
1288 694 1384 724 Lecto
1399 694 1532 724 annulus
1546 694 1690 725 inventus
1713 705 1763 730 xv,
1776 696 1809 732 4,
1825 698 1843 727 5
1873 695 1908 727 in

1196 737 1310 768 lectum
1324 747 1427 767 socrus
1443 737 1595 767 concessit
1615 736 1697 773 xxvi,
1709 739 1740 773 3,
1756 740 1778 768 6

1240 779 1357 820 Legare
1374 784 1556 810 testamento
1574 782 1646 821 (pro
1662 778 1852 821 relinquere)
1874 791 1906 818 v,

1198 825 1250 858 ll,
1266 826 1286 853 2
1309 822 1447 852 Freinsh.

1240 864 1374 905 Legatus
1401 863 1561 894 Romanus
1597 863 1679 899 xxxi,
1708 866 1740 900 2,
1768 866 1788 895 8
1821 863 1906 905 lega·

1198 911 1247 937 tus
1263 907 1401 947 Scipioni
1417 907 1506 937 datus
1521 907 1613 937 frater
1636 906 1801 937 Africanus
1824 907 1906 944 xxxi,

1198 953 1230 986 7,
1257 953 1276 981 2
1315 949 1425 990 Legati
1460 949 1646 979 Achaeorum
1674 950 1713 979 ad
1751 949 1906 991 Pyrrhum

1200 1003 1268 1028 xxv,
1284 995 1316 1027 4,
1333 995 1351 1023 4
1376 992 1552 1022 AEtolorum
1568 996 1717 1022 necantur
1732 992 1771 1022 ab
1793 991 1907 1032 Apulis

1199 1034 1252 1070 xii,
1288 1038 1320 1070 2,
1354 1038 1394 1066 10
1437 1034 1475 1064 ad
1512 1033 1727 1065 Aristotimum
1767 1033 1906 1065 Eliorum

1199 1083 1365 1118 tyrannum
1388 1077 1472 1113 xxvi,
1489 1080 1520 1113 1,
1536 1081 1554 1108 5
1577 1077 1721 1107 Afrorum
1744 1077 1784 1106 ad
1808 1076 1906 1108 Alex-

1198 1121 1326 1150 andrum
1343 1119 1396 1156 xii,
1414 1122 1464 1155 13,
1483 1123 1498 1150 1
1527 1119 1674 1150 Antiochi
1689 1119 1730 1149 ad
1745 1119 1908 1160 Scipiones

1198 1163 1278 1197 xxxi,
1295 1166 1326 1198 7,
1342 1166 1362 1194 4
1385 1162 1630 1204 Argyraspidum
1645 1162 1684 1192 ad
1712 1162 1905 1202 Antigonum

1199 1205 1260 1240 xiv,
1275 1208 1305 1241 3,
1323 1208 1361 1236 ll
1388 1205 1562 1235 Artaxerxis
1577 1206 1616 1235 ad
1632 1204 1758 1236 Graecos
1780 1205 1822 1240 vi,
1837 1208 1870 1241 6,
1887 1208 1903 1236 1

1199 1247 1436 1278 Atheniensium
1465 1248 1504 1278 ad
1534 1247 1719 1278 Alcibiaden
1756 1258 1786 1284 v,
1823 1249 1854 1284 3,
1885 1251 1906 1279 2

1199 1290 1379 1331 Philippum
1402 1290 1465 1325 viii,
1480 1293 1512 1326 4,
1530 1293 1546 1321 1
1564 1295 1596 1320 et
1610 1293 1630 1322 6
1652 1289 1805 1330 Pyrrhum
1834 1300 1906 1326 xxv,

1198 1336 1230 1368 4,
1247 1336 1266 1364 4
1290 1333 1388 1363 Attali
1402 1333 1440 1363 ad
1457 1331 1617 1362 Romanos
1639 1343 1708 1368 xxx,
1723 1335 1756 1369 3,
1769 1336 1786 1363 5
1812 1332 1905 1362 Brut-

1199 1376 1309 1406 tiorum
1325 1377 1364 1405 ab
1380 1375 1553 1416 Agathocle
1568 1375 1765 1416 decipiuntur
1777 1375 1859 1410 xxiii,
1873 1379 1906 1412 2,

1200 1421 1215 1450 1
1233 1424 1265 1448 et
1280 1421 1300 1449 2
1325 1418 1622 1457 Carthaginiensium
1640 1418 1679 1447 ad
1694 1417 1905 1447 Alexandrum

1198 1461 1251 1496 xii,
1269 1464 1321 1497 13,
1340 1464 1355 1492 1
1381 1461 1419 1490 ad
1436 1459 1595 1490 Romanos
1617 1460 1698 1496 xxxi,
1721 1462 1754 1496 4,
1778 1462 1797 1491 3
1822 1459 1908 1490 Cati-

1198 1503 1350 1534 niensium
1365 1504 1404 1533 ad
1423 1502 1628 1533 Athenienses
1649 1503 1691 1538 iv,
1705 1505 1738 1539 4,
1754 1505 1771 1534 1
1797 1501 1906 1533 Corin-

1199 1546 1330 1576 thiorum
1347 1547 1385 1576 ad
1401 1545 1566 1585 Spartanos
1588 1555 1618 1581 V,
1642 1548 1695 1581 10,
1711 1547 1751 1576 12
1785 1544 1909 1575 Darda-

1199 1599 1306 1618 norum
1321 1589 1359 1618 ad
1376 1588 1576 1618 Ptolemaeum
1593 1586 1805 1629 (Ceraunum)
1826 1587 1908 1623 xxiV,

1198 1634 1230 1666 4,
1260 1635 1280 1662 9
1303 1631 1389 1661 Darii
1418 1630 1541 1671 (primi)
1571 1631 1610 1660 ad
1640 1629 1911 1670 Carthaginienses

1199 1674 1258 1709 xix,
1283 1677 1312 1709 1,
1330 1677 1370 1705 10
1394 1672 1543 1714 Dionysii
1558 1673 1597 1703 ad
1612 1672 1821 1714 Syracusanos
1844 1672 1906 1708 xxi,

1199 1719 1230 1751 2,
1247 1720 1267 1748 6
1290 1716 1437 1746 Eumenis
1460 1716 1500 1745 ad
1520 1715 1719 1756 Antipatrum
1750 1714 1810 1751 xiv,
1831 1717 1862 1751 2,
1884 1717 1905 1747 4

1200 1758 1360 1789 Gallorum
1376 1759 1415 1788 ad
1432 1757 1642 1788 Alexandrum
1679 1758 1731 1793 xii,
1749 1760 1801 1793 13,
1819 1760 1835 1788 1
1866 1758 1907 1788 ad

1199 1801 1390 1841 Antigonum
1420 1800 1608 1841 (juniorem)
1641 1811 1710 1835 xxv,
1742 1803 1772 1836 1,
1800 1803 1819 1831 3
1864 1800 1903 1830 ad

1200 1844 1402 1874 Ptolemaeum
1419 1842 1629 1883 (Ceraunum)
1647 1844 1727 1878 xxiv,
1741 1846 1772 1877 5,
1787 1845 1803 1873 1
1821 1841 1908 1873 Grae-

1199 1897 1302 1916 corum
1319 1887 1357 1916 ad
1374 1886 1554 1926 Philippum
1571 1885 1736 1926 (primum)
1764 1885 1827 1920 viii,
1839 1887 1871 1920 4,
1886 1887 1905 1916 3

1200 1928 1341 1959 Corinthi
1365 1928 1405 1965 ix,
1423 1932 1453 1964 5,
1470 1931 1486 1959 1
1513 1928 1732 1969 Hispaniarum
1747 1928 1786 1957 ad
1810 1926 1907 1958 Alex-

1200 1972 1327 2000 andrum
1351 1971 1403 2007 xii,
1420 1973 1472 2006 13,
1489 1973 1505 2001 1
1531 1970 1678 2000 Italorum
1705 1970 1743 1999 ad
1769 1969 1906 2000 Alexan-

1199 2013 1299 2050 drum,
1314 2013 1389 2042 ibid.
1413 2013 1451 2042 ad
1469 2013 1621 2053 Pyrrhum
1644 2012 1728 2047 xxiii,
1744 2014 1775 2047 3,
1789 2016 1807 2043 5
1846 2011 1906 2042 La-

1199 2055 1456 2085 cedaemoniorum
1472 2056 1511 2084 ad
1527 2054 1732 2085 Athenienses
1768 2054 1801 2090 ii,
1817 2056 1869 2090 15,
1885 2057 1904 2085 3

1199 2103 1230 2127 et
1245 2100 1264 2128 7
1289 2108 1325 2127 ex
1339 2098 1490 2128 sententia
1505 2096 1720 2127 Themistoclis
1732 2096 1906 2126 vinciuntur

1199 2139 1230 2175 ii,
1245 2143 1294 2176 15,
1307 2143 1327 2171 8
1350 2140 1389 2169 ad
1404 2140 1585 2180 Philippum
1606 2139 1670 2174 viii,
1684 2142 1715 2175 4,
1728 2142 1749 2170 6
1772 2138 1905 2169 Locren-

1198 2182 1275 2211 sium
1292 2183 1330 2212 ad
1347 2183 1514 2222 Spartanos
1537 2193 1586 2217 xx,
1602 2184 1633 2217 2,
1661 2184 1700 2213 13
1735 2181 1907 2222 Megabyzi

1198 2225 1237 2254 ad
1254 2225 1422 2266 Amyntam
1438 2225 1565 2255 Maced.
1588 2228 1738 2254 necantur
1771 2224 1822 2259 vii,
1839 2226 1871 2260 3,
1885 2227 1906 2255 7

1198 2267 1424 2297 Messeniorum
1455 2267 1494 2297 ad
1535 2266 1687 2307 Pyrrhum
1722 2276 1792 2301 xxV,
1823 2268 1855 2302 4,
1884 2269 1906 2298 4

1198 2309 1336 2350 Philippi
1368 2309 1393 2339 l.
1424 2309 1463 2339 ad
1492 2307 1700 2339 Athenienses
1736 2308 1801 2344 viii,
1828 2311 1860 2343 4,
1884 2311 1905 2341 2

1199 2352 1339 2393 Philippi
1357 2351 1420 2383 111.
1444 2352 1482 2381 ad
1499 2350 1704 2381 Hannibalem
1722 2361 1740 2381 a
1754 2350 1909 2381 Romanis

1198 2395 1362 2435 capiuntur
1375 2400 1406 2425 et
1421 2394 1618 2424 dimittuntur
1641 2394 1721 2430 xxix,
1739 2397 1769 2430 4,
1783 2396 1803 2424 2
1820 2393 1904 2424 Pho-

1198 2438 1334 2467 censium
1352 2438 1390 2466 ad
1407 2436 1586 2478 Philippum
1602 2436 1667 2472 viii,
1680 2439 1711 2471 4,
1724 2439 1744 2467 6
1769 2436 1906 2466 Phraha-

1198 2479 1236 2509 tis
1267 2480 1306 2510 ad
1337 2480 1489 2510 Caesarem
1526 2479 1590 2515 xlii,
1615 2483 1646 2514 5,
1675 2481 1694 2510 8
1729 2478 1840 2520 Pyrrhi
1866 2479 1906 2509 ad

1198 2521 1390 2562 Antigonum
1429 2533 1498 2556 xxV,
1526 2525 1557 2556 3,
1586 2524 1601 2553 l
1641 2521 1836 2551 Rhodiorum
1865 2521 1905 2551 ad

1198 2555 1356 2594 Romanos
1394 2575 1463 2600 xxx,
1490 2567 1520 2599 3,
1553 2568 1570 2595 5
1618 2562 1829 2593 Romanorum
1864 2564 1905 2594 ad

1198 2607 1324 2637 AEtolos
1340 2607 1447 2642 xxviii,
1467 2609 1497 2642 l,
1510 2611 1528 2637 5
1546 2607 1711 2646 superbum
1726 2615 1906 2646 responsum

1197 2650 1331 2680 referunt
1365 2650 1467 2684 xxviii,
1489 2652 1508 2680 2
1533 2659 1587 2688 per
1612 2653 1667 2678 tot.
1702 2648 1734 2678 in
1769 2648 1906 2678 Africam

1197 2693 1279 2728 xxxi,
1306 2695 1338 2728 2,
1366 2695 1380 2722 l
1421 2693 1460 2721 ad
1492 2690 1683 2721 Antiochum
1718 2690 1799 2726 xxxi,
1828 2693 1857 2726 1,
1884 2693 1904 2722 2

1197 2735 1305 2764 iterum
1330 2734 1409 2769 xxxi,
1425 2737 1457 2770 4,
1473 2736 1492 2765 4
1516 2733 1722 2763 Hannibalem
1752 2733 1816 2771 regi
1840 2743 1906 2763 sus-

1197 2783 1322 2817 pectum
1339 2778 1472 2807 reddunt
1495 2776 1575 2812 xxxi,
1590 2778 1622 2811 4,
1638 2778 1659 2806 9
1692 2775 1723 2805 in
1752 2774 1905 2806 Graeciam

1197 2820 1297 2856 xxxiv,
1316 2822 1345 2855 1,
1363 2823 1380 2850 5
1405 2819 1557 2848 violantur
1579 2819 1618 2848 ab
1642 2817 1768 2848 Achaeis
1802 2817 1905 2854 xxxiV,

1198 2865 1228 2896 1,
1257 2866 1277 2893 9
1316 2863 1354 2891 ad
1392 2861 1596 2891 Mithridaten
1640 2866 1672 2890 et
1708 2859 1903 2891 Nicomeden

1196 2904 1310 2939 xxxvii,
1339 2907 1370 2939 4,
1398 2906 1418 2934 4
1449 2903 1580 2933 ludibrio
1606 2903 1757 2933 habentur
1793 2901 1903 2937 xxxvii,

1198 2950 1230 2983 4,
1246 2951 1267 2979 9
1289 2946 1451 2978 Sardorum
1468 2946 1506 2976 ad
1523 2945 1734 2977 Alexandrum
1749 2944 1802 2981 xii,
1820 2947 1871 2982 13,
1885 2946 1898 2976 l
