2174 3424
576 343 775 374 JUSTiNl
810 344 904 373 ΜΒ.
939 342 989 372 11.
1022 343 1129 374 CAP.
1158 334 1201 374 5.

169 444 280 482 patus,
294 449 337 471 ne
352 438 424 481 quis
445 439 588 480 denique
603 439 704 479 longe
719 437 865 470 fuisse&

169 491 273 527 Schts.

211 542 228 582 ᾧ
246 543 264 571 3
291 540 353 575 Qui
368 549 504 571 reversos
525 549 593 570 cum
607 538 752 579 victoria]
773 538 864 570 Illud

169 601 236 623 cum
252 602 282 622 υ.
299 591 434 623 delend.
449 601 525 621 nam
538 595 573 621 et
585 591 693 621 minus
708 591 865 622 Latinum

169 646 234 679 est,
249 645 284 672 et
301 651 342 672 ex
354 641 444 672 linea
463 640 623 672 inferiore
639 641 703 672 huc
721 641 865 671 transla-

168 695 240 722 tum
254 690 319 722 fuit
336 701 397 731 per
409 691 668 731 incogitantiam
679 691 865 731 exscripto-

169 741 227 772 ris.
250 741 330 772 Fab.

212 792 231 832 ξ
247 794 266 822 4
297 791 501 822 Domitiorum
518 791 607 831 jure]
646 791 866 822 Dominiorum

170 841 262 873 forte
287 842 422 882 scripsit
448 842 588 880 Noster,
610 846 648 872 ut
663 842 742 873 Seu.
759 851 800 873 11.
819 842 863 872 N.

169 892 212 925 Q.
228 895 280 923 32.
303 893 312 909 ‘
326 893 388 924 Jus
404 892 677 933 dominiumque.'
704 893 800 923 Gron.

221 944 355 977 Verbera
370 945 402 974 in
419 944 524 981 aciem,
539 955 600 975 non
614 955 712 983 arma,
726 944 866 981 adferen-

171 994 228 1035 da]
242 994 359 1026 Juntae
376 1004 449 1025 cum
464 994 703 1034 aliquoteditis
714 995 816 1035 juxta
831 998 868 1025 et

170 1044 256 1076 Mss.
282 1044 398 1075 libris:
433 1054 493 1074 non
515 1045 576 1075 tela
594 1044 749 1082 ferenda:
778 1044 867 1085 quod

170 1095 273 1125 miror
288 1098 454 1125 mutatum
478 1094 520 1125 ab
547 1095 731 1126 editoribus
754 1104 869 1127 recen-

171 1145 324 1176 tioribus.
370 1144 494 1175 ‘Tela’
521 1151 599 1175 sunt
619 1145 746 1186 quaevis
765 1155 868 1186 arma,

172 1201 211 1226 ut
237 1195 317 1227 JCti
347 1200 520 1226 notarunt.
573 1195 641 1226 Pro
667 1196 736 1226 sica
758 1196 870 1236 posuit

173 1245 246 1277 Cic.
262 1254 288 1277 1.
315 1245 391 1276 Cat.
416 1255 476 1286 pro
503 1246 600 1276 hasta
626 1245 692 1276 Ov.
714 1254 788 1277 X1v.
817 1245 868 1276 M.

174 1305 236 1336 pro
252 1305 357 1327 cornu
371 1295 433 1336 uri,
447 1296 498 1326 Id.
511 1305 586 1326 xrv.
598 1295 647 1326 M.
659 1305 719 1335 pro
735 1295 868 1336 lapide:

173 1355 237 1387 pro
255 1345 421 1377 venabulo
444 1346 522 1377 Val.
540 1346 589 1376 M.
606 1355 656 1376 vr.
670 1348 700 1376 3.
716 1355 779 1386 pro
795 1345 870 1376 fun-

174 1395 219 1427 da
255 1396 328 1428 Liv.
356 1405 491 1427 xxvm.
527 1397 536 1413 ‘
551 1396 677 1427 Fundis
715 1401 754 1426 ut
781 1405 871 1426 nune

175 1446 369 1486 plurimum,
384 1447 432 1477 ita
455 1451 536 1477 tunc
551 1447 622 1477 solo
646 1455 686 1476 eo
709 1446 779 1476 telo
796 1450 871 1477 ute-

175 1495 324 1527 bantur?
366 1496 457 1527 Plin.
484 1505 536 1527 lx.
560 1500 613 1528 45.
636 1495 790 1526 ‘solidas
813 1496 871 1526 ha-

174 1545 259 1577 bent
278 1547 431 1587 ungulas,
445 1556 521 1587 quae
542 1555 607 1576 non
624 1550 703 1577 sunt
719 1546 871 1586 cornige-

178 1605 240 1628 ra:
263 1596 366 1637 igitur
381 1597 429 1627 eis
446 1597 549 1627 telum
565 1597 689 1637 ungula
704 1596 779 1627 est!
803 1596 870 1627 Ov.

178 1656 228 1678 vr.
251 1647 302 1678 M.
322 1650 394 1678 686.
419 1647 462 1678 de
486 1647 617 1678 Borea:
643 1646 755 1679 ‘Quid
782 1646 871 1677 enim

176 1707 253 1729 mea
267 1698 336 1729 tela
359 1698 490 1738 reliqui,
514 1697 686 1728 Saevitiam
709 1702 745 1728 et
771 1697 873 1737 vires,

177 1747 328 1788 iramque
345 1748 540 1788 animosque
562 1747 741 1778 minaces?¹
766 1747 873 1780 Groev.

176 1797 219 1828 In
236 1798 437 1829 collectione
460 1797 661 1828 variantium
687 1799 798 1829 Lectt.
815 1807 873 1838 po-

175 1847 276 1878 situm
293 1852 355 1887 est,
369 1858 430 1879 non
451 1849 524 1887 teba,
539 1847 628 1889 quod
645 1847 780 1888 quidem
802 1848 872 1880 scio

176 1906 248 1928 esse
265 1897 527 1937 Latinissimum,
542 1902 577 1928 et
592 1897 730 1928 Graevio
746 1907 874 1929 summo

176 1951 294 1978 nostro
319 1947 478 1988 probari;
501 1952 615 1978 tamen
640 1947 781 1979 inclinat
805 1948 874 1979 ani-

176 2008 249 2030 mus
280 2003 318 2029 ut
344 1998 398 2029 ed.
427 1999 597 2038 vulgatam
625 1998 803 2038 retineam,
829 1999 873 2030 ob

176 2049 249 2081 haec
263 2049 420 2090 opposita
443 2059 490 2080 sc.
515 2051 597 2090 (non
611 2059 765 2080 armorum
777 2050 874 2089 jure)

177 2100 254 2140 (sed
269 2100 459 2130 dominorum
462 2102 495 2138 ),
519 2098 668 2139 (verbera
681 2099 768 2139 illis)
793 2109 874 2140 ergo

177 2149 262 2190 (non
277 2159 366 2180 arma
381 2149 585 2189 adferenda).
630 2149 672 2180 Id
688 2150 777 2191 quod
795 2150 875 2181 arti-

181 2199 262 2231 fices
303 2200 465 2232 rhetorici
502 2200 589 2232 haud
625 2201 876 2241 improbabunt.

177 2250 267 2281 Nam
283 2250 420 2290 figuram
450 2250 543 2291 sequi
566 2249 684 2282 debuit
709 2251 876 2292 Justiuus,

178 2300 235 2341 qui
250 2304 286 2331 et
300 2300 415 2331 rhetor
431 2299 496 2332 fuit
512 2300 566 2342 (ut
579 2310 621 2332 ex
636 2300 774 2332 infinitis
788 2311 877 2342 pene

177 2351 259 2382 locis
287 2350 440 2382 olfecisse
465 2350 617 2392 videor):
644 2351 734 2393 quod
762 2351 877 2384 facere

178 2410 244 2432 non
258 2401 398 2441 poterit,
409 2400 473 2432 nisi
489 2401 516 2432 si
532 2401 607 2434 iisd.
623 2402 735 2434 verbis
751 2407 877 2436 utatur.

180 2451 259 2483 Fab.

227 2500 364 2532 Verbera
377 2501 410 2532 in
431 2501 538 2542 aciem,
557 2512 617 2533 non
631 2512 730 2542 arma,
746 2503 878 2544 afferen-

179 2551 235 2591 da]
257 2550 298 2582 In
314 2551 560 2593 antiquioribus
576 2552 652 2584 edd.
668 2553 766 2585 Junt.
784 2558 879 2594 puta,

180 2601 287 2633 Bech.
311 2601 399 2633 Sich.
427 2601 493 2633 imo
509 2602 592 2633 etin
610 2603 765 2644 quibusd.
794 2605 878 2636 MSS.

182 2661 244 2692 pro
259 2661 346 2682 arma
361 2656 413 2683 est
427 2653 500 2684 tela.
545 2654 674 2695 Estque
691 2664 758 2686 vox
773 2665 814 2687 ea
828 2666 879 2687 sa-

181 2701 225 2732 tis
237 2702 423 2733 commoda.
460 2703 469 2719 ‘
483 2703 564 2735 Tela
577 2703 585 2716 '
602 2705 692 2736 enim
704 2706 882 2747 cujuscun-

184 2760 251 2792 que
266 2752 398 2792 generis
414 2762 507 2783 arma
530 2753 661 2792 dicunt,
685 2755 805 2796 quibus
822 2767 879 2788 oc-

183 2802 251 2833 cidi
264 2802 383 2844 aliquis
395 2808 452 2835 aut
467 2806 635 2845 prosterni
645 2812 772 2847 potest.
803 2810 880 2841 Nec

185 2856 314 2884 tantum
329 2863 404 2894 quae
421 2855 551 2886 eminus
568 2856 757 2898 jaciuntur,
771 2859 829 2890 sed
845 2864 880 2891 et

185 2901 306 2943 quibus
345 2904 494 2936 cominus
530 2911 712 2948 pugnatur,
746 2909 878 2950 ipsique

1526 332 1611 375 667

914 438 1018 478 gladii
1046 442 1081 469 et
1119 447 1266 477 secureS‚
1301 437 1407 470 ‘tela'
1438 438 1611 472 dicuntur.

917 488 1008 529 Nep.
1037 488 1172 518 Datam.
1197 488 1338 519 ‘Telum
1365 488 1455 529 quod
1480 489 1612 521 latebat

916 539 1071 580 protulit,
1107 538 1337 580 nudatumque
1366 540 1486 580 vagina
1513 545 1610 572 veste

917 589 1029 621 texit.'
1061 589 1134 620 Vor.

957 640 1003 680 §5
1022 639 1240 680 Percuterunt]
1254 638 1311 670 Ita
1323 639 1406 670 Mss.
1425 640 1554 672 Herod.
1566 649 1612 672 ιν.

916 694 946 723 4.
961 691 999 721 Οἱ
1014 691 1040 721 δ’
1057 690 1272 729 ἐκπλαγέντες.
1295 691 1400 730 Bong.

960 741 1398 782 Fugamque...capesserent]
1429 741 1484 773 Sic
1507 750 1556 771 vl.
1583 744 1614 772 3.

917 792 927 809 ⁴
942 792 1111 832 Spartiani
1130 792 1296 833 [Spartani
1307 793 1451 823 rectius:
1477 792 1536 822 sed
1552 792 1614 823 La-

915 844 1092 874 cedoemonz'z·
1120 843 1324 884 rectissime]
1354 841 1469 883 fugam
1496 851 1614 882 capes-

917 893 1019 924 sunt!
1047 893 1146 925 Gron.

960 945 977 984 ς
995 946 1014 974 8
1036 944 1183 984 Jancyri]
1206 944 1255 974 Ea
1280 947 1333 974 est
1359 952 1417 974 sex
1433 943 1519 974 Mss.
1538 953 1617 974 con-

919 997 1012 1024 stans
1027 994 1109 1024 lect.
1158 993 1258 1024 Hunc
1279 1003 1393 1033 regem
1412 993 1512 1024 Oros.
1529 1003 1568 1025 11.
1584 997 1616 1024 8.

918 1048 1017 1074 vocat
1030 1042 1468 1083 ‘Attyrum.’Ms.Accz·rum.
1484 1043 1614 1075 Herod.

918 1102 968 1124 lv.
995 1096 1069 1124 123.
1091 1091 1289 1135 Ἰνδάθυρσον.
1314 1094 1371 1135 qui
1396 1099 1432 1125 et
1455 1093 1617 1125 Σκώπασιν

920 1147 955 1175 et
969 1142 1107 1184 Τάξακιν,
1134 1144 1275 1175 duarum
1303 1144 1441 1175 aliarum
1468 1144 1617 1185 Scythiae

919 1195 1068 1236 partium
1086 1205 1193 1235 reges,
1208 1200 1461 1227 commemorat.
1492 1196 1618 1227 Ctesiae

920 1255 949 1276 e.
966 1247 1016 1277 17.
1039 1244 1212 1287 Σκυθάρκης
1223 1246 1370 1277 dicitur:
1393 1246 1402 1262 ‘
1415 1245 1618 1286 Antriregy-

919 1295 993 1326 rus'
1023 1296 1189 1328 Jornandi
1224 1297 1259 1327 in
1290 1295 1420 1327 Geticis
1456 1305 1532 1336 cap.
1564 1299 1617 1327 10.

919 1346 1077 1385 Btmgars.
1120 1346 1188 1387 Ap.
1203 1346 1413 1395 Jornandem
1430 1351 1539 1377 tamen
1556 1356 1617 1386 pro

920 1397 1161 1437 Antrz'regyrus,
1187 1397 1288 1428 Grut.
1315 1407 1333 1427 e
1355 1397 1437 1428 Mss.
1455 1397 1620 1427 Palatinis

920 1446 1077 1486 Jancyrus
1088 1446 1275 1477 substituit.
1321 1445 1386 1486 Ap.
1403 1445 1620 1476 Herodotum

922 1505 1003 1526 vero
1030 1494 1218 1536 Ἰνδάθυρσος
1232 1495 1256 1526 f.
1280 1505 1341 1535 pro
1363 1494 1556 1535 Ἰνδάθουρος,
1583 1500 1619 1526 et

922 1554 978 1585 ap.
1007 1546 1170 1576 Nostrum
1192 1547 1347 1587 Jancyrus
1362 1556 1422 1586 pro
1438 1546 1621 1586 Indatyrus,

923 1595 977 1625 vel
995 1595 1195 1636 Idunthyrus,
1220 1596 1384 1636 scriptum
1408 1595 1455 1627 ait
1481 1597 1523 1626 cl.
1548 1596 1620 1626 Sal-

923 1655 1004 1676 mas.
1023 1645 1066 1676 ad
1087 1646 1193 1677 SolIH.
1215 1648 1288 1678 846.
1316 1646 1358 1677 A.
1377 1650 1407 1677 1.
1433 1646 1621 1687 Ἰδανθούρας

924 1700 975 1727 est
1000 1706 1122 1727 nomen
1146 1696 1235 1727 illius
1261 1697 1413 1737 Scythici
1445 1697 1533 1738 regis
1563 1707 1618 1737 ap.

925 1746 1145 1778 Clementem.
1161 1747 1346 1778 Berneccer.
1383 1747 1529 1779 Omnino
1542 1747 1622 1777 scri·

924 1796 1026 1827 bend.
1043 1797 1201 1838 Idantyrz'.
1247 1797 1427 1829 Herodoto
1453 1802 1506 1828 est
1527 1796 1619 1828 Ἰνδά-

925 1850 1047 1887 θυρσος,
1061 1852 1099 1878 ut
1113 1853 1149 1878 et
1166 1847 1309 1879 Arriano
1325 1848 1384 1880 lib.
1400 1856 1465 1880 vu.
1481 1849 1621 1880 Strabo-

923 1897 958 1928 ni
983 1896 1182 1938 Ἰδάνθυρσος.
1219 1899 1404 1931 Plutarcho
1429 1900 1463 1930 in
1486 1899 1620 1940 Apoph.

924 1946 1103 1988 Ἰδάθυρσος.
1141 1948 1263 1980 Multis
1280 1949 1368 1980 enim
1385 1949 1556 1980 vocabulis
1572 1951 1621 1980 in-

923 1998 1046 2029 seritur
1062 1997 1207 2038 εὐφωνίας
1223 2008 1318 2039 ergo,
1340 2004 1374 2030 et
1390 2000 1551 2040 plenioris
1568 2005 1619 2031 to-

922 2049 969 2089 ni,
979 2049 1016 2080 τὸ
1031 2061 1065 2088 ν;
1089 2054 1138 2089 ut,
1155 2049 1264 2082 Ἀτέας
1276 2049 1415 2090 Ἀντέας,
1430 2050 1558 2090 'Aptans
1567 2051 1622 2082 '‘A-

922 2110 1040 2139 μινσος,
1065 2100 1257 2140 Thymodas
1284 2101 1515 2141 Thymondas,
1531 2101 1623 2132 Indi-

924 2154 1020 2190 getes
1037 2150 1246 2191 Indigentes,
1262 2150 1447 2191 Carpetani
1473 2151 1623 2191 Carpen-

925 2200 1008 2239 tani,
1024 2200 1169 2231 Callatia
1193 2201 1374 2242 Callantia‚
1399 2206 1435 2233 et
1459 2205 1534 2234 600.
1551 2203 1622 2243 ejus

925 2251 1070 2290 generis.
1098 2251 1185 2283 Voss.
1232 2252 1285 2282 Ex
1301 2252 1409 2283 tribus
1421 2253 1505 2284 Mss.
1518 2252 1623 2293 Angli

925 2308 1151 2342 reposuerunt
1173 2304 1344 2345 Janthyri:
1368 2308 1407 2335 ut
1422 2305 1550 2336 nullum
1566 2305 1625 2336 du-

925 2352 1016 2384 bium
1039 2354 1096 2394 sit,
1120 2354 1255 2394 legend.
1280 2364 1352 2386 esse
1379 2364 1454 2386 cum
1480 2356 1623 2387 Salmas.

926 2410 961 2435 et
992 2404 1091 2436 Voss.
1130 2405 1309 2446 Idanthyrz',
1348 2410 1407 2437 aut
1444 2406 1623 2446 Indalhyri.

927 2454 1043 2486 Graev.
1067 2455 1112 2486 Is.
1127 2455 1226 2487 Voss.
1242 2455 1378 2495 legend.
1395 2460 1513 2486 censet
1530 2456 1624 2487 Idan-

926 2506 1001 2546 tyri.
1047 2505 1148 2538 Quod
1171 2510 1250 2537 ante
1272 2509 1307 2537 et
1327 2506 1491 2537 Salmasio
1516 2506 1623 2537 visum

927 2555 1040 2586 fuerat
1055 2556 1088 2586 in
1101 2556 1226 2586 Exere.
1239 2555 1280 2586 ad
1291 2556 1397 2587 Solin.
1414 2565 1447 2596 p.
1461 2558 1535 2587 846.
1578 2558 1625 2588 Et

927 2604 1011 2637 facit
1035 2606 1100 2636 huc
1130 2605 1281 2636 nonnihil
1308 2615 1430 2637 nomen
1455 2606 1624 2646 Ἰανδύσου,

927 2656 1130 2697 Scytharum
1161 2656 1263 2697 regiS,
1294 2657 1384 2697 quod
1415 2667 1458 2688 ex
1486 2657 1624 2689 Arriani

928 2706 1097 2738 Parthicis
1121 2710 1286 2738 memorat
1312 2707 1469 2739 Photius.
1525 2708 1626 2740 Cete-

928 2766 999 2787 rum
1017 2757 1050 2787 in
1064 2756 1123 2788 lib.
1145 2757 1269 2788 Rerum
1284 2755 1477 2788 Indicarum
1494 2767 1537 2788 ex
1550 2758 1625 2789 Me·

929 2806 1091 2846 gasthene
1106 2805 1266 2836 Arrianus
1280 2805 1464 2846 Ἰνδᾶθυρσιν
1484 2807 1625 2848 Scytha-

929 2866 1003 2887 rum
1031 2866 1147 2896 regem
1172 2856 1333 2887 nominat.
1377 2856 1475 2889 Quod
1502 2867 1625 2888 nomen

927 2908 1011 2939 nihil
1025 2907 1098 2940 fere
1113 2907 1285 2948 discrepat
1299 2906 1340 2939 ab
1355 2916 1395 2939 eo
1411 2906 1499 2949 quod
1515 2908 1549 2939 in
1566 2907 1623 2940 lib.
