2174 3424
613 372 808 403 JUS'l‘lNl
847 373 936 401 ΜΒ.
971 372 1032 401 vr.
1064 373 1169 402 (mr.
1201 362 1242 403 8.
1562 362 1647 403 7:37

205 468 285 509 quid
302 468 404 499 etiam
427 467 472 498 de
497 465 761 498 Atheniensibus
776 475 900 497 memo-

205 523 258 550 rat
272 517 424 558 Thucyd.
441 527 489 549 lv.
505 520 536 549 9.
551 520 602 547 18.
626 517 724 548 Bern-

247 569 337 600 CAP.
348 577 413 599 vn.
459 569 477 608 ξ
495 571 509 598 1
539 567 646 598 Tacito
659 576 802 598 consensu
813 566 903 597 indu-

203 619 276 659 cioe]
300 620 385 652 Quae
401 620 409 636 ‘
425 619 570 650 induciae
589 619 704 650 tacitae
715 619 724 632 ¹
742 618 903 650 dicuntur

207 669 305 701 Livio
321 678 362 700 11.
379 672 431 701 18.
441 672 494 700 24.
510 673 546 700 et
563 677 672 699 xxm.
684 671 738 700 46.
750 673 781 699 5.
799 669 903 707 Bong.

206 721 264 751 Eae
282 724 361 750 sunt
380 729 469 760 quae,
486 720 558 750 sine
577 724 691 760 pacto,
714 724 832 750 mutuo
848 729 903 750 ve-

208 770 260 801 lut
273 779 437 801 consensu
453 769 550 801 fiunt.
576 770 673 801 Rern.

250 821 267 860 ξ
283 823 302 850 2
327 820 492 860 Principio
507 820 620 859 noctis]
654 819 734 851 Vid.
752 819 846 851 Plut.
861 819 905 850 A-

208 870 351 911 gesilao:
377 870 528 902 Frontin.
547 880 571 902 1.
585 871 693 901 Strat.
711 873 761 901 11.
780 870 882 909 Bong.

251 921 270 962 ξ
286 923 306 952 4
332 922 377 952 Et
390 923 551 962 adversus,
566 922 632 962 εμπ]
668 922 793 952 Lector
816 920 906 961 cogi-

209 974 274 1010 tet,
290 980 368 1001 num
385 971 470 1002 bene
495 971 598 1002 habet
614 980 772 1001 numerus
788 972 908 1000 eentum

209 1020 323 1061 effoetae
359 1021 464 1052 aetatis
492 1022 641 1060 virorum,
673 1020 730 1061 qui
767 1029 827 1051 xv.
856 1020 906 1050 M.

210 1071 450 1102 Thebanorum
473 1082 493 1103 a
517 1072 652 1112 Spartae
675 1070 840 1102 moenibus
858 1080 908 1101 ar-

211 1121 353 1154 cuerint.
381 1123 473 1153 Glar.

254 1173 272 1212 §
288 1175 306 1202 7
331 1174 414 1202 Ante
442 1171 537 1211 diem]
587 1172 654 1202 ΜΒ.
690 1172 801 1211 Bong.
833 1170 910 1202 dies.

213 1223 313 1255 Quod
331 1223 438 1261 malo;
461 1231 537 1252 nam
553 1221 602 1252 sic
625 1221 696 1254 Jul.
710 1221 860 1260 Capitol.
877 1220 910 1250 in

213 1274 346 1305 Pertin.
362 1277 414 1306 15.
431 1275 440 1292 ‘
453 1274 568 1305 Stellae
584 1273 685 1304 etiam
696 1272 797 1313 juxta
807 1273 911 1303 solem

215 1324 380 1365 perdiem
406 1324 488 1355 visae
513 1328 591 1355 sunt
612 1324 805 1355 clarissima·
832 1328 911 1354 ante

215 1375 300 1414 dies,
315 1385 413 1416 quam
430 1374 574 1405 obiret:’
597 1379 633 1405 et
657 1374 784 1406 Julian.
803 1374 913 1406 JCtus

217 1425 251 1456 in
268 1425 306 1456 L.
324 1428 376 1456 17.
401 1425 444 1455 D.
462 1424 504 1455 de
519 1425 670 1455 Manum.
685 1425 837 1455 Testam.
853 1424 870 1464 ξ
884 1427 914 1454 1.

214 1475 223 1492 ‘
239 1475 325 1506 Post
337 1485 440 1505 annos
450 1475 537 1506 liber
547 1484 619 1505 esse
630 1473 768 1514 jussus.'
786 1474 915 1505 Noster

219 1534 282 1556 xx.
298 1529 329 1557 5.
352 1527 361 1543 ‘
376 1525 466 1556 Ante
491 1525 651 1555 mensesz'
675 1528 711 1555 et
736 1532 867 1554 xxxvr.
886 1526 915 1554 1.

219 1575 229 1592 ‘
248 1575 446 1614 Interjectis
471 1573 674 1605 mensibusz’
697 1577 734 1605 et
765 1582 860 1605 XLiv.
884 1576 916 1605 4.

217 1625 227 1642 ‘
242 1625 329 1655 Post
344 1623 444 1655 dies.'
489 1625 537 1655 Ut
553 1627 589 1654 et
604 1632 630 1655 1.
652 1624 844 1663 Reg.xv11.
865 1626 917 1655 74.

219 1673 362 1713 Ἐγένετο
389 1674 454 1713 μεθ’
479 1672 603 1714 ἡμέρας,
628 1679 663 1704 et
691 1674 733 1705 D.
760 1675 869 1705 Lucas
885 1675 918 1705 in

221 1726 348 1765 Evang.
366 1734 443 1755 xxr.
460 1728 510 1755 11.
535 1723 623 1754 Κατὰ
636 1723 760 1755 τόπους.
779 1724 876 1756 Gron-

265 1776 282 1816 ξ
298 1779 318 1806 9
342 1775 410 1805 Nec
426 1775 537 1805 bellum
552 1775 606 1805 diu
621 1775 769 1815 dilatum]
804 1774 922 1806 Prceli-

221 1835 277 1856 um
295 1824 336 1855 ad
354 1825 581 1863 Mantineam,
608 1824 650 1855 de
667 1834 732 1865 quo
749 1825 838 1855 Xen.
854 1834 921 1857 vn.

221 1875 326 1907 Diod.
358 1883 421 1906 xv,
454 1877 506 1905 84.
543 1875 637 1906 Plut.
671 1873 846 1914 Agesilao,
886 1878 922 1905 et

226 1924 360 1965 Apoph.
372 1925 497 1954 Lacon.
522 1923 653 1954 Probus
666 1924 919 1964 Epaminonda:

223 1976 328 2007 Paus.
348 1975 534 2006 Boeoticis:
558 1975 671 2006 Strab.
685 1984 765 2006 vm.
788 1975 923 2006 Praeter

223 2035 306 2066 quos
323 2025 365 2056 de
383 2025 625 2066 Epaminondae
639 2029 748 2056 morte
762 2025 922 2065 legendus

227 2076 299 2107 Cic.
317 2076 412 2106 Fam.
426 2084 460 2106 v.
478 2078 530 2106 12.
554 2076 629 2107 Val.
648 2076 699 2106 M.
716 2085 771 2106 111.
786 2078 818 2107 2.
842 2076 923 2106 AEli-

225 2135 278 2158 an.
294 2135 362 2157 xn.
381 2126 425 2156 V.
443 2126 489 2156 H.
503 2128 534 2157 3.
550 2126 654 2157 Paus.
670 2125 797 2157 Atticis
814 2129 850 2156 et
861 2125 923 2157 Ar-

226 2177 365 2217 cadicis,
392 2186 490 2218 quem
517 2177 673 2217 sequitur
701 2176 804 2208 Oros.
821 2186 876 2208 111.
894 2180 925 2208 2.

226 2227 306 2258 Huc
322 2236 428 2268 usque
443 2227 531 2258 Xen.
547 2227 642 2267 cujus
658 2227 832 2258 historiam
848 2237 924 2268 pro-

226 2278 382 2319 sequitur
394 2278 501 2309 Diod.
518 2287 579 2310 xv.
602 2283 638 2310 et
654 2278 829 2310 Gemistus
845 2279 924 2309 Ple-

227 2328 296 2360 tho.
318 2329 424 2368 Bong.

271 2380 289 2420 ξ
306 2382 346 2409 10
373 2379 481 2410 Tenerz'
496 2389 555 2410 mm
569 2379 686 2420 potuit]
707 2379 790 2419 Pro,
806 2382 925 2410 tenere

230 2439 266 2462 se
282 2439 348 2461 non
364 2431 490 2471 potuit.
536 2430 714 2461 Passivum
731 2440 792 2470 pro
813 2431 926 2461 activo

230 2490 306 2512 cum
323 2482 523 2521 pronomine
538 2481 714 2521 reciproco
728 2491 735 2511 :
760 2485 798 2511 ut
814 2481 927 2511 ‘exer-

231 2530 301 2562 ceri
317 2530 505 2570 luctando‚'
521 2540 595 2570 pro,
611 2539 772 2561 exercere
789 2540 843 2561 se:
860 2531 868 2547 ‘
881 2531 928 2561 la-

232 2581 328 2621 vari‚'
359 2590 436 2621 pro,
460 2582 575 2611 lavare
603 2590 651 2611 se.
689 2581 761 2611 Cic.
780 2589 855 2611 xvr.
885 2580 929 2611 ad

233 2631 389 2663 Fam.24.
404 2631 490 2661 ‘Vix
507 2635 627 2662 teneor
638 2630 717 2672 quin
735 2629 929 2661 accurram.'

234 2680 301 2713 Ov.
326 2690 375 2712 lv.
401 2681 503 2712 Pont.
531 2684 560 2713 1.
583 2682 591 2698 ‘
607 2681 684 2712 Non
713 2681 825 2721 potuit
854 2690 931 2711 mea

232 2739 339 2770 menS,
351 2735 441 2762 esset
455 2731 535 2772 quin
552 2735 662 2771 grata,
675 2730 806 2762 teneri!
836 2730 909 2762 Vor.

283 2781 360 2821 §12
385 2781 451 2812 His
477 2791 516 2812 ex
545 2783 648 2812 dolore
676 2785 842 2821 metus,et,
866 2782 934 2822 ssa]

235 2829 321 2861 Dele
335 2830 422 2861 istud
438 2835 491 2868 ει,-
514 2841 590 2862 nam
617 2831 789 2872 inelegans
806 2836 870 2871 est,
893 2840 933 2861 ac

235 2885 362 2920 praeter
398 2891 494 2912 nsum
536 2882 687 2913 honestae
722 2882 934 2913 Latinitatis.

238 2929 314 2961 Pub.
345 2931 487 2962 Rectiss.
503 2932 624 2970 Faber,
639 2932 692 2963 cui
708 2933 934 2974 adstipulatur

323 2983 431 3023 Delplc.
444 2988 471 3015 el
490 2985 563 3016 Var.
580 2985 662 3016 Clas.

892 2986 1012 3017 ιΙιιεςίιή.

951 466 1104 499 Juntina.
1129 467 1235 497 Gra-v.

998 517 1050 546 Ex
1064 517 1176 555 placito
1191 516 1348 556 consensu]
1372 517 1405 546 F.
1424 516 1531 555 tacito,
1548 520 1585 547 ut
1597 519 1651 547 est

954 570 990 597 et
1005 567 1069 597 hoc
1082 567 1154 607 ipso
1171 577 1246 607 cap.
1260 577 1292 597 n.
1311 570 1340 599 1,
1357 567 1455 598 Rern.
1503 567 1588 597 Mihi
1601 577 1650 597 se-

955 627 1013 648 cus
1030 617 1178 655 videtur,
1204 622 1307 657 atque
1332 617 1413 647 illud
1438 618 1552 657 placito
1579 622 1651 647 tan·

956 679 1054 710 quam
1079 669 1188 708 glossa
1204 669 1259 699 τοῦ
1283 670 1291 685 ‘
1306 677 1470 699 consensu
1484 667 1491 680 '
1516 667 1652 708 penitus

955 719 1113 759 ejiciend.
1139 720 1148 735 ‘
1165 718 1356 750 Placitum'
1383 727 1457 758 pro,
1485 727 1653 747 consensu

956 769 1114 810 frequens
1133 779 1186 810 ap.
1201 768 1374 800 novissimi
1385 767 1448 799 aevi
1458 767 1654 807 scriptores.

957 817 1062 856 Schef.

1001 869 1090 900 CM».
1108 878 1187 900 vm.
1233 870 1284 910 §l
1313 869 1387 899 Post
1409 877 1522 909 paucos
1546 867 1656 898 deinde

957 919 1034 958 dies,
1049 918 1116 959 ξω]
1153 918 1226 950 Imo
1243 928 1309 950 non
1326 922 1404 959 post
1427 927 1554 958 paucos
1569 917 1656 955 dies,

959 969 1019 1000 sed
1035 969 1149 1000 statim
1178 973 1216 999 ut
1241 979 1260 1000 e
1287 968 1406 1010 praelio
1421 967 1463 998 ad
1479 970 1591 998 castra
1608 977 1658 998 re-

958 1021 1047 1052 latus
1074 1025 1128 1052 est
1153 1020 1295 1050 animam
1312 1018 1453 1050 efflavit.
1498 1018 1599 1051 Quod
1615 1028 1658 1049 ex

959 1070 1107 1101 omnium
1119 1079 1284 1101 consensu
1298 1073 1444 1101 constat.
1464 1068 1550 1100 Voss.
1576 1069 1657 1108 Leg.

961 1121 1039 1151 Post
1053 1121 1144 1161 paulo
1158 1121 1267 1151 deinde
1283 1121 1396 1161 Epam.
1419 1121 1472 1160 &a
1518 1119 1593 1149 Nec
1610 1119 1658 1148 ul-

962 1172 1011 1201 lus
1029 1171 1097 1202 erit
1119 1170 1282 1201 Auctoris
1300 1171 1405 1201 nostri
1430 1170 1473 1201 ab
1496 1170 1570 1201 aliis
1593 1169 1660 1199 dis·

961 1231 1089 1252 sensus.
1135 1221 1334 1262 Eademque
1360 1221 1532 1252 locutione
1552 1220 1661 1250 utitur

963 1272 1036 1303 Liv.
1054 1280 1146 1302 xxu.
1163 1275 1216 1303 00.
1239 1271 1248 1288 ‘
1263 1271 1466 1302 Annibalem
1485 1275 1561 1311 post
1579 1279 1660 1310 pau-

964 1322 995 1352 lo
1012 1321 1172 1353 audistis!
1189 1322 1291 1353 Gran.
1338 1322 1456 1362 Nepos
1473 1325 1508 1352 et
1524 1320 1580 1351 alii
1595 1320 1660 1360 sig-

964 1371 1103 1403 nificant
1118 1372 1232 1403 statim
1247 1382 1266 1402 a
1283 1373 1412 1412 praelio,
1424 1376 1460 1402 et
1477 1381 1577 1412 quam
1594 1371 1663 1410 pri-

964 1433 1054 1453 mum
1072 1423 1308 1453 renunciatum
1325 1426 1416 1453 esset
1431 1421 1553 1452 vicisse
1566 1421 1663 1451 Boeo-

965 1473 1045 1510 tios,
1060 1473 1202 1503 animam
1219 1472 1423 1512 exspirasse.
1452 1472 1526 1502 Vor.

1012 1524 1090 1553 Cum
1106 1532 1162 1563 quo
1174 1522 1266 1562 vires,
1281 1523 1350 1562 ἐξα]
1376 1521 1473 1552 Adeo
1492 1530 1569 1552 vere
1583 1520 1664 1551 Tac.

967 1573 1011 1604 G.
1022 1582 1097 1613 cap.
1110 1575 1161 1603 30.
1171 1573 1179 1588 ‘
1194 1573 1277 1602 Plus
1290 1571 1520 1611 reponendum
1533 1570 1565 1600 in
1579 1569 1665 1600 duce

968 1633 1067 1664 quam
1081 1622 1259 1654 exercitu)
1297 1623 1394 1653 Curt.
1413 1630 1447 1652 x.
1463 1624 1496 1652 6.
1513 1623 1564 1651 13.
1576 1621 1585 1637 ‘
1599 1621 1667 1651 Mi-

968 1674 1078 1705 litaris
1094 1674 1164 1704 sine
1177 1673 1265 1703 duce
1281 1672 1381 1704 turba
1391 1681 1514 1712 corpus
1524 1675 1578 1702 est
1594 1671 1667 1701 sine

970 1725 1106 1756 anima!
1152 1725 1246 1756 Flor.
1271 1733 1310 1755 11.
1328 1727 1377 1755 18.
1398 1727 1450 1754 15.
1475 1725 1483 1739 ‘
1498 1722 1600 1753 Tanti
1617 1726 1670 1752 est

970 1776 1154 1814 exercitus,
1180 1775 1298 1815 quanti
1334 1775 1547 1814 imperator.’
1589 1771 1669 1802 Vid.

970 1827 1046 1857 Val.
1062 1826 1112 1857 M.
1125 1835 1179 1856 111.
1198 1828 1229 1856 2.
1245 1829 1273 1855 5.
1300 1825 1380 1854 Ext.
1404 1823 1505 1853 Bern.

1013 1878 1067 1917 §2
1093 1875 1315 1915 Proefregeris]
1351 1875 1407 1905 Ita
1433 1874 1500 1904 Ms.
1532 1871 1671 1912 rectius,

971 1929 1103 1968 opinor,
1134 1937 1233 1968 quam
1264 1927 1426 1956 hactenus
1453 1923 1549 1962 editi,
1573 1923 1671 1963 ρετ-,ἡκ

971 1979 1026 2010 Ita
1043 1980 1114 2010 Liv.
1132 1988 1213 2010 v111.
1232 1981 1281 2009 10.
1298 1981 1328 2009 4.
1345 1982 1380 2008 et
1396 1985 1516 2007 xxxn.
1540 1978 1591 2006 17.
1621 1978 1671 2005 11.

972 2030 981 2046 ‘
996 2029 1110 2060 hastas
1129 2026 1376 2069 praefi·ingere.’
1400 2026 1450 2058 Id.

1016 2080 1149 2120 Reliquo
1158 2078 1264 2118 ferro]
1302 2078 1343 2109 In
1370 2078 1439 2109 Ms.
1460 2080 1513 2108 est
1537 2075 1673 2114 ferrum,

974 2132 1062 2174 quod
1080 2131 1197 2170 efficit,
1214 2138 1251 2162 ut
1276 2130 1340 2161 hoc
1365 2138 1500 2170 quoque
1524 2127 1675 2167 suspicer

974 2193 1016 2214 ex
1034 2183 1145 2222 glossa
1161 2186 1290 2212 natum.
1335 2180 1423 2211 Sane
1437 2179 1446 2195 ‘
1461 2178 1590 2218 reliquo
1601 2176 1609 2189 '
1624 2177 1675 2207 in-

974 2232 1155 2272 telligend.
1168 2236 1221 2263 est
1237 2232 1278 2262 de
1294 2231 1303 2247 ‘
1319 2229 1409 2269 telo,'
1432 2233 1468 2260 at
1492 2228 1525 2259 id
1539 2237 1604 2258 non
1622 2230 1676 2257 est

974 2281 1102 2313 ferrum
1121 2286 1244 2321 totum,
1257 2281 1317 2311 sed
1332 2289 1449 2311 mucro
1464 2279 1583 2309 solum.
1605 2277 1675 2317 Igi-

974 2335 1030 2363 tur
1044 2331 1256 2372 reliquoferro
1270 2331 1427 2363 Justinus
1445 2329 1595 2360 scribere
1608 2337 1676 2358 non

977 2382 1100 2422 potuit,
1123 2392 1199 2413 cum
1213 2382 1328 2412 demto
1344 2389 1504 2412 mucrone
1520 2380 1579 2411 teli
1603 2378 1680 2409 reli-

977 2441 1077 2473 quum
1094 2431 1138 2462 sit
1154 2432 1292 2471 lignum.
1317 2430 1418 2470 Schef.

1019 2481 1074 2511 Sic
1088 2481 1153 2519 illo,
1166 2481 1247 2511 velut
1262 2490 1401 2511 mucrone
1414 2480 1481 2518 teli,
1496 2478 1563 2519 ξω]
1578 2476 1677 2509 Idem

978 2530 1211 2562 translationis
1228 2540 1333 2570 genus
1349 2529 1457 2560 Tullio
1474 2529 1616 2569 placuit,
1641 2531 1679 2557 ut

979 2591 1041 2622 pro
1059 2581 1200 2612 Caecina
1215 2583 1268 2611 20.
1292 2581 1300 2597 ‘
1316 2580 1384 2611 Hic
1410 2583 1462 2610 est
1488 2588 1604 2609 nmero
1622 2579 1678 2608 ‹le-

980 2631 1145 2662 fensionis
1176 2635 1245 2661 tuae
1260 2630 1279 2661 :'
1309 2634 1344 2661 et
1374 2639 1434 2670 pro
1461 2629 1598 2659 Cluent.
1623 2630 1678 2658 44.

980 2683 989 2699 ‘
1003 2682 1057 2713 Ne
1076 2681 1266 2711 censorium
1287 2680 1414 2720 stilum,
1440 2679 1534 2719 cujus
1551 2687 1679 2708 mucro-

980 2741 1056 2762 nem
1083 2731 1196 2761 multis
1221 2730 1378 2761 remediis
1401 2729 1547 2769 majores
1573 2728 1679 2758 nostri

983 2782 1196 2821 retuderunt,
1213 2790 1310 2822 aeqne
1322 2780 1460 2820 posthac
1472 2784 1574 2819 atque
1586 2779 1679 2809 illum

982 2833 1200 2863 dictatorium
1231 2831 1344 2861 stilum
1383 2827 1681 2870 pertimescamus?

987 2884 1086 2915 Gron.
1132 2882 1301 2913 Demades
1319 2882 1350 2911 in
1369 2880 1467 2911 Orat.
1486 2890 1520 2921 p.
1537 2882 1610 2910 180.
1632 2881 1682 2917 Τῷ

981 2932 1202 2972 Ἐπαμινώνδου
1215 2932 1331 2971 σώματι
1353 2929 1500 2971 συνέθαψε
1521 2930 1578 2966 τὴν
1594 2929 1680 2960 δύνα-

1524 2984 1596 3015 3Λ
