2174 3424
452 343 537 384 744

455 448 675 489 pendentem,
701 458 821 489 agmen
846 450 1058 490 praecedere.
1094 449 1153 481 Ai-

455 498 556 529 moin.
570 498 612 529 de
628 499 745 531 Gestis
757 500 918 532 Francor.
932 501 992 532 lib.
1007 510 1063 533 111.
1078 511 1153 542 cap.

454 552 505 580 81.
524 548 803 581 LimnaeiNotitia
813 551 966 582 Franciae
978 560 1003 582 1.
1013 554 1043 582 8.
1058 552 1156 583 Bern.

499 600 517 640 ᾗ
540 602 560 629 9
581 599 702 638 Antea]
726 599 866 631 Omittit
880 601 1013 632 saresb.

499 649 517 689 ξ
542 651 581 679 10
606 649 659 679 Ex
673 652 803 689 superst.
815 651 881 691 &c.]
897 650 1028 683 Saresb.
1044 650 1053 668 ‘
1064 650 1155 692 quod

456 708 498 729 ex
514 709 587 739 sup.
605 700 658 730 vel
673 699 740 730 fide
756 699 901 731 animum
919 710 951 731 v.
968 700 1012 732 c.’

501 751 518 790 ς
541 753 579 780 11
604 749 705 780 Simul
718 749 770 789 de]
798 749 851 782 Id.
878 750 887 766 ‘
902 750 990 780 Nam
1007 755 1042 781 et
1057 750 1155 781 mise-

457 802 542 832 ratio
559 800 699 832 infantis
721 811 779 832 eos
801 801 961 833 tenebat:
986 802 1156 843 quoniam,

458 853 485 884 si
503 853 583 884 victi
599 850 734 892 esseut:
749 854 814 883 διο.

503 903 668 943 Captivum
683 904 720 934 de
734 913 806 942 rege
823 903 961 943 facturi]
985 904 1040 934 Ita
1062 903 1155 934 Flor.

460 963 503 984 11.
533 956 564 984 6.
595 956 647 985 50.
695 954 704 970 ‘
722 953 891 984 Fecerant
921 953 963 984 de
993 953 1157 984 servitute

459 1003 652 1036 Romanos!
675 1004 818 1035 Freinsh.

501 1056 518 1096 ξ
541 1058 581 1086 13
606 1055 693 1086 Huic
709 1055 878 1096 Amyntas]
900 1055 908 1071 ‘
922 1054 1094 1086 Alcetam‘
1110 1055 1158 1086 in-

460 1105 610 1145 terponit
627 1106 758 1136 Herod.
774 1115 856 1136 vnl.
880 1108 954 1136 139.
977 1110 1012 1137 et
1036 1107 1158 1137 Euseb.

459 1155 493 1185 in
511 1155 634 1187 Chron.
657 1156 815 1195 Bongars.
861 1156 954 1186 Mira
976 1160 1028 1186 est
1046 1160 1161 1187 aucto-

461 1216 533 1236 rum
557 1205 721 1237 dissensio
743 1216 844 1247 super
870 1207 1083 1238 successione
1110 1217 1161 1239 re-

461 1267 539 1297 gum
553 1257 791 1289 Macedonum.
836 1258 916 1289 Vid.
933 1259 1067 1288 omnino
1081 1259 1162 1289 Sca-

460 1308 559 1348 ligeri
578 1309 705 1339 Canon.
722 1308 858 1348 Isagog.
874 1308 933 1339 lib.
950 1317 1005 1339 111.
1030 1309 1128 1339 Ber-n.

504 1359 521 1399 ξ
548 1361 586 1389 14
613 1358 711 1389 Tanta
731 1359 862 1389 vinnium
883 1359 1035 1390 virtutum
1050 1363 1164 1390 nutura

462 1412 641 1439 ornamenta
659 1411 734 1440 data
754 1410 841 1450 sunt]
868 1410 961 1449 Lego
977 1419 1043 1440 orn.
1060 1420 1079 1439 α
1099 1413 1163 1441 nat.

462 1461 536 1491 ὡς.
576 1459 653 1490 Hoc
679 1464 793 1490 tamen
819 1459 889 1490 scio
916 1460 982 1499 legi
1011 1469 1066 1500 ap.
1094 1461 1164 1492 Cic.

463 1510 554 1541 Dial.
570 1509 612 1540 de
630 1509 729 1541 Orat.
762 1510 771 1526 ⁴
786 1510 919 1540 Natura
944 1509 1081 1550 ‹latu1n‚’
1105 1511 1164 1542 sed

463 1569 540 1591 eum
564 1561 586 1590 1.
613 1559 645 1590 in
664 1560 745 1590 vitio
762 1570 834 1591 esse
853 1560 1009 1592 arbitror.
1054 1561 1166 1593 Recte

465 1613 567 1652 enim,
582 1612 708 1652 fateor,
725 1619 761 1644 et
779 1613 898 1644 Latine
913 1613 1060 1645 dlxeris:
1085 1615 1094 1630 ‘
1107 1615 1166 1645 Ti-

464 1665 532 1695 tius
555 1672 591 1695 et
614 1663 760 1695 Maevius
783 1668 905 1695 natura
925 1664 1004 1696 boni
1028 1670 1107 1697 sunt
1130 1669 1167 1696 et

464 1715 637 1753 modesti3’
658 1714 719 1745 sed
736 1724 799 1746 uon
815 1715 888 1746 itid.
906 1715 1021 1747 dicere
1038 1716 1164 1756 possis:

466 1766 543 1796 Hoc
566 1765 645 1795 milii
670 1765 786 1796 datum
813 1771 935 1797 natura
960 1772 1024 1807 est,
1046 1767 1120 1808 sed,
1146 1778 1166 1798 a

466 1822 599 1847 natura.
624 1816 702 1848 Fab.

515 1868 610 1898 Vario
622 1867 807 1898 ludicrorum
813 1867 941 1908 genere]
955 1868 1006 1899 Pu
1013 1873 1047 1900 ta
1055 1879 1094 1900 cu
1101 1879 1168 1910 rsu,

467 1918 568 1956 saltu,
582 1917 678 1957 jactu
696 1918 1031 1958 disci,jaculatione‚
1048 1923 1083 1950 et
1100 1920 1169 1950 luc·

467 1968 608 1999 tatione.
632 1966 809 1999 Πένταθλον
821 1970 830 1986 ‘
841 1969 1103 2010 quinquertium'
1115 1979 1170 2001 vo-

469 2022 559 2050 cant.
584 2019 681 2050 Bern.

514 2070 599 2100 CAP.
616 2079 674 2100 ιιι.
700 2071 716 2110 ξ
736 2073 747 2100 1
773 2070 871 2110 Turpi
886 2069 922 2100 ab
939 2069 1071 2110 Scythia
1085 2070 1168 2110 suga

468 2121 650 2162 summotus]
674 2122 729 2152 Sic
746 2121 788 2152 de
805 2121 883 2152 eod.
906 2122 1013 2152 Dario
1035 2126 1070 2152 et
1096 2132 1169 2163 sup.

472 2182 512 2203 Π.
531 2175 562 2203 3.
579 2175 611 2203 2.
649 2174 657 2189 ‘
674 2172 816 2203 Darium
842 2173 932 2212 turpi
961 2172 1003 2203 ab
1030 2173 1171 2213 Scythia

470 2227 721 2254 summoverunt
736 2222 838 2262 fuga?
868 2223 970 2254 Vorst.

514 2273 735 2313 Megabazum]
760 2271 889 2303 Herod.
901 2282 931 2303 v.
946 2275 995 2303 17.
1008 2276 1062 2303 est
1077 2273 1086 2290 ‘
1098 2273 1171 2304 Mc-

470 2323 644 2364 gabyzus,'
661 2334 680 2354 a
693 2333 758 2365 quo
770 2323 842 2354 haec
855 2324 1005 2354 narratio
1023 2324 1173 2364 petenda

471 2379 535 2405 est.
561 2375 719 2413 Bongars.
762 2374 858 2405 Junt.
877 2374 1081 2414 Megabyzum
1096 2385 1172 2406 cum

473 2427 603 2458 Herod.
630 2427 736 2457 Groev.
760 2426 890 2457 Herod.
909 2431 959 2457 est
976 2426 1172 2467 Μεγάβυζος.

473 2479 589 2510 Quare
617 2477 769 2517 suspicor
796 2477 876 2508 lect.
904 2487 1017 2508 veram
1043 2478 1172 2509 Justiui

472 2538 546 2559 esse
573 2527 791 2566 Megabuzum.
833 2527 907 2558 Nisi
936 2528 1031 2558 malis
1061 2529 1173 2568 Mega-

473 2578 581 2618 byzum
597 2587 672 2608 cum
685 2577 705 2609 J
712 2581 782 2608 unt.
815 2576 918 2615 Schef.

517 2630 533 2669 ξ
559 2632 578 2659 2
602 2629 641 2659 Ιη
661 2627 789 2668 pignus]
813 2628 929 2668 Pra‘p.
953 2628 1017 2659 ista
1040 2629 1176 2660 videtur

474 2679 659 2718 abundare,
687 2688 784 2720 quain
813 2678 886 2719 ipse
913 2678 1016 2710 etiam
1043 2679 1174 2711 Auctor

475 2732 600 2767 omisit,
615 2740 665 2761 xi.
681 2733 729 2761 15.
754 2731 762 2747 ‘
777 2730 816 2761 In
831 2740 929 2770 quam
944 2739 1026 2770 rem,
1037 2732 1173 2763 unicum

477 2783 599 2821 pignus
616 2781 694 2812 fidei
711 2781 827 2821 rcgiae,
841 2780 997 2811 dextram
1015 2791 1050 2812 se
1065 2781 1174 2813 fercn-

477 2832 553 2862 dam
568 2831 763 2862 Alexandro
775 2830 888 2861 darez’
906 2837 941 2862 ct
954 2832 1026 2862 Liv.
1041 2841 1174 2864 xxxvi.

477 2886 531 2913 40.
549 2884 557 2899 ⁴
570 2883 599 2912 A
613 2882 732 2923 quibus
744 2881 878 2912 obsides
889 2882 1069 2913 abduxerit
1081 2884 1175 2924 pacis

478 2932 603 2964 futurae
630 2931 774 2972 pignus.'
813 2931 865 2961 Id.
883 2940 988 2963 xmir.
1008 2935 1059 2964 10.
1105 2934 1114 2950 ‘
1131 2933 1176 2965 Ut

479 2994 540 3016 nec
565 2993 607 3014 cx
634 2984 686 3023 iis,
709 2983 764 3024 qui
786 2988 961 3022 venerant,
978 2992 1177 3025 quemquam

907 352 1047 382 NOTAE
1081 353 1344 385 VARIORUM
1381 357 1428 385 lN

1204 451 1382 492 retineret,
1395 462 1458 484 nec
1473 452 1622 493 obsides,
1639 453 1760 494 pignus
1774 453 1905 486 futuros

1206 500 1297 532 furto
1328 507 1363 533 et
1387 501 1506 535 fraude
1535 504 1677 545 agendae
1704 505 1766 545 rei,
1788 515 1905 545 posce-

1206 552 1284 583 ret.’
1311 553 1411 585 Gron.

1250 605 1266 644 ξ
1291 607 1309 634 3
1332 604 1496 636 ΑάΙιὶὺίἰὶε
1514 606 1548 637 in
1568 606 1740 637 convivium
1760 617 1848 638 suum
1861 607 1907 648 fi-

1206 655 1258 685 liis
1272 658 1302 686 et
1316 656 1478 697 uxoribus]
1502 657 1596 688 Fz'liis
1618 658 1705 689 dixit
1728 668 1801 698 pro,
1825 658 1909 689 filia-

1206 704 1280 736 bus.
1302 707 1449 738 Ennius:
1478 707 1595 738 ‘Filiis
1621 712 1763 748 propter
1789 714 1824 739 te
1850 707 1908 738 ob-

1200 755 1310 795 jecta,
1328 766 1398 787 sum
1416 757 1573 788 innocens
1590 758 1720 789 Nerei.'
1764 758 1909 799 Legitur

1207 810 1243 836 et
1258 807 1266 822 ‘
1279 806 1378 845 Diis,'
1391 817 1466 847 pro,
1478 808 1629 839 Deabus.
1652 808 1732 839 Vid.
1742 809 1910 841 Priscian.

1207 867 1275 888 vn.
1307 859 1464 897 Bongars.
1508 860 1576 891 Hic
1598 870 1661 901 ego
1678 864 1714 891 ut
1727 870 1792 892 non
1808 870 1910 901 nega-

1209 909 1313 938 verim
1331 918 1386 949 ap.
1411 909 1594 949 scriptores
1620 910 1741 951 quosd.
1765 911 1910 942 inveniri

1209 958 1321 989 ‘filiis’
1348 969 1421 999 pro,
1450 958 1598 999 filiabus,
1627 960 1911 1001 quemadmodum

1209 1009 1218 1024 ‘
1233 1009 1323 1040 Diis’
1345 1019 1417 1049 pro,
1445 1010 1606 1049 Deabus;
1631 1011 1680 1042 ita
1702 1011 1757 1043 hic
1774 1012 1910 1052 legend.

1210 1060 1342 1090 omniuo
1359 1060 1515 1091 existimo
1531 1061 1601 1092 adh.
1625 1061 1658 1092 z'n
1683 1072 1768 1092 conv.
1790 1063 1855 1093 suis
1876 1072 1913 1094 ac

1201 1110 1271 1151 filii
1284 1121 1339 1141 ux.
1357 1121 1422 1152 quo
1440 1118 1541 1151 pacto
1557 1116 1593 1143 et
1609 1111 1764 1143 disertim
1780 1112 1812 1143 in
1831 1112 1913 1143 duo-

1214 1161 1275 1191 bus
1298 1165 1370 1201 opt.
1392 1162 1476 1192 meis
1501 1162 1584 1194 Mss.
1610 1162 1748 1203 legitur,
1770 1168 1807 1194 et
1830 1172 1914 1194 vero

1213 1211 1350 1251 legend.
1382 1212 1533 1252 conjecit
1560 1222 1602 1243 ex
1632 1213 1701 1243 Ms.
1732 1213 1916 1253 scriptura,

1214 1271 1288 1302 quae
1306 1260 1476 1293 referebat
1491 1263 1554 1293 suis
1576 1263 1633 1293 hac
1648 1262 1717 1304 filii
1732 1272 1785 1294 ux.
1801 1263 1914 1303 Bong.

1215 1313 1304 1342 Mod.

1257 1362 1417 1393 Adhibitis
1443 1362 1476 1393 in
1502 1362 1673 1394 convivium
1700 1363 1764 1394 suis
1792 1373 1827 1393 αι·
1846 1362 1917 1404 filii

1214 1412 1376 1452 uxoribus]
1407 1412 1462 1443 Ita
1478 1412 1629 1443 disertim
1645 1413 1678 1443 in
1695 1412 1827 1444 duobus
1843 1416 1918 1453 opt.

1217 1462 1284 1492 suis
1309 1463 1392 1494 Mss.
1420 1463 1485 1502 legi
1513 1462 1630 1493 scribit
1653 1462 1749 1494 Mod.
1777 1467 1813 1494 et
1835 1472 1917 1494 vero

1216 1513 1351 1552 legend.
1376 1513 1523 1554 conjecit
1538 1513 1572 1543 in
1588 1513 1703 1544 libello
1719 1514 1800 1544 Var.
1819 1514 1918 1544 Lect.

1218 1563 1439 1603 Bongarsius,
1464 1563 1520 1604 qui
1544 1568 1655 1594 tamen
1673 1563 1780 1594 edidit
1795 1563 1869 1594 αιΙΙι.
1885 1562 1920 1594 in

1216 1624 1303 1645 conv.
1319 1624 1405 1645 suum
1417 1614 1503 1655 filiis
1519 1617 1549 1645 et
1563 1624 1617 1646 ux.
1633 1619 1667 1645 et
1682 1613 1767 1655 ficiis
1781 1613 1829 1645 ait
1844 1622 1920 1644 esse

1219 1675 1294 1705 pro,
1323 1665 1474 1697 filiabus:
1513 1666 1600 1697 sicut
1629 1670 1665 1697 et
1702 1665 1819 1697 ‘Diis'
1845 1675 1921 1707 pro,

1219 1715 1374 1755 Deabus,
1388 1717 1525 1757 legitur.
1560 1717 1805 1749 Priscian.v11.
1850 1717 1920 1748 Sed

1219 1767 1310 1807 quod
1327 1767 1427 1798 estin
1445 1777 1516 1808 seq.
1532 1777 1562 1798 n.
1579 1771 1608 1798 5.
1625 1771 1661 1798 et
1674 1770 1704 1799 6.
1727 1768 1736 1784 ‘
1750 1767 1920 1800 mulieres'

1219 1822 1254 1848 et
1278 1818 1287 1834 ‘
1303 1818 1481 1848 matronali
1504 1818 1638 1849 habitu’
1659 1819 1700 1849 ad
1717 1817 1804 1850 filias
1822 1819 1922 1859 virgi·

1220 1878 1280 1898 nes
1293 1869 1403 1909 aptari
1421 1879 1485 1900 non
1499 1872 1623 1909 potest.
1646 1868 1778 1900 Bernec.
1821 1869 1920 1901 Jnnt.

1220 1919 1292 1951 mlh.
1308 1919 1339 1950 in
1356 1929 1440 1951 conv.
1456 1920 1521 1950 suis
1536 1930 1571 1950 ac
1584 1919 1651 1961 filii
1666 1930 1721 1951 ux.
1737 1919 1922 1962 acfiliabus.

1221 1970 1336 2001 Graev.

1265 2021 1304 2051 Id
1332 2021 1413 2061 apud
1446 2021 1570 2058 Persas,
1598 2019 1666 2060 ἐξα]
1706 2019 1923 2052 Contrarium

1222 2071 1317 2102 Plut.
1344 2071 1518 2102 adstruere
1549 2071 1684 2101 videtur
1710 2079 1735 2101 1.
1765 2070 1923 2111 Sympos.

1221 2131 1296 2161 cap.
1314 2124 1341 2152 1.
1364 2123 1372 2137 ‘
1388 2120 1524 2151 Pcrsas'
1541 2129 1591 2151 sc.
1622 2121 1632 2136 ‘
1646 2129 1712 2150 non
1739 2129 1814 2150 cum
1841 2130 1924 2151 uxo-

1222 2172 1327 2211 ribus,
1355 2172 1412 2202 sed
1443 2170 1633 2211 pellicibus,
1660 2170 1745 2201 inire
1769 2170 1925 2202 convivia

1223 2221 1356 2253 solere.'
1402 2222 1529 2253 Noster
1556 2221 1627 2262 ipse
1658 2230 1730 2252 xm.
1762 2223 1792 2252 3.
1823 2224 1854 2252 2.
1880 2221 1924 2252 de

1223 2272 1551 2304 Partho-Persarum
1564 2271 1730 2301 moribus:
1756 2272 1765 2288 ‘
1776 2271 1926 2302 Feminis

1223 2333 1289 2353 non
1305 2322 1461 2354 convivia
1477 2326 1607 2352 tantum
1625 2321 1783 2361 virorum,
1808 2331 1924 2353 verum

1225 2374 1326 2404 etiam
1343 2377 1576 2413 conspectum,
1594 2370 1823 2402 interdicunt:
1870 2372 1927 2403 Ita

1225 2425 1342 2464 Vasa»,
1357 2423 1399 2454 ab
1417 2422 1592 2453 Ahasuero
1605 2422 1645 2453 ad
1662 2431 1790 2452 coenam
1809 2432 1926 2462 proce-

1227 2474 1318 2505 ribus
1355 2472 1504 2504 Persicis
1536 2472 1737 2503 instructam
1773 2478 1927 2514 evocata,

1226 2525 1343 2557 venire
1363 2523 1584 2562 detrectavit,
1598 2523 1774 2554 Persicum
1799 2533 1926 2555 morem

1226 2581 1376 2616 causata,
1401 2584 1465 2616 quo
1489 2574 1645 2606 mulieres
1671 2574 1823 2606 virilibus
1848 2584 1928 2606 con·

1226 2627 1322 2658 viviis
1343 2625 1561 2663 arcebantur,
1584 2625 1728 2665 unisque
1750 2634 1786 2655 se
1809 2625 1926 2666 conju-

1227 2687 1305 2717 gum
1322 2676 1426 2707 oculis
1441 2674 1699 2716 conspiciendas
1718 2675 1930 2714 praebebant.

1226 2727 1366 2766 Joseph.
1381 2725 1462 2757 Ant.
1477 2725 1557 2758 Jud.
1572 2733 1622 2756 xr.
1638 2724 1699 2755 sub
1715 2725 1790 2756 init.
1806 2735 1882 2766 cap.
1896 2728 1928 2758 6.

1227 2777 1305 2808 Vid.
1324 2778 1421 2808 Curt.
1439 2785 1473 2807 v.
1499 2779 1529 2807 1.
1553 2778 1605 2807 67.
1637 2776 1770 2807 Bernec.
1806 2776 1928 2808 Liben-

1227 2829 1293 2860 tius
1309 2827 1447 2868 legerim
1461 2827 1492 2857 id
1505 2826 1586 2857 enim
1600 2827 1680 2866 apud
1694 2827 1819 2857 Persas.
1842 2827 1926 2859 Fab.

1271 2881 1288 2920 ξ
1311 2881 1330 2910 4
1355 2879 1608 2918 Temperatur-um
1620 2875 1723 2916 jocos]
1763 2877 1854 2907 Hinc
1872 2887 1928 2918 ap.

1229 2931 1308 2961 Seu.
1336 2929 1408 2960 vit.
1430 2928 1526 2959 Beat.
1554 2929 1604 2958 14.
1642 2927 1926 2966 ‘Temperatores

1230 2977 1444 3022 voluptatis?
1460 2983 1495 3010 et
1511 2977 1610 3009 Varr.
1639 2977 1928 3019 ‘Modimperator
