2101 3419
421 354 530 395 1044
733 361 986 393 aecensus
1021 361 1299 392 EmrmNUM
1333 361 1546 391 JUSTlNl.

425 467 485 499 10.
507 473 595 498 cum
616 459 653 496 in
675 459 867 504 omnibus,
889 472 985 509 quas
1001 457 1176 503 vidimus,
1195 457 1428 496 editionibus
1446 457 1708 509 legatur,fido
1728 459 1863 497 deinde

418 536 521 561 servo
532 521 783 573 perferendas
795 521 934 566 tradit,
943 523 1070 570 jusso,
1083 520 1378 571 magistratibus
1393 520 1674 570 Spartanorum
1690 521 1866 563 tradere,-

421 586 544 622 multo
563 583 788 622 concinnius
809 583 930 628 dedit,
948 582 1041 634 fido
1071 582 1207 620 deinde
1238 594 1343 619 servo
1368 581 1620 631 perferendas
1639 582 1767 620 tradit
1786 596 1863 620 ma-

417 647 656 698 gistratibus
676 646 970 697 Spartanorum.
1001 656 1063 683 vr.
1102 650 1162 684 15.
1197 644 1400 682 commode
1421 644 1564 684 omittit
1584 649 1683 682 recte
1701 651 1790 682 ante
1810 658 1867 682 re-

419 710 664 759 putantibus.
688 719 768 746 vn.
794 715 827 746 1.
857 708 1026 745 subactis
1050 708 1180 757 primo
1186 706 1392 758 finitimis,
1413 720 1499 744 mox
1514 707 1678 758 populis
1696 708 1868 745 nationi-

423 773 573 822 busque,
595 772 693 809 inter
707 777 899 821 postrema
913 770 992 808 duo
1008 771 1121 808 verba
1138 770 1247 808 addit
1262 771 1474 821 loginquis.
1527 770 1591 808 Sic
1609 781 1640 808 1.
1660 776 1692 808 1.
1711 770 1869 820 longin-

421 847 509 884 qua,
539 847 616 872 non
628 832 812 884 finitima
833 833 941 870 bella.
966 843 1031 870 tx.
1054 846 1090 870 c.
1118 840 1150 870 l.
1170 833 1312 871 diserte
1333 833 1447 870 habet
1467 833 1675 871 exhaustus
1689 833 1870 883 pecunia,

422 897 696 941 commercium,
716 898 793 932 &a
815 901 856 932 ut
876 895 1095 933 Schefferus
1125 896 1292 941 volebat,
1315 908 1385 945 pro
1407 895 1509 945 vulg.
1533 894 1739 933 exhaustus
1753 907 1870 945 pecu-

424 959 503 996 niae
522 958 789 1003 commercium,
809 959 886 994 διο.
907 968 972 994 xi.
1007 963 1066 995 10.
1095 970 1166 1006 pro
1183 970 1205 994 a
1225 970 1300 1008 qua
1314 962 1450 1006 postea
1469 962 1697 1007 susceptum,
1719 956 1809 1006 legit
1828 970 1872 994 ex

421 1033 512 1070 qua,
544 1023 620 1058 &e.
653 1030 739 1057 XII.
771 1017 809 1056 6.
832 1018 898 1056 fin.
919 1019 1245 1068 condiscipulatu,
1280 1019 1347 1056 ubi
1381 1019 1419 1055 in
1453 1019 1646 1069 plerisque
1681 1020 1777 1056 Mss.
1812 1025 1872 1056 est

424 1082 612 1132 quondam
631 1081 883 1130 discipulatu,
905 1088 1108 1130 utrumque
1131 1081 1264 1118 scribit
1283 1081 1473 1133 quondam
1493 1081 1873 1132 condiscipulatu.—

427 1146 483 1182 Ex
504 1145 644 1194 quibus
665 1143 777 1180 facile
808 1141 1008 1189 colligitur,
1042 1155 1126 1180 eam
1159 1156 1205 1180 ex
1234 1144 1308 1180 alio
1341 1144 1487 1181 Codice
1514 1144 1745 1193 descriptam
1777 1156 1871 1182 esse.

428 1207 510 1245 Nos
530 1220 574 1243 ea
592 1206 790 1256 diligenter
823 1205 880 1242 usi
911 1217 1040 1242 sumus
1074 1204 1122 1242 ad
1155 1205 1434 1243 emendandum
1454 1212 1603 1243 textum
1623 1218 1732 1242 novae
1754 1205 1872 1254 hujus

426 1269 627 1312 editionis;
663 1267 991 1316 meminerintque,
1013 1267 1186 1313 velimus,
1212 1268 1410 1314 Lectores,
1443 1268 1474 1305 si
1505 1260 1627 1317 quam⁸
1645 1268 1875 1306 offenderint

426 1331 601 1369 lectionis
629 1330 926 1379 discrepantiam
955 1329 1004 1367 ab
1035 1328 1127 1367 edd.
1160 1330 1451 1375 recentioribus,
1477 1329 1690 1380 praesertim
1717 1331 1874 1369 Grono-

429 1394 541 1432 viana
560 1393 744 1438 secunda,
765 1405 848 1430 eam
869 1392 1140 1442 antiquissimo
1162 1392 1252 1430 huic
1270 1393 1395 1430 codici
1415 1392 1558 1431 deberi.

488 1463 588 1501 1470
617 1457 748 1494 Altera
768 1456 946 1506 princeps
968 1457 1112 1493 Veneta
1136 1467 1164 1494 Ι.
1186 1468 1216 1494 s.
1235 1455 1480 1494 Jensoniana.
1503 1455 1585 1493 Fol.
1615 1456 1659 1493 In
1679 1467 1724 1492 ea
1744 1454 1875 1492 titulus

427 1519 517 1556 libri
540 1530 570 1557 1.
591 1519 643 1556 ita
663 1518 908 1568 concipitur:
940 1523 950 1539 ‘
964 1517 1106 1557 Justini
1124 1518 1303 1555 Historici
1322 1518 1360 1555 in
1380 1517 1539 1567 Pompei
1552 1518 1669 1567 Trogi
1690 1517 1878 1555 Historias

429 1582 525 1619 liber
540 1582 684 1632 primus
704 1581 865 1631 incipit.'
918 1579 979 1618 Ad
1002 1578 1116 1616 finem
1139 1579 1224 1617 libri
1241 1590 1376 1619 xmv:
1407 1584 1418 1600 ‘
1438 1580 1580 1619 Justini
1596 1580 1781 1618 Historici
1802 1581 1879 1617 cla-

430 1644 567 1682 rissimi
587 1644 625 1681 in
644 1643 766 1693 Trogi
786 1643 943 1694 Pompei
975 1643 1164 1680 Historias
1194 1643 1292 1682 liber
1324 1653 1481 1682 XLIIII.
1511 1643 1674 1682 feliciter
1702 1643 1875 1694 explicit.

433 1718 695 1746 Mccchxx.

591 1769 807 1808 Historicos
828 1774 973 1807 veteres
992 1768 1270 1819 peregrinaque
1288 1775 1397 1819 gesta
1417 1769 1573 1806 reuoluo

642 1832 826 1871 justinus.
847 1832 929 1881 lege
951 1845 1022 1869 me.
1044 1845 1128 1869 sum
1146 1832 1298 1882 Trogus
1319 1831 1402 1882 ipse
1424 1832 1560 1870 brevis.

590 1896 657 1937 Me
678 1895 813 1933 Gallus
834 1895 980 1932 Veneta
1000 1894 1142 1932 Jensou
1161 1894 1346 1932 Nicolaus
1366 1894 1404 1932 in
1426 1895 1519 1932 urbe

646 1957 837 1994 Formavit
856 1957 994 1994 Mauro
1014 1957 1189 2007 principe
1210 1957 1518 2007 Cllristophoro.'

434 2018 581 2056 Panzer
598 2019 714 2058 Tom.
737 2029 806 2058 111.
830 2032 872 2068 p.
893 2025 958 2062 70.
1015 2020 1187 2057 Contulit
1205 2032 1289 2057 eam
1311 2020 1546 2058 Gronovius.

556 2107 565 2118 .
589 2108 598 2118 .
630 2094 660 2118 s.
681 2093 716 2120 a.
736 2081 761 2119 l.
783 2087 823 2118 et
845 2087 926 2130 typ.
960 2082 1101 2120 nemini
1136 2082 1493 2133 bibliographorum
1529 2086 1762 2125 memorata3
1793 2093 1880 2130 quae

434 2154 483 2179 an
502 2142 746 2179 anteverterit
767 2143 975 2181 Romanam
1002 2149 1042 2181 et
1073 2145 1270 2189 Venetam,
1302 2144 1477 2194 adeoque
1505 2143 1671 2181 omnium
1699 2143 1880 2193 princeps

437 2204 484 2241 sit
503 2204 696 2249 habenda,
716 2203 881 2242 viderint
906 2205 1046 2254 quibus
1081 2204 1166 2254 ejus
1195 2205 1415 2243 accuratius
1435 2205 1697 2243 examinandae
1718 2205 1881 2242 facultas

438 2266 530 2304 data
548 2266 674 2304 fuerit.
704 2267 759 2303 Ea
778 2267 898 2305 literis
917 2268 1096 2306 rotundae
1118 2269 1250 2306 formae
1267 2268 1523 2318 elegantibus,
1540 2267 1747 2317 multisque
1763 2267 1883 2316 scrip-

439 2335 535 2367 turae
556 2329 794 2378 compendiis
824 2342 1004 2378 expressa
1036 2331 1102 2369 fol.
1135 2331 1253 2377 brevi,
1282 2338 1454 2368 servatur
1473 2331 1510 2367 in
1533 2330 1632 2368 Bibl.
1655 2329 1882 2380 Archipala-

440 2392 530 2436 tina,
552 2397 666 2441 prout
686 2392 799 2428 nobis
826 2392 1053 2442 significavit
1084 2393 1140 2431 vir
1170 2394 1264 2431 clar.
1296 2394 1470 2431 Andreas
1490 2394 1649 2442 Lamey,
1669 2392 1767 2429 illius
1787 2403 1883 2441 prae·

439 2453 575 2498 fectus,
595 2453 740 2491 Consil.
772 2455 932 2499 aulicus,
965 2462 1004 2493 et
1037 2456 1160 2494 Acad.
1195 2456 1337 2494 Scient.
1370 2457 1418 2494 ab
1446 2456 1626 2506 epistolis,
1680 2454 1884 2504 Siguatura

439 2516 739 2564 quaterniorum‚
772 2529 793 2554 e
823 2517 963 2566 quibus
992 2518 1198 2568 duplicatis
1220 2519 1395 2556 oriuntur
1417 2524 1453 2558 8.
1476 2518 1577 2563 folia,
1597 2516 1772 2566 procedit
1791 2515 1840 2553 ab
1860 2528 1884 2552 a

440 2579 488 2617 ad
510 2591 536 2617 π
559 2592 692 2630 usque.
749 2579 889 2618 Charta
916 2580 1001 2631 ipsa
1031 2582 1181 2632 signata
1211 2581 1363 2620 videtur
1381 2594 1496 2620 cruce
1514 2581 1706 2630 eleganter
1725 2577 1885 2616 formata

440 2654 530 2679 cum
550 2641 659 2690 apice
679 2641 846 2691 quodam
870 2643 1007 2693 tropaei
1027 2644 1160 2682 instar.

499 2710 598 2748 1472
628 2704 800 2742 Romana
837 2715 885 2741 11.
917 2705 985 2742 sol.
1017 2719 1083 2755 per
1109 2705 1331 2744 Conradum
1352 2704 1590 2755 Sweynheim
1610 2709 1650 2741 et
1669 2700 1883 2741 Arnoldum

442 2766 644 2804 Pannartz.
674 2771 684 2787 ‘
707 2767 846 2805 Justiui
881 2769 1050 2806 historici
1085 2769 1304 2819 politissimi
1334 2768 1516 2819 Epitoma
1536 2768 1571 2805 in
1588 2766 1707 2816 Trogi
1726 2764 1884 2814 Pompei

442 2827 618 2866 historias
634 2828 872 2877 prohemium
893 2830 1050 2879 incipit.v
1096 2831 1207 2870 Initio
1227 2831 1312 2870 libri
1335 2842 1361 2868 1.
1406 2836 1415 2851 ‘
1439 2831 1492 2868 Ex
1513 2830 1635 2880 primo
1657 2827 1847 2867 volumine
1861 2828 1884 2871 ;'
