2174 3424
497 345 581 387 768

541 451 559 490 ξ
584 452 622 480 10
649 449 754 480 Tituzo
769 449 876 491 officii]
898 449 964 482 Inf.
981 459 1088 482 xxur.
1109 454 1141 481 2.
1161 453 1191 481 8.

497 505 550 530 est
579 499 828 540 ‘Exequiarum
862 499 1006 531 officium
1030 499 1194 540 implere?

496 550 635 580 Tacitus
651 549 806 580 absolute
819 548 941 580 Annal.
954 559 1008 581 111.
1021 552 1072 581 32.
1087 551 1096 566 ‘
1109 550 1192 581 Offi-

498 602 551 633 cio
581 601 711 642 fungi?
753 600 824 639 {ut
863 590 991 641 3Le1'th
1042 591 1191 633 niencn.

497 651 593 682 Alias
608 651 702 692 officii
724 661 790 682 vox
809 652 996 691 generatim
1011 661 1053 681 ea
1066 650 1192 691 signifi-

498 705 566 740 eat,
598 711 674 742 quae
697 701 820 740 cultus,
853 701 1000 739 honoris,
1027 706 1063 732 et
1088 701 1192 732 studii

496 760 598 781 causa
613 751 842 790 superioribus
856 755 913 781 aut
926 751 1041 781 amicis
1057 751 1192 781 exhibe-

496 809 580 831 mus·
625 801 708 840 Ejus
747 800 882 841 generis
907 800 1109 831 Tertullian.
1133 800 1191 831 lib.

498 850 541 881 de
557 850 717 881 Idololat.
740 851 838 890 plura
862 850 960 880 simul
982 859 1193 890 enumerans,

496 900 622 932 ‘Circa
652 900 786 938 officia‚'
811 900 933 941 inquit,
959 902 968 918 ‘
986 901 1192 940 privatarum

498 954 534 981 et
556 951 783 981 communium
810 951 1063 989 solennitatum,
1082 955 1121 981 ut
1143 955 1193 981 to-

495 1010 547 1040 gae
563 1009 670 1040 purae,
686 1004 724 1030 ut
747 1000 961 1039 sponsalium,
985 1004 1022 1030 ut
1046 1000 1194 1030 nomina-

495 1051 590 1090 lium,
607 1051 732 1081 nullum
751 1055 866 1090 putem
893 1049 1104 1090 periculum?
1148 1051 1194 1081 Et

496 1106 575 1142 post
605 1101 694 1132 inter
724 1099 837 1131 officia
866 1100 973 1131 refert
1003 1100 1194 1131 ‘deductio-

498 1161 575 1182 nem
593 1151 874 1190 magistratunm‚’
890 1151 899 1167 ‘
911 1150 1194 1189 eandidatorun1‚'

494 1200 646 1232 ‘funeris
661 1201 681 1231 :¹
710 1201 952 1231 ‘salutationes
964 1201 983 1231 :’
1012 1201 1096 1231 item
1119 1201 1194 1232 ‘re-

496 1250 697 1290 citationes‚’
713 1256 748 1281 et
765 1251 843 1281 alia.
867 1251 966 1281 Bern.

541 1302 716 1341 Superstite
733 1301 872 1340 Philippi
879 1300 969 1341 filio]
995 1300 1132 1340 Quippe
1147 1299 1195 1330 in-

498 1351 663 1393 quisituro
677 1355 712 1381 et
729 1350 956 1381 vindicatum.
981 1351 1032 1381 Id.

540 1402 557 1441 ς
575 1404 614 1431 12
633 1399 845 1440 Cleopatram]
868 1399 1049 1430 Pausaniae
1066 1398 1194 1430 Arcad.

498 1460 565 1481 non
595 1449 757 1480 convenit
787 1458 862 1479 cum
897 1449 959 1479 hac
989 1448 1194 1479 narratione.

499 1502 605 1539 Bong.

541 1551 624 1581 Filia
638 1548 818 1588 interfecta]
855 1547 1007 1588 Legend.
1024 1546 1049 1578 f.
1063 1547 1135 1589 filio
1150 1547 1196 1578 in-

496 1600 639 1638 terfecto.
685 1600 789 1631 Certe
806 1609 846 1629 ex
864 1608 914 1629 lx.
936 1601 966 1629 7.
988 1601 1018 1629 3.
1042 1603 1197 1638 apparet,

498 1650 696 1690 Philippum
728 1659 770 1679 ex
812 1649 998 1689 Cleopatra
1026 1652 1063 1678 et
1091 1647 1194 1678 filium

497 1701 712 1741 suscepisse3
736 1710 835 1741 quem
858 1704 895 1731 ut
921 1699 1016 1739 regni
1039 1699 1195 1729 aemulum

497 1750 694 1781 Alexander
726 1749 888 1781 timuerit.
928 1749 1029 1780 Vorst.
1075 1749 1197 1780 Manet

496 1800 609 1830 Vorst.
623 1799 695 1840 filio
719 1799 890 1837 interfecto.
937 1799 981 1829 Et
996 1808 1075 1829 sane
1091 1797 1195 1829 filium
1216 1794 1222 1798 “

497 1859 573 1880 cum
590 1850 663 1889 ipsa
691 1848 910 1880 interfectum
939 1848 988 1879 ait
1011 1853 1046 1879 et
1069 1848 1194 1878 Pausa-

496 1899 580 1936 nias,
598 1900 679 1930 licet
695 1899 727 1929 in
742 1899 815 1929 aliis
831 1898 1025 1929 dissentiat.
1047 1897 1152 1935 Schef.

545 1948 718 1988 Ultioucm]
745 1949 799 1979 Ita
817 1948 952 1989 quidem
969 1958 1010 1979 ex
1026 1948 1109 1978 Mss.
1126 1947 1195 1978 edi-

497 1999 549 2030 dit
571 2000 678 2037 Bong.
725 1997 943 2038 Antiquiores
970 1997 1048 2028 edd.
1070 1998 1195 2028 ultione.

496 2050 543 2081 Et
558 2049 696 2090 perinde
714 2058 793 2079 sane
811 2053 882 2079 est:
907 2052 942 2078 et
958 2052 1101 2089 utraque
1118 2057 1195 2079 cou-

496 2099 638 2130 structio
653 2099 735 2129 satis
752 2098 891 2128 usitata.
920 2097 994 2128 Vor.

540 2149 770 2188 Parricidium]
817 2148 864 2179 H.
895 2157 924 2179 e.
952 2147 1105 2188 Philippi
1132 2157 1196 2179 cae-

497 2199 586 2231 dem.
609 2200 665 2230 Fr.

540 2250 557 2289 ς
583 2251 620 2280 13
647 2248 793 2279 Gladium
810 2257 868 2288 quo
886 2257 944 2278 rex
965 2256 1122 2287 percussus
1134 2246 1195 2286 est]

497 2299 666 2329 Percutere
693 2308 766 2338 pro,
792 2297 960 2335 occidere,
996 2306 1063 2328 uon
1093 2296 1196 2327 infre-

497 2358 616 2389 quens.
660 2348 754 2379 Suet.
771 2348 878 2387 Calig.
896 2351 926 2378 3.
951 2348 960 2364 ‘
979 2348 1122 2378 Hostem
1139 2356 1194 2378 co-

496 2398 606 2428 minus
642 2406 733 2437 s‘aepe
771 2397 963 2437 percussit:
1007 2397 1099 2436 Epit.
1136 2396 1194 2427 lib.

497 2456 655 2478 Lxxxnl.
691 2447 799 2478 Livii:
829 2448 837 2464 ‘
857 2447 936 2487 Ipse
951 2457 986 2478 se
1003 2447 1194 2487 percussit?

496 2496 580 2528 Aur.
604 2497 723 2527 Victor
747 2497 908 2537 Tarquin.
930 2497 989 2528 Pr.
1016 2498 1024 2513 ‘
1044 2497 1143 2529 Quod
1160 2497 1194 2528 in

497 2547 618 2588 praelio
651 2547 782 2578 hostem
815 2547 1058 2587 percussisset!
1109 2547 1193 2579 Inde

495 2597 504 2613 ‘
523 2607 736 2638 percussores
750 2597 758 2610 '
783 2597 878 2636 dicti,
907 2597 962 2638 qui
989 2597 1031 2628 ad
1050 2597 1194 2638 aliquem

496 2646 767 2678 obtruncandum
785 2647 1024 2678 immittuntur.
1052 2647 1126 2678 Vor.

540 2697 606 2728 Sub
622 2698 740 2728 nomine
755 2698 903 2738 Myrtalis
918 2697 1119 2738 consecrarit]
1137 2697 1194 2728 Sic

498 2752 533 2779 et
561 2747 755 2779 Alexander
777 2748 950 2787 Phcraeus,
978 2748 1032 2788 (ut
1059 2751 1111 2778 est
1137 2757 1191 2788 ap.

495 2799 590 2829 Plut.
608 2799 639 2829 in
653 2799 820 2838 Pelopida
831 2809 859 2829 c.
873 2798 942 2839 53.)
965 2803 1125 2838 tyrannus
1137 2798 1192 2829 ille

498 2848 643 2878 omnium
660 2848 928 2886 immanissimus,
951 2857 1026 2878 cum
1048 2857 1192 2878 avuncu-

496 2897 564 2928 lum
599 2908 694 2929 suum
733 2898 949 2939 l’olyplirona
979 2897 1190 2938 peremisset,

960 357 1099 388 NOTAE
1135 358 1395 388 VARIORUM

1431 359 1482 389 IN

1240 450 1380 490 hastam,
1397 461 1462 492 qua
1478 450 1608 483 facinus
1622 455 1831 493 patraverat,
1846 462 1938 484 coro-

1241 505 1352 531 natam
1384 502 1542 542 sacravit,
1570 503 1669 543 eique
1698 507 1736 533 ut
1764 504 1840 534 Deo
1866 513 1936 534 rem

1242 551 1390 582 divinam
1411 552 1506 591 fecit,
1525 554 1534 569 ‘
1552 552 1733 593 Tychona'
1751 552 1938 593 appellans,

1241 599 1265 630 f.
1293 600 1384 640 quod
1413 601 1483 631 ictu
1500 611 1566 632 non
1595 600 1716 632 fuisset
1741 601 1939 642 frustratus,

1241 651 1321 691 παρὰ
1334 650 1372 680 τὸ
1387 650 1564 689 τυγχάνειν.
1611 651 1724 692 Atque
1746 651 1800 682 hic
1823 661 1894 683 mos
1917 662 1938 683 a

1243 699 1373 731 Graecis
1399 700 1441 730 ad
1469 701 1638 731 Romanos
1663 701 1817 732 transiit:
1842 702 1937 733 Suet.

1243 749 1351 789 Calig.
1366 752 1417 781 24.
1435 753 1485 781 10.
1510 751 1518 767 ‘
1531 751 1614 780 Tres
1631 750 1758 789 gladios
1772 751 1805 781 in
1818 760 1938 782 necem

1243 809 1336 830 suam
1351 804 1559 840 praeparatos
1575 800 1680 831 Marti
1695 801 1809 839 ultori,
1821 801 1938 832 addito

1243 851 1364 890 elogio,
1381 850 1614 882 consecravit!
1652 851 1703 882 Id.
1724 850 1856 882 Auctor
1879 852 1939 882 Vi-

1244 901 1315 931 tell.
1330 903 1381 931 10.
1398 903 1430 932 8.
1466 901 1476 917 ‘
1490 900 1691 940 Pugionem,
1705 910 1770 941 quo
1785 910 1821 931 se
1845 900 1939 932 Otho

1243 949 1430 989 occiderat,
1458 949 1491 980 in
1529 950 1810 990 Agrippinensem
1842 950 1940 981 Colo—

1241 999 1330 1029 niam
1347 999 1439 1030 misit
1454 1000 1562 1030 Marti
1578 999 1824 1030 dedicandum.’
1867 999 1940 1031 Dio

1243 1050 1277 1080 in
1293 1050 1464 1080 Antonino
1481 1050 1657 1081 Caracalla
1672 1049 1733 1080 sub
1748 1048 1807 1081 fin.
1832 1048 1892 1080 Καὶ
1902 1049 1940 1080 τὸ

1242 1098 1338 1139 ξίφος,
1355 1099 1391 1129 δι’
1407 1097 1442 1129 οὗ
1455 1099 1511 1129 τὸν
1532 1099 1664 1139 ἀδελφὸν
1682 1099 1853 1139 ἀπεκτόνει,
1869 1099 1940 1131 ἄνα-

1243 1151 1334 1180 θεῖναι
1359 1151 1403 1188 τῷ
1431 1151 1498 1188 Θεῷ
1520 1149 1685 1188 ἐτόλμησε.
1730 1150 1808 1181 Huc
1837 1150 1943 1191 igitur

1243 1200 1398 1239 respexit
1424 1200 1536 1240 gravis
1563 1201 1709 1240 scriptor
1737 1200 1941 1232 Tertullian.

1244 1249 1322 1280 dum
1349 1250 1397 1280 ait
1421 1250 1455 1280 in
1485 1251 1539 1280 De
1571 1251 1768 1280 Resurrect.
1798 1249 1939 1281 Carnis:

1243 1298 1252 1314 ‘
1271 1298 1412 1329 Gladius
1435 1299 1520 1329 bene
1544 1299 1587 1330 de
1611 1299 1699 1330 bello
1715 1304 1888 1339 cruentuS,
1905 1303 1941 1331 et

1244 1348 1362 1378 melior
1374 1349 1697 1387 homicida‚laudem
1714 1358 1808 1379 suam
1823 1359 1941 1380 conse-

1245 1398 1397 1428 cratione
1429 1399 1610 1438 pensabit.'
1664 1398 1742 1429 vid.
1772 1399 1942 1430 eruditiss.

1244 1447 1336 1487 Lips.
1352 1447 1393 1478 ad
1410 1448 1494 1478 Tac.
1512 1457 1572 1479 xv.
1596 1447 1638 1479 A.
1661 1448 1744 1479 Not.
1771 1451 1843 1479 160.
1869 1449 1941 1479 Μο-

1245 1498 1324 1527 dius.
1370 1497 1453 1537 Leg.
1480 1497 1545 1528 Sub
1560 1498 1679 1528 nomine
1695 1497 1850 1537 ‚Myrtales
1871 1508 1942 1528 con-

1243 1547 1387 1577 secrarit.
1432 1547 1502 1578 Hoc
1524 1548 1604 1578 enim
1625 1557 1733 1578 nomen
1746 1550 1817 1577 unte
1835 1548 1943 1589 Olym-

1244 1596 1330 1636 piadi
1342 1596 1567 1635 purvulaefuz't.
1592 1597 1679 1628 Nam
1692 1595 1839 1637 Μυρτάλη
1849 1597 1941 1637 prius

1247 1647 1419 1686 appellata
1440 1652 1491 1677 est
1515 1647 1703 1686 Olympias.
1730 1647 1815 1678 Voss.
1860 1646 1944 1677 Om-

1246 1696 1326 1726 nino
1339 1696 1506 1727 scribend.
1533 1697 1695 1737 Myrtales.
1733 1697 1833 1728 Unde
1849 1700 1943 1728 M'rP-

1245 1748 1348 1775 TAAH
1371 1746 1405 1776 in
1435 1746 1595 1788 Inscript.
1623 1747 1722 1778 Grut.
1751 1756 1785 1787 p.
1808 1749 1882 1779 794.
1909 1749 1942 1779 4.

1250 1795 1349 1826 Gron.

1289 1846 1306 1885 ξ
1331 1847 1369 1876 14
1396 1845 1447 1876 Ne
1467 1845 1595 1882 facinus
1623 1845 1661 1877 ab
1691 1855 1727 1876 ea
1751 1845 1942 1876 commissum

1245 1904 1304 1925 non
1336 1894 1534 1935 probaretur]
1571 1896 1623 1926 Ex
1656 1895 1944 1935 interpunctione,

1246 1953 1344 1985 quam
1367 1949 1445 1983 post
1468 1953 1585 1975 vocem
1608 1946 1616 1962 ‘
1633 1944 1869 1976 commissum'
1896 1946 1944 1975 in-

1245 1999 1361 2024 serunt
1373 1993 1449 2024 edd.
1463 1994 1646 2035 pleraeque,
1658 1995 1772 2035 paucis
1789 1995 1942 2026 intellec-

1246 2048 1318 2073 tum
1341 2043 1429 2074 hunc
1452 2044 1473 2075 l.
1500 2049 1654 2084 apparet.
1697 2044 1846 2075 Verbum
1868 2055 1941 2085 pro-

1245 2094 1316 2124 bare
1331 2094 1400 2134 huj.
1419 2094 1637 2125 obscuritatis
1653 2104 1756 2125 cansa
1772 2099 1838 2134 est,
1851 2095 1940 2136 quod

1245 2144 1336 2176 Just.
1350 2154 1424 2185 pro,
1435 2144 1650 2184 convincere,
1668 2144 1853 2187 accepifflh.
1868 2154 1942 2176 sen-

1246 2204 1307 2226 su:
1345 2194 1457 2225 omnia
1483 2194 1529 2224 ita
1555 2195 1665 2234 palam
1694 2194 1817 2234 egisse,
1847 2194 1942 2235 quasi

1246 2248 1427 2283 metueret,
1441 2253 1483 2274 ne
1508 2253 1573 2274 non
1597 2244 1638 2274 ab
1662 2253 1702 2274 ea
1728 2244 1942 2275 commissum

1245 2298 1439 2335 appareret.
1484 2294 1599 2325 Ceteri
1625 2294 1756 2334 probare
1785 2304 1858 2334 pro,
1885 2303 1942 2334 ap·

1246 2344 1404 2385 probare,
1426 2344 1679 2375 intellexerunt.
1703 2344 1848 2375 Freinsh.
1894 2345 1941 2376 H.

1245 2404 1273 2425 e.
1291 2404 1356 2425 non
1373 2394 1642 2433 convinceretur,
1665 2394 1772 2435 inquit
1787 2394 1941 2427 Freinsh.

1243 2446 1311 2476 Sed
1328 2451 1363 2477 et
1377 2446 1440 2477 hoc
1456 2446 1615 2486 loquendi
1633 2455 1737 2486 genus
1754 2446 1880 2485 nescio,
1897 2456 1940 2478 an

1245 2501 1403 2529 occurrat
1433 2497 1523 2528 alibi.
1569 2497 1613 2528 Et
1647 2497 1755 2538 quid?
1792 2497 1820 2528 si
1847 2498 1938 2530 Just.

1243 2547 1377 2587 scripsit
1390 2548 1583 2587 proderetur,
1607 2547 1629 2578 i.
1645 2557 1675 2578 e.
1692 2547 1939 2588 divulgaretur,

1245 2597 1496 2635 enunciaietur,
1520 2597 1578 2627 sed
1605 2602 1716 2628 contr.
1738 2602 1889 2628 maneret
1905 2597 1940 2628 in

1245 2647 1391 2677 occulto.
1434 2646 1613 2677 Sententia
1635 2647 1732 2686 longe
1748 2647 1860 2686 aptior
1875 2647 1941 2678 toti

1246 2696 1332 2726 loco.
1357 2694 1462 2733 Schef.

1289 2746 1375 2777 CAP.
1391 2754 1470 2776 vm.
1496 2746 1556 2785 §2
1571 2744 1702 2782 Genuit,
1713 2744 1779 2784 Era]
1802 2745 1937 2777 Saresb.

1245 2804 1295 2826 ιν.
1324 2797 1376 2825 12.
1418 2796 1427 2811 ‘
1445 2795 1528 2826 Quis
1556 2793 1749 2825 Alexandro
1775 2795 1880 2834 maj0r
1904 2794 1937 2825 in

1245 2845 1405 2876 Grzrcia?
1427 2845 1467 2875 Ei
1489 2849 1601 2875 tamen
1623 2853 1688 2874 nou
1712 2853 1789 2874 suus
1816 2844 1940 2884 legitur

1244 2895 1458 2936 successisse,
1503 2895 1563 2926 sed
1607 2893 1693 2925 filius
1737 2894 1941 2927 saltatricis:
