2174 3424
584 340 778 371 JUS'rlNl
813 341 906 370 mn.
940 342 1051 371 xm.
1083 343 1188 373 mr.
1219 337 1259 375 7.

201 433 292 464 urbis
317 443 382 465 non
408 434 449 465 ab
475 434 628 472 oraculo,
650 435 709 465 sed
737 444 756 465 a
786 440 902 466 monte

202 484 301 524 Cyra,
315 489 374 515 aut
389 483 502 515 fabula
517 485 584 525 illa,
596 485 759 525 originem
773 485 902 518 habuit.

200 534 288 566 Haec
313 535 423 566 Sebis.
456 536 589 567 Bernec.
635 536 733 567 Istud
762 536 903 577 Cyrenen

200 585 309 624 glossa
335 590 399 624 est,
425 589 463 616 ut
489 591 590 617 acute
619 586 705 617 vidit
730 586 902 626 Sebisius;

200 644 266 666 non
283 635 371 667 enim
388 636 431 667 ab
446 636 582 667 oraculo
598 645 719 668 nomen
741 636 818 667 urbi
843 636 903 667 im-

200 687 345 727 positum
363 691 436 725 est3
461 687 520 718 sed
548 697 567 718 a
588 693 703 719 monte
721 688 821 728 Cyra,
842 691 901 718 aut

199 746 218 766 a
234 735 347 767 fabula
360 736 512 776 Cyrenes
527 738 662 778 puellae.
704 737 824 769 Jussus
840 737 903 768 ita-

199 795 265 826 que
294 791 347 817 est
376 787 500 817 Battus
538 787 657 818 urbem
688 787 838 818 condere
866 788 901 818 in

199 834 340 874 Africa;
362 836 425 868 hoc
441 841 571 868 tantum
587 847 596 875 ;
621 837 663 867 de
681 837 828 877 nomine,
852 837 902 868 ni-

199 886 247 917 hil
262 886 451 927 respondet
467 888 650 918 oraculum.
673 887 752 918 Fab.

242 938 295 978 §3
320 937 455 977 Propter
477 937 714 969 similitudinem
737 938 901 969 Therame-

198 987 248 1017 nis
262 987 386 1028 insulae]
404 988 497 1019 Nihil
509 988 618 1020 dicam
632 988 675 1019 de
690 989 783 1019 varia
793 989 864 1029 huj.
876 998 901 1020 S.

199 1035 325 1068 fabulae
349 1047 377 1068 s.
397 1038 548 1069 historiae
574 1038 771 1078 traditione,
793 1043 831 1070 ut
854 1039 902 1069 vi·

200 1086 281 1117 dere
296 1091 350 1118 est
366 1097 421 1128 ap.
438 1087 569 1120 Herod.
585 1098 635 1120 1v.
653 1093 689 1120 et
710 1089 822 1120 Strab.
839 1089 902 1120 ult.

201 1136 305 1167 Certe
329 1137 416 1168 hunc
439 1138 461 1168 l.
485 1143 684 1179 corruptum
708 1143 804 1179 puto,
828 1148 903 1179 nec,

201 1196 268 1227 quo
284 1191 385 1228 pacto
402 1188 615 1228 emendetur,
630 1187 732 1219 facile
747 1188 902 1220 dixerim.

200 1237 384 1269 Boccatius
402 1238 618 1269 Florentinus
634 1238 692 1270 lib.
707 1248 740 1270 v.
759 1239 902 1270 Geneal.

201 1287 352 1319 Deorum
369 1298 443 1330 cap.
462 1291 516 1320 13.
539 1289 620 1329 legit
645 1293 772 1329 propter
796 1290 904 1320 solitu-

201 1338 304 1370 dinem
331 1339 472 1370 Coramis
495 1339 616 1379 insulae,
641 1349 706 1370 non
733 1340 842 1370 minus
870 1340 903 1371 in

202 1388 345 1420 obscuro
355 1394 514 1421 manente
527 1399 638 1421 sensu.
663 1390 671 1405 ‘
684 1390 903 1420 Theramenis

200 1440 339 1472 insulae’
371 1451 485 1472 rursus
516 1451 568 1480 ap.
597 1441 686 1472 hunc
715 1440 902 1473 Auctorem

203 1490 331 1522 mentio
363 1495 416 1522 est
441 1490 502 1521 lib.
530 1499 619 1522 xxx.
645 1491 703 1522 ubi
730 1491 771 1522 de
800 1496 902 1522 terrae

203 1546 299 1572 motu
316 1541 350 1572 in
367 1541 450 1572 mari
477 1540 581 1573 facto.
627 1540 675 1572 At
699 1551 740 1572 eo
767 1542 800 1572 in
825 1542 901 1573 loco

204 1601 246 1622 ex
262 1591 375 1622 Strab.
392 1596 425 1622 et
443 1591 533 1622 Plin.
554 1591 653 1623 Thera
678 1591 812 1632 legend.
835 1601 902 1621 non

208 1642 404 1673 Theramene.
449 1642 520 1672 Nos
548 1641 708 1672 lectorem
735 1642 903 1673 duntaxat

204 1691 413 1722 admonitum
431 1692 595 1730 volumus,
616 1692 642 1722 si
665 1692 717 1722 vel
735 1702 789 1732 ap.
806 1692 902 1723 Grae-

204 1751 262 1772 cos
291 1742 346 1772 vel
379 1742 518 1772 Latinos
555 1742 682 1782 aliquid
720 1742 903 1782 invenerit,

203 1790 292 1831 quod
318 1791 406 1822 hunc
428 1791 450 1821 l.
471 1791 592 1832 juvare
622 1796 737 1832 queat,
761 1791 903 1832 diligen-

204 1844 257 1872 ter
272 1840 477 1872 consideret.
505 1841 595 1872 Glur.

248 1893 265 1932 §
287 1894 307 1923 4
336 1892 425 1923 Velut
451 1892 656 1933 contumaces]
678 1892 807 1924 Similia
829 1893 903 1925 Liv.

204 1950 245 1973 11.
263 1945 316 1973 36.
344 1942 441 1973 Rern.

249 1992 400 2032 Quorum,
414 1992 484 2032 ξω]
508 1992 598 2023 Saxo
614 2002 692 2024 xvr.
707 2003 741 2033 p.
757 1995 832 2024 376,
848 1996 902 2025 27.

202 2043 212 2060 ‘
237 2043 389 2075 Quarum
418 2043 584 2084 [navium]
613 2043 752 2084 insignis
787 2044 902 2084 pauci-

202 2091 282 2128 tas‚’
304 2093 368 2123 &c-

246 2144 264 2184 ς
284 2147 302 2174 5
329 2142 451 2184 Cyran]
476 2143 552 2174 Non
580 2142 699 2184 ignoro
723 2143 902 2175 nonnullos

202 2203 301 2226 casus
331 2193 514 2225 accusandi
542 2193 610 2234 huj.
637 2192 826 2225 inflexionis
853 2195 902 2226 sic

204 2243 358 2284 formari,
390 2248 430 2275 ut
459 2244 590 2275 ostendi
618 2244 661 2275 ad
689 2244 784 2276 Suet.
835 2245 902 2277 Sed

203 2294 259 2326 hic
274 2294 488 2335 sequorjure
498 2294 686 2333 Jundnam,
697 2304 770 2335 quae
787 2296 903 2336 Cyrum

205 2343 336 2381 scribit,
358 2348 397 2375 ut
418 2349 455 2376 et
481 2345 596 2376 statim
613 2344 754 2383 fontium
779 2345 902 2376 uberta-

206 2398 278 2426 tem.
302 2395 417 2427 Graev.

249 2444 395 2475 Fontium
410 2445 595 2486 ubertatem]
619 2445 719 2487 Angl.
735 2447 902 2480 similiter.

206 2493 377 2526 Observat
394 2499 508 2526 tamen
526 2497 677 2528 Notator
692 2498 724 2528 in
747 2498 815 2528 Ms.
837 2507 902 2528 uno

205 2543 273 2583 legi
306 2543 430 2576 uberem
461 2546 590 2586 copiam.
651 2546 703 2578 Au
731 2546 902 2578 scribend.

198 2591 338 2629 fontium
351 2594 472 2626 uberem
487 2595 630 2636 copiam?
653 2596 765 2628 Schef.

251 2644 302 2683 §7
325 2644 375 2675 Ab
386 2644 529 2685 Apolline
549 2647 686 2687 raptam]
707 2647 786 2679 Vid.
804 2647 905 2680 Calli-

207 2692 313 2724 mach.
330 2698 365 2724 et
381 2694 454 2734 ejus
469 2695 580 2727 Schol.
604 2697 709 2737 Bong.

254 2743 393 2778 Quatuor
414 2755 526 2785 pueros
551 2748 717 2787 peperisse,
746 2748 905 2787 Nomium,

210 2790 390 2832 Aristaeum,
407 2794 590 2836 Authocum,
606 2797 771 2838 Argoeum]
795 2798 906 2830 Aliter

208 2841 350 2873 Pindar.
373 2852 426 2875 ix.
450 2844 552 2885 Pyth.
579 2851 615 2877 et
640 2847 743 2878 Diod.
773 2858 822 2880 ιν.
852 2851 905 2879 83.

1565 336 1650 377 849

953 435 1155 467 Aristaeum:
1185 437 1345 468 Nomium
1363 448 1443 470 vero
1458 443 1494 470 et
1506 439 1650 481 Agrium

951 485 1017 526 (ita
1030 487 1118 517 enim
1131 487 1262 527 legend.
1275 498 1339 519 non
1352 489 1515 528 Argoeum,
1528 495 1566 522 ut
1580 491 1652 532 hic)

952 536 1091 568 Aristaei
1108 539 1309 578 cognomina
1333 539 1476 581 faciunt,
1500 542 1578 573 ideo
1601 543 1650 575 sic

952 586 1047 626 dicti,
1082 588 1171 629 quod
1203 590 1375 620 venationi
1414 596 1450 622 et
1479 593 1651 632 pascendo

951 636 1069 676 pecori
1095 642 1185 669 esset
1211 638 1381 670 addictus.
1426 641 1515 672 Nam
1541 641 1652 682 ἀγρεὺς

952 690 1006 717 est
1020 690 1158 726 venator,
1180 693 1216 719 et
1238 687 1339 727 νόμιος
1353 698 1372 720 a
1387 688 1496 728 νέμειν,
1516 701 1652 733 pascere,

952 735 1088 768 dicitur.
1112 738 1211 769 Bern.

994 786 1182 827 Aristaeum]
1207 788 1312 829 Cujus
1336 788 1532 821 Sallustium
1559 800 1651 822 men-

951 835 1076 867 tionem
1093 836 1220 869 fecisse
1235 839 1363 870 indicat
1380 840 1517 871 Servius
1533 841 1566 872 in
1578 842 1654 872 Vir-

952 887 1010 926 gil.
1028 895 1053 918 1.
1071 887 1115 919 G.
1162 888 1275 920 Quare
1293 899 1348 930 ap.
1363 889 1513 921 Probum
1530 891 1653 923 Catho-

950 936 1024 967 licis
1053 937 1206 968 Sallustii
1243 938 1470 979 fragmentum
1507 941 1556 973 ita
1585 943 1652 981 leg.

951 985 1120 1018 arbitror:
1151 988 1304 1028 Apollinis
1336 990 1373 1021 F.
1407 990 1445 1031 (i.
1477 1001 1508 1022 e.
1537 992 1652 1033 filius,-

950 1037 1050 1076 vulgo
1065 1035 1157 1078 filia)
1179 1041 1210 1068 et
1229 1039 1385 1080 Cy1·enes;
1407 1045 1445 1072 ut
1466 1039 1652 1074 Aristaeum

950 1085 1132 1127 intelligat.
1155 1088 1261 1128 Bong.

994 1137 1012 1176 ς
1039 1139 1058 1166 8
1088 1137 1118 1168 Α
1145 1141 1236 1178 patre
1259 1139 1353 1180 Speo]
1377 1141 1405 1172 E
1421 1141 1525 1173 Diod.
1544 1151 1593 1174 1v.
1617 1147 1654 1174 et

951 1186 1125 1226 Apollonii
1143 1189 1252 1220 Schol.
1275 1191 1408 1230 patebit
1423 1192 1560 1233 legend.
1578 1203 1654 1224 esse

951 1237 1092 1278 Hypseo,
1114 1248 1180 1270 non
1202 1240 1294 1280 Speo.
1338 1240 1452 1283 Apum
1469 1252 1601 1284 quoque
1617 1248 1654 1275 et

951 1289 1059 1319 mellis
1087 1299 1182 1321 usum
1213 1291 1396 1331 invenisse,
1430 1296 1578 1324 testatur
1606 1293 1652 1325 id.

952 1339 1170 1371 Scholiastes.
1215 1341 1353 1373 Videsis
1378 1342 1482 1373 etiam
1499 1343 1655 1375 Heracli-

953 1388 1029 1419 dem
1046 1389 1228 1421 Pouticum
1244 1391 1276 1421 in
1290 1392 1435 1423 Ceorum
1449 1393 1653 1433 Republica.

957 1440 1042 1471 Voss.
1085 1441 1183 1473 Junt.
1202 1442 1340 1482 Hypseo.
1386 1443 1430 1474 Et
1450 1443 1497 1473 sic
1516 1444 1651 1483 legend.

952 1498 1023 1519 esse
1040 1499 1081 1520 ex
1099 1491 1202 1522 Diod.
1220 1497 1256 1522 et
1271 1492 1448 1533 Apollonii
1461 1494 1653 1525 Scholiasta

952 1539 1083 1579 pridem
1095 1541 1290 1573 observavit
1302 1543 1411 1574 Isaac.
1424 1544 1523 1574 Voss.
1545 1544 1655 1575 Graev.

952 1589 1078 1620 Mirum
1098 1591 1186 1631 quod
1206 1592 1315 1633 Bong.
1332 1593 1449 1624 maluit
1465 1593 1556 1633 Speo,
1578 1604 1654 1625 cum

953 1639 1058 1670 sciret
1076 1641 1286 1681 antiquiores
1311 1643 1402 1683 typis
1428 1653 1525 1684 expr.
1552 1644 1652 1677 Junt.

953 1688 1056 1719 Becli.
1082 1689 1235 1731 aliosque
1259 1691 1382 1723 habere
1410 1693 1548 1735 Hypse0‚
1570 1700 1605 1726 ut
1634 1706 1655 1727 a

954 1738 1056 1769 Diod.
1071 1745 1105 1771 et
1120 1740 1306 1772 Scholiaste
1320 1742 1491 1782 Apollonii
1510 1744 1537 1774 is
1554 1754 1654 1776 voca-

954 1792 1019 1819 tur.
1064 1789 1100 1819 Si
1129 1791 1274 1822 maxime
1298 1792 1332 1822 in
1358 1792 1460 1824 codd.
1490 1793 1573 1825 Mss.
1604 1804 1654 1827 re-

954 1840 1084 1878 pererit
1114 1839 1206 1879 Speu,
1228 1850 1295 1872 non
1325 1842 1423 1873 video
1454 1847 1566 1874 tamen
1594 1855 1655 1876 cur

952 1888 1037 1918 istos
1064 1889 1163 1920 codd.
1188 1890 1241 1921 hic
1269 1890 1428 1923 debuerit
1455 1894 1561 1934 sequi.
1605 1895 1655 1926 Si-

954 1938 1089 1979 quidem
1115 1944 1200 1971 vett.
1227 1940 1276 1971 illi
1299 1942 1391 1981 typis
1409 1952 1506 1983 expr.
1523 1944 1577 1985 qui
1595 1945 1655 1976 ali-

953 1993 1007 2019 ter
1031 1988 1170 2028 habent,
1194 1989 1296 2022 codd.
1317 1992 1399 2023 Mss.
1423 1992 1542 2034 utique
1568 1994 1655 2025 rese-

953 2043 1042 2071 runt.
1089 2039 1219 2071 Notum
1249 2051 1398 2082 quoque,
1421 2052 1520 2083 quam
1556 2044 1654 2076 codd.

953 2092 1037 2123 Mss.
1061 2092 1094 2122 in
1114 2091 1302 2124 manifestis
1327 2094 1456 2125 mendis
1482 2105 1549 2127 non
1576 2106 1654 2128 raro

953 2147 1153 2183 congruant.
1199 2144 1286 2177 Quae
1317 2145 1421 2177 etiam
1451 2156 1554 2179 causa
1579 2147 1655 2188 fuit,

953 2193 1041 2234 quod
1058 2203 1125 2224 non
1142 2194 1258 2234 paucis
1277 2195 1358 2227 locis
1371 2198 1446 2237 ipse
1462 2198 1570 2238 Bong.
1586 2208 1654 2229 non

953 2243 1106 2275 codicum
1123 2245 1208 2276 Mss.
1224 2246 1284 2277 sed
1307 2247 1400 2287 typis
1416 2257 1654 2288 expressorum

953 2295 1194 2327 auctoritatem
1210 2300 1345 2328 secutus
1361 2301 1427 2329 est.
1450 2298 1524 2330 Vor.

996 2345 1013 2384 ᾧ
1039 2347 1060 2375 9
1084 2345 1260 2386 Recepisse]
1282 2347 1340 2377 Ita
1370 2347 1455 2378 Mss.
1483 2347 1654 2380 referente

952 2394 985 2424 in
1002 2395 1083 2425 Var.
1097 2395 1195 2426 Lect.
1209 2401 1244 2426 et
1258 2397 1426 2436 probante
1441 2398 1552 2439 Bong.
1587 2398 1654 2430 Sed

953 2445 1037 2476 editi
1052 2446 1176 2486 cepisse.
1200 2447 1306 2478 Bern.

996 2496 1014 2536 ᾗ
1039 2498 1078 2526 10
1100 2496 1271 2527 Ανὶείαῑαηι
1295 2497 1330 2528 in
1354 2497 1510 2538 Arcadia]
1533 2499 1654 2539 virgil.

954 2545 998 2576 G.
1012 2555 1060 2576 ιν.
1076 2548 1150 2578 283.
1173 2547 1182 2563 ‘
1195 2547 1355 2579 Arcadici
1369 2549 1589 2580 memoranda
1604 2550 1653 2580 in-

954 2601 1057 2627 venta
1072 2596 1249 2636 magistri!
1295 2598 1363 2629 Hic
1388 2599 1431 2629 ob
1455 2603 1507 2630 tot
1532 2601 1655 2631 merita

955 2647 1072 2686 generi
1087 2647 1230 2678 humano
1255 2648 1412 2688 praestita
1426 2648 1461 2679 in
1478 2659 1654 2682 numerum

954 2698 1107 2728 Deorum
1125 2703 1282 2739 receptus
1300 2704 1369 2730 est:
1395 2709 1493 2740 quem
1510 2701 1654 2741 proinde

956 2747 1077 2788 Virgil.
1108 2748 1197 2778 inter
1228 2754 1361 2780 ceteros
1389 2749 1540 2789 invocat,
1564 2750 1608 2782 G.
1630 2760 1655 2782 1.

959 2801 1009 2829 14.
1057 2799 1216 2830 Ceterum
1259 2805 1431 2831 auctorem
1471 2801 1654 2841 colligendi

957 2849 1065 2880 mellis
1082 2850 1196 2889 alium,
1220 2850 1406 2890 Gargorem
1423 2851 1586 2883 Curetum
1603 2861 1654 2883 re-

211 2891 276 2926 Qui
307 2892 458 2932 Cyrenes
488 2894 593 2927 filium
621 2906 723 2929 unum
754 2897 908 2930 referunt
959 2909 1047 2940 gem,
1071 2900 1143 2941 ipse
1174 2901 1263 2933 Just.
1294 2910 1391 2932 xmv.
1421 2904 1452 2934 4.
1481 2904 1512 2933 2.
1536 2901 1654 2934 refert.

268 2954 271 2955 ⁷
297 2945 409 2986 Delph.
427 2951 454 2977 (ί
474 2947 546 2979 Vur.
563 2949 646 2981 Clas.

868 2953 988 2984 sustin.
1492 2946 1525 2986 3'
1537 2955 1568 2986 H
