2174 3424
578 326 772 358 JUSTINl
807 328 900 358 Lm.
931 329 980 358 11.
1014 330 1119 360 cAP.
1151 321 1218 361 10.

176 420 395 462 compositum
420 429 481 460 pro
502 420 645 461 simplici
660 421 714 453 hic
729 431 868 462 usurpa-

176 476 242 511 tur,
267 470 489 502 indicabatur.
534 470 669 502 Hirtius
691 480 746 511 ap.
771 471 865 502 Suet.

173 521 242 553 Jul.
257 523 309 551 56.
331 520 340 535 ‘
356 520 427 551 Nos
441 520 556 561 etiam,
572 530 673 561 quam
687 520 786 551 facile
807 524 867 552 aut

171 570 328 602 celeriter
344 579 400 601 eos
415 571 687 611 [commentarios
710 570 868 611 Caesaris]

170 619 422 661 perscripserit,
438 621 582 653 scimus!
616 621 706 661 Nep.
722 622 866 653 Datame

169 673 201 699 5.
220 670 230 686 ‘
246 669 334 701 Haec
349 669 523 702 Pandates
539 671 729 712 perscripta
744 671 775 702 ei
791 671 866 702 mit-

171 719 240 751 tit!
263 720 315 750 Id.

211 771 403 810 Easdemque
416 769 500 809 cera]
523 770 623 810 Nam,
639 769 666 800 si
681 779 757 801 cera
771 769 867 801 indu-

169 823 279 857 catur,
295 820 426 851 nonita
449 820 530 859 olet,
546 829 584 850 ac
611 819 638 850 si
659 819 788 860 liquida
814 830 866 851 su-

167 868 403 909 perfundatur.
461 869 539 900 Hoc
568 872 620 900 est
656 870 745 910 quod
781 869 865 900 dicit

166 919 320 959 Polyaen.
355 919 578 950 Demaratum
607 918 638 949 ἐς
662 917 769 958 πτύχα
790 917 863 956 ἀκή-

165 980 262 1008 ρωτον
281 967 441 1010 ’γράψαντα
461 969 654 1009 ἐπικηρῶσαι.
699 970 862 1002 Quamvis

167 1018 300 1050 Herod.
316 1020 426 1051 aliter.
469 1020 618 1051 Doctiss.
637 1019 787 1051 Gronov.
805 1029 860 1060 ap.

165 1068 257 1101 Just.
280 1069 430 1100 malebat
454 1071 613 1110 eademque
637 1079 717 1101 cera.
761 1068 861 1102 Quod

165 1127 229 1158 ego
258 1128 325 1150 non
355 1123 449 1160 puto.
494 1120 656 1160 Explicat
677 1120 763 1151 hanc
790 1129 860 1150 rem

163 1168 233 1200 Jul.
257 1167 438 1200 Africanus
465 1179 542 1210 cap.
569 1174 622 1202 54.
648 1169 715 1211 περὶ
736 1169 862 1210 κρυφίας

164 1219 335 1250 ἐπιστολῶν
350 1218 530 1258 εἶσπυμπῆς.
565 1220 670 1260 Cujus
685 1220 790 1251 verba
806 1219 861 1250 ad-

163 1268 306 1300 scribam
321 1268 458 1300 ;”Αλλον
472 1268 566 1300 πάλιν
578 1270 610 1300 ἐν
622 1271 668 1309 τῷ
680 1271 736 1307 τῆς
751 1269 861 1301 δέλτου

162 1319 242 1360 ξύλῳ
260 1319 443 1361 γράψαντες,
458 1321 548 1362 κηρὸν
563 1320 724 1361 ἐπέτηξαν,
739 1321 788 1352 καὶ
804 1321 861 1353 ἄλ-

163 1376 207 1400 λα
234 1369 277 1401 εἷς
300 1370 355 1401 τὸν
379 1370 469 1411 κηρὸν
499 1370 645 1411 ἔγραψαν.
708 1370 784 1402 Εἶτα
809 1371 860 1403 ὅτε

162 1420 250 1461 ἦλθε,
265 1421 411 1462 πρότερον
431 1421 467 1459 δὴ
491 1421 546 1452 τὸν
570 1421 661 1462 κηρὸν
687 1422 860 1464 ἐκκινήσας,

163 1471 214 1502 καὶ
228 1471 387 1512 ἀναγνοὺς,
402 1471 604 1512 ὁμοιοτρόπως
624 1471 858 1505 ἀνταπέστειλε.

170 1523 256 1554 Voss.
277 1523 374 1554 Junt.
391 1524 551 1562 eademque
566 1532 656 1553 cera:
677 1523 766 1564 quod
783 1533 859 1563 pro-

162 1572 218 1603 bo.
262 1573 350 1603 Cera
380 1582 426 1603 sc.
456 1572 590 1612 abrasa,
623 1572 690 1612 ipsi
719 1573 858 1605 tabellae

164 1622 300 1661 ligneae,
316 1631 390 1663 quae
413 1621 537 1653 rescire
557 1623 695 1654 volebat
716 1632 793 1654 suos
814 1624 859 1655 ci-

163 1681 235 1711 ves,
257 1672 475 1712 inscripserat
490 1672 705 1713 Demaratus,
725 1673 858 1705 eadem-

162 1730 227 1762 que
240 1730 318 1752 cera
333 1721 576 1761 superinducta
587 1720 773 1761 deleverat,
783 1733 857 1763 quae

162 1771 322 1812 scripsit;
347 1781 401 1810 ne,
416 1771 443 1801 si
459 1771 526 1801 ulla
541 1780 619 1802 cera
633 1771 721 1803 illita
736 1772 857 1804 fuisset

161 1821 302 1860 tabulae,
318 1821 352 1851 in
367 1830 484 1852 manus
504 1821 685 1853 Persarum
704 1823 760 1854 nbi
775 1823 856 1854 inci-

160 1870 278 1911 disset,
294 1881 388 1902 suum
404 1872 577 1903 consilium
594 1873 714 1912 patriae
730 1873 856 1914 signifi-

158 1920 260 1952 candi
287 1925 488 1962 apparatum
512 1921 670 1952 bellicum
694 1923 855 1954 adversus

159 1973 343 2012 Graeciam,
367 1977 436 2013 aut,
462 1973 490 2004 si
516 1982 634 2004 recens
661 1982 741 2004 cera
763 1978 854 2005 esset

157 2023 309 2064 inducta,
324 2028 529 2063 stratagema
540 2023 627 2063 ejus,
641 2024 854 2064 proderetur.

159 2073 238 2104 Non
263 2082 350 2113 nego
375 2072 480 2104 verba
503 2073 631 2105 Justini
659 2073 854 2105 obscuriora

158 2132 245 2155 esse.
288 2123 434 2154 Videtur
454 2128 513 2154 aut
525 2123 616 2155 Just.
632 2124 758 2165 aliquid
773 2125 854 2155 orni-

156 2173 252 2213 sisse,
266 2177 325 2204 aut
340 2173 576 2213 descriptores.
609 2174 712 2204 Forte
725 2175 852 2214 Trogus

156 2224 358 2264 scripserat:
394 2224 403 2240 ‘
420 2223 544 2254 Omnia
567 2223 600 2254 in
631 2223 766 2255 tabellis
793 2225 854 2264 lig-

156 2273 229 2304 neis
264 2273 515 2313 magistratibus
543 2273 724 2313 perscribit
756 2284 853 2305 erasa

156 2332 247 2363 cera,
273 2323 456 2364 eademque
480 2323 721 2363 superinducta
746 2325 851 2366 scrip-

157 2378 268 2405 turam
283 2373 401 2405 delet.'
447 2374 515 2404 Cur
533 2383 614 2405 vero
637 2384 756 2406 recens
773 2386 852 2407 cera

155 2424 261 2464 magis
276 2423 418 2464 prodere
438 2424 588 2463 potuerit
603 2423 729 2465 dolum,
751 2436 851 2466 quam

153 2474 329 2514 vetustior,
343 2474 490 2505 rationes
514 2474 633 2514 procul
654 2474 757 2506 dubio
778 2476 849 2516 plu-

156 2534 208 2556 res
237 2524 428 2566 potuissent
461 2523 546 2563 dari,
581 2524 610 2554 si
643 2524 850 2556 consuetudo

155 2574 279 2605 tabulis
306 2574 424 2614 ligneis
450 2573 567 2604 utendi
592 2583 661 2605 non
687 2576 852 2607 exolevis-

154 2627 217 2656 set.
262 2624 342 2655 Non
367 2623 450 2654 odor
474 2627 604 2655 tantum
630 2624 688 2655 sed
709 2629 745 2656 et
759 2627 852 2657 color

153 2677 304 2704 veterem
315 2677 371 2704 aut
383 2677 553 2704 recentem
565 2683 674 2705 ceram
686 2675 851 2708 distinxit.

155 2724 237 2755 Cum
251 2724 354 2764 igitur
369 2727 465 2755 vetus
481 2733 571 2763 cera,
583 2724 640 2755 diu
654 2730 734 2757 ante
751 2727 850 2765 illita,

153 2773 188 2804 in
204 2773 336 2805 tabellis
357 2773 602 2814 reperiebatur,
626 2784 724 2806 nemo
749 2774 850 2808 facile

155 2827 291 2863 poterat
305 2824 468 2864 suspicari
484 2824 546 2855 snb
558 2824 616 2855 illa
630 2834 709 2856 cera
723 2826 847 2867 aliquid

153 2874 261 2905 latere
278 2879 431 2906 recenter
445 2874 621 2917 scriptum,
638 2875 717 2916 quia
735 2880 847 2909 vetus·

1530 322 1613 364 681.

920 425 971 453 tas
998 432 1086 453 cerae
1115 423 1195 454 nihil
1223 426 1289 455 tale
1316 435 1385 466 prae
1414 435 1450 456 se
1469 424 1615 465 ferebat,

917 480 993 502 cum
1020 481 1138 503 recens
1162 483 1253 512 cera,
1281 485 1386 506 vacua
1410 476 1546 516 litteris,
1567 476 1614 506 fa-

917 520 982 551 cile
1013 522 1180 561 potuisset
1213 524 1436 564 suspicionem
1463 535 1612 563 movere,

916 580 983 601 non
997 570 1124 603 frustra
1145 572 1237 603 illam
1254 574 1355 605 modo
1371 574 1512 605 infusam
1526 585 1613 614 esse,

916 620 976 651 sed
993 621 1053 652 sub
1070 621 1127 652 illa
1143 623 1261 661 procul
1280 622 1381 654 dubio
1404 624 1530 664 aliquid
1554 635 1611 655 oc-

916 670 1050 711 cultari,
1074 671 1176 711 quod,
1206 671 1231 702 si
1262 672 1471 712 eraderetur,
1501 674 1609 713 palam

915 719 1024 751 fieret.
1069 721 1155 752 Haec
1177 731 1250 752 mea
1266 721 1307 752 de
1323 722 1388 753 isto
1404 723 1426 753 l.
1440 724 1612 754 sententia

915 775 975 802 est.
1009 771 1076 811 Ap.
1091 771 1230 803 Petron.
1251 772 1260 789 ‘
1279 772 1437 803 Nondum
1452 773 1611 803 umbrati-

915 831 973 852 cus
996 821 1114 852 doctor
1136 821 1273 862 ingenia
1291 821 1498 852 deleverat?
1520 822 1553 852 h.
1578 831 1611 853 e.

912 872 1060 903 nondum
1087 873 1297 913 perdiderat.
1333 873 1342 890 ‘
1360 873 1487 904 Delere
1516 873 1611 912 inge-

913 921 1021 953 nium'
1051 926 1114 963 est,
1150 923 1351 963 extinguere
1381 922 1446 953 vim
1472 922 1612 962 ingenii.

913 972 1071 1011 Delinere,
1097 981 1171 1012 pro,
1187 972 1347 1003 collinere
1368 976 1438 1011 aut,
1463 972 1608 1011 illinere,

912 1031 978 1053 nou
996 1023 1120 1062 legitur
1136 1032 1191 1062 ap.
1204 1023 1307 1053 ullum
1323 1022 1524 1062 scriptorem
1542 1026 1609 1054 vet.

912 1071 1015 1110 Dein,
1036 1072 1117 1103 licet
1140 1071 1362 1112 reperiretur,
1386 1071 1466 1113 quid
1495 1076 1608 1102 tamen

913 1126 966 1152 est
986 1122 1118 1153 delinere
1135 1126 1194 1153 aut
1207 1122 1350 1152 collinere
1364 1119 1545 1161 ingenium?
1570 1122 1607 1152 Si

912 1171 1120 1202 scriberetur
1144 1172 1201 1203 hac
1222 1172 1277 1202 vel
1300 1172 1356 1203 illa
1375 1175 1444 1202 arte
1465 1171 1607 1202 coltinere

909 1221 1048 1262 ingenia,
1064 1226 1181 1262 posset
1201 1221 1291 1253 forte
1311 1221 1405 1263 ferri,
1428 1223 1469 1254 ad
1494 1232 1606 1254 exem-

912 1273 1003 1313 plum
1029 1272 1118 1303 illius
1143 1273 1335 1313 locutionis,
1356 1274 1530 1305 ‘imbuere
1557 1274 1606 1304 in-

911 1323 1045 1363 genium
1069 1323 1246 1355 scientia:'
1275 1324 1386 1364 simpl.
1416 1334 1496 1356 vero
1522 1325 1606 1356 colli-

909 1383 979 1404 nere
992 1374 1151 1412 ingenium
1173 1375 1264 1415 (nam
1286 1374 1420 1405 delinere
1446 1379 1604 1416 tanquam

909 1423 1060 1462 ignotum
1085 1424 1255 1455 veteribus
1281 1425 1480 1457 vocabulum
1505 1426 1605 1466 plane

909 1479 962 1505 est
977 1475 1222 1516 respuendum)
1243 1485 1309 1508 non
1326 1481 1441 1517 potes-t
1459 1477 1604 1517 probari.

912 1527 1020 1557 Groev.
1073 1526 1156 1557 Plus
1180 1527 1284 1558 habet
1313 1526 1520 1559 difficultatis
1549 1528 1604 1558 hie

908 1575 1012 1615 locus,
1028 1575 1085 1606 ubi
1104 1575 1301 1616 diligentius
1325 1578 1425 1617 paulo
1448 1577 1603 1608 attende-

908 1625 967 1665 ris,
982 1635 1081 1666 quam
1096 1625 1204 1665 prima
1223 1625 1334 1657 fronte
1347 1626 1492 1658 videtur.
1526 1626 1602 1657 Pri-

907 1685 997 1706 mum
1013 1677 1116 1716 enim,
1129 1677 1202 1717 quis
1218 1677 1280 1708 boc
1296 1687 1370 1708 cum
1382 1677 1514 1717 judicio
1530 1677 1602 1708 dix-

908 1726 972 1757 erit
987 1727 1085 1757 delere
1104 1727 1224 1758 tabulas
1241 1726 1331 1760 cera?
1354 1727 1496 1758 Dicend.
1513 1727 1602 1758 enim

906 1778 1022 1816 tegere,
1035 1786 1100 1806 non
1115 1777 1224 1807 delere.
1270 1777 1371 1814 Dein,
1388 1787 1463 1817 quae
1482 1777 1602 1808 isthaec

907 1825 992 1856 ratio
1007 1825 1134 1857 Justini
1155 1831 1219 1865 est,
1241 1836 1312 1857 cera
1336 1827 1462 1857 inducta
1483 1826 1602 1857 tabulas

905 1874 997 1913 delet,
1011 1884 1049 1905 ne
1060 1883 1162 1905 recens
1175 1884 1244 1906 cera
1255 1877 1355 1906 dolum
1367 1875 1502 1916 prodat?
1526 1877 1601 1909 Quo

906 1924 959 1954 vel
977 1923 1144 1955 recentior
1158 1934 1238 1956 cera
1262 1929 1325 1964 est,
1350 1926 1403 1955 vel
1423 1926 1602 1966 vetustior,

904 1983 945 2004 eo
971 1983 1014 2005 ne
1039 1973 1099 2005 fiet
1124 1978 1162 2005 ut
1188 1975 1241 2005 vel
1267 1974 1400 2006 facilius
1424 1974 1518 2006 dolus
1544 1977 1600 2007 vel

903 2021 1069 2054 difficilius
1083 2024 1279 2064 aperiatur?
1302 2024 1392 2055 Huic
1409 2023 1603 2056 difficultati

903 2072 1036 2103 obviam
1062 2073 1111 2103 ire
1137 2073 1246 2105 voluit
1271 2074 1314 2105 cl.
1341 2075 1439 2105 Voss.
1460 2075 1599 2115 ‘Nam‚'

902 2122 1025 2163 inquit,
1049 2124 1058 2139 ‘
1074 2123 1102 2154 si
1132 2133 1212 2155 cera
1239 2123 1432 2164 inducatur,
1460 2134 1526 2155 non
1550 2125 1600 2156 ita

903 2173 986 2212 olet,
1016 2182 1055 2203 ac
1085 2173 1114 2203 si
1141 2173 1271 2214 liquida
1308 2174 1597 2215 superfundatur!

903 2223 972 2254 Sed
987 2233 1064 2254 cera
1086 2233 1205 2255 recens
1227 2234 1338 2256 nonne
1361 2234 1457 2266 aeque
1480 2235 1597 2266 super-

903 2273 979 2304 duci
995 2277 1109 2313 potest
1124 2274 1246 2313 acilia,
1259 2284 1334 2316 quae
1351 2275 1395 2306 sit
1412 2276 1597 2306 vetustior?

903 2323 1006 2362 Dein,
1022 2323 1049 2354 si
1069 2332 1147 2354 cera
1163 2325 1294 2355 recenti
1315 2335 1393 2356 usus
1414 2330 1506 2357 esset
1525 2327 1596 2357 De-

900 2377 1182 2414 maratus,neque
1198 2374 1231 2405 in
1245 2384 1286 2406 ea
1296 2375 1475 2416 quidquam
1492 2377 1596 2416 scrip-

900 2423 1009 2463 sisset,
1024 2432 1067 2454 an
1088 2423 1165 2455 ideo
1183 2425 1283 2456 citius
1297 2426 1432 2465 prodita
1448 2436 1501 2457 res
1517 2425 1596 2457 fuis-

901 2478 966 2513 set,
981 2483 1079 2514 quam
1096 2473 1123 2504 si
1144 2474 1328 2505 vetustiore
1343 2475 1393 2506 uti
1409 2476 1594 2507 voluisset?

900 2523 1075 2554 Praeterea
1097 2523 1154 2564 qui
1179 2523 1275 2555 videt
1294 2534 1407 2555 ceram
1431 2530 1595 2567 veterem,

899 2572 933 2603 in
956 2582 1022 2614 qua
1043 2572 1124 2603 nihil
1147 2572 1308 2613 scriptum
1330 2579 1509 2614 appareat,
1524 2575 1598 2616 ille,

900 2623 927 2654 si
940 2623 1049 2664 quain
1060 2623 1247 2663 suspicione
1264 2623 1333 2655 doli
1345 2625 1422 2664 erit,
1434 2635 1501 2656 non
1517 2626 1593 2657 ideo

899 2674 1005 2705 minus
1021 2683 1134 2705 ceram
1152 2674 1243 2704 illam
1267 2674 1420 2713 eraserit,
1441 2684 1540 2715 quam
1564 2676 1592 2707 si

898 2733 1017 2754 recens
1039 2722 1152 2755 fuerit.
1187 2723 1277 2754 Add.
1300 2724 1389 2764 quod
1413 2724 1440 2754 si
1455 2726 1527 2766 quis
1544 2726 1592 2756 di-

899 2779 955 2805 cat
970 2783 1082 2805 ceram
1096 2773 1370 2814 superinductam
1387 2774 1509 2805 tabulis
1528 2776 1590 2816 lig«

897 2823 1039 2863 ueis,ex
1065 2832 1105 2854 eo
1131 2832 1196 2853 uon
1223 2822 1310 2856 effici
1334 2823 1390 2854 illa
1413 2828 1451 2855 ut
1473 2825 1516 2856 sit
1534 2835 1589 2856 ve-

897 2875 1030 2915 tustior,
1055 2873 1237 2914 recentior,
1264 2873 1391 2915 durior,
1417 2875 1588 2917 liquidior.
