2174 3424
491 322 576 363 712

490 429 548 460 Ita
574 425 709 468 legend.
740 434 816 457 esse
845 424 996 466 conjecit
1021 424 1189 456 Bernecc.

491 488 552 520 pro
579 488 617 509 eo
643 476 732 518 quod
759 479 838 507 ante
864 475 994 506 editum
1021 480 1097 506 erat
1119 478 1147 506 et
1171 485 1191 506 a

489 529 599 560 nimia.
644 528 691 558 Et
720 530 866 557 testatur
892 525 1009 556 Graev.
1040 529 1192 556 veterem

490 578 589 611 Junt.
603 577 658 608 ed.
671 574 853 608 manifeste
869 576 917 607 sic
929 575 1067 606 habere.
1090 575 1192 607 Vorst.

492 628 585 660 Ante
602 627 706 658 verba
721 630 751 657 et
767 626 865 657 animi
877 626 959 657 Mss.
974 625 1051 656 libri
1066 625 1194 656 habent

491 683 562 722 duo,
577 680 667 723 quod
691 679 827 711 videtur
850 678 1064 719 repudiatum
1081 678 1124 709 ab
1140 678 1193 716 iis,

491 733 549 774 qui
579 741 646 762 non
679 729 919 770 intelligebant
955 728 1192 769 compendium

491 782 684 823 scripturae.
720 779 871 819 Legend.
888 779 978 810 enim
994 778 1065 808 sine
1080 778 1193 817 dubio,

493 834 572 874 Rep.
594 833 640 871 ig.
666 840 738 862 nav.
763 829 874 860 bellum
897 829 1006 867 denuo,
1029 830 1059 858 et
1085 828 1194 867 animi,

519 895 545 914 c.
571 880 685 914 Schef.

492 886 517 925 ὃ.
535 935 553 974 ξ
576 936 595 964 7
621 928 831 971 Eurymedon]
853 928 963 959 Miror
977 927 1063 958 Mss.
1079 936 1194 958 omnes

493 985 526 1015 h.
544 984 565 1014 l.
582 982 743 1013 mendose
767 988 901 1020 prorsus
926 979 1043 1018 legere
1060 978 1194 1018 Eurylo-

493 1044 556 1073 σας,
581 1031 752 1074 quomodo
777 1034 812 1060 et
829 1029 933 1061 Oros.
961 1029 1027 1060 Ms.
1062 1028 1135 1068 Ego
1159 1028 1193 1059 in

492 1084 585 1123 vulg.
611 1083 690 1113 lect.
706 1084 797 1111 cont.
822 1078 997 1109 historiam
1019 1077 1101 1108 nihil
1125 1088 1195 1109 mu-

495 1139 570 1164 tare
586 1141 685 1162 ausus
703 1140 787 1161 sum.
812 1130 915 1168 Bong.

540 1181 703 1222 Triginta]
726 1180 826 1211 Oros.
841 1180 850 1196 ‘
867 1177 1044 1209 undecim!
1068 1178 1119 1209 Id.

537 1234 554 1273 ξ
578 1236 599 1264 9
625 1234 757 1263 Centum
775 1228 926 1268 triginta]
961 1228 1063 1259 Oros.
1081 1237 1121 1259 11.
1138 1230 1190 1259 14.

496 1283 651 1314 totidem.
711 1280 758 1311 At
783 1279 934 1319 Thucyd.
959 1287 1027 1309 vn.
1058 1281 1110 1308 13.
1140 1281 1195 1309 24.

495 1331 764 1365 Atheniensibus
806 1339 850 1360 ex
887 1332 1060 1369 postrema
1096 1328 1195 1359 clade

946 330 1089 360 NOTAE
1121 329 1388 361 VARIORUM
1423 329 1474 360 ΙΝ

1244 422 1477 456 tantummodo
1488 426 1541 455 70.
1555 432 1657 455 naves
1673 423 1820 465 reliquas
1836 421 1942 454 fuisse

1245 475 1377 507 scribit.
1401 476 1501 506 Rern.

1288 526 1305 565 ξ
1331 528 1371 555 10
1393 524 1623 560 Demosthenes,
1645 523 1714 564 85c.]
1747 524 1942 564 Utrumque

1247 585 1267 607 a
1313 576 1534 616 Syracusanis
1576 575 1796 607 interfectum
1836 575 1944 607 refert

1245 626 1397 666 Thucyd.
1414 635 1478 656 vn.
1492 624 1550 657 fin.
1563 630 1599 657 et
1614 626 1707 657 Plut.
1731 627 1835 666 Bong.

1289 675 1318 706 A
1334 675 1515 715 captivitate
1527 676 1647 714 gladio,
1661 678 1715 715 ᾂο.
1739 685 1771 707 se
1790 674 1944 715 vindicat]

1249 726 1456 766 Elegantius,
1471 729 1510 755 ut
1532 725 1655 764 omnia,
1676 726 1768 756 Flor.
1784 734 1835 757 lv,
1859 727 1891 756 9.
1913 727 1947 756 4.

1247 777 1257 793 ‘
1274 776 1327 807 Ne
1350 775 1482 805 veniret
1506 775 1539 804 in
1564 779 1784 814 potestatem,
1801 784 1820 805 a
1835 774 1946 815 gladio

1249 835 1309 856 suo
1325 823 1542 864 impetravit!
1575 823 1730 866 Thucyd.
1753 829 1868 856 tamen
1881 833 1947 856 vn.

1250 879 1301 908 16.
1317 880 1370 908 20.
1388 886 1453 907 una
1470 876 1602 907 Niciam
1626 881 1661 907 et
1680 876 1945 908 Demosthenem

1249 937 1269 957 a
1283 927 1504 967 Syracusanis
1527 930 1665 957 necatos
1681 926 1821 957 scribit:
1847 935 1947 967 quem

1248 977 1271 1008 l.
1298 978 1383 1008 citat
1406 981 1443 1008 et
1468 980 1571 1017 negat
1587 976 1681 1007 Plut.
1707 976 1742 1007 in
1768 976 1869 1008 Nicia
1883 975 1947 1007 sub

1247 1026 1361 1058 finem.
1384 1027 1483 1058 Bern.

1292 1079 1309 1118 ξ
1333 1081 1371 1108 11
1397 1076 1525 1117 Nicias]
1549 1076 1651 1118 Angl.
1676 1077 1721 1108 Ν.
1744 1086 1827 1116 vero,
1851 1075 1948 1107 etiam

1250 1128 1480 1166 Demosthenis,
1495 1130 1530 1158 ut
1547 1138 1572 1157 s.
1596 1138 1622 1159 c.
1645 1129 1726 1158 adm.
1743 1127 1890 1167 exemplo,
1905 1127 1946 1158 cl.

1248 1187 1293 1208 su.
1308 1177 1502 1217 captivitatis
1515 1178 1584 1208 ded.
1608 1177 1788 1208 cumulavit.
1833 1176 1947 1207 Etiam

1249 1228 1303 1259 hic
1315 1228 1441 1258 nollem
1453 1232 1582 1259 temere
1594 1227 1751 1258 deserere
1764 1226 1949 1267 vulgatam.

1251 1278 1357 1316 Schef.

1075 1598 1294 1646 LIBER
1332 1597 1399 1644 V.

542 1737 629 1767 CAP.
653 1743 678 1765 1.
704 1735 720 1774 ξ
752 1735 767 1763 1
787 1731 963 1763 Alcibiades
976 1730 1097 1771 absens]
1111 1731 1199 1762 Thu-

498 1787 576 1828 cyd.
594 1794 657 1817 vn.
682 1787 734 1815 10.
756 1781 861 1813 Diod.
888 1790 970 1812 xm.
997 1785 1027 1812 5.
1055 1782 1147 1812 Plut.
1164 1786 1200 1812 et

498 1838 633 1869 Probus
658 1836 691 1866 iu
715 1833 827 1865 Alcib.
852 1832 973 1863 AElian.
993 1841 1075 1862 xm.
1090 1832 1132 1863 V.
1153 1832 1199 1863 H.

500 1891 553 1919 38.
591 1886 784 1918 Accusatur
817 1887 852 1913 et
889 1882 930 1912 de
967 1881 1103 1912 Hermis
1141 1885 1200 1912 aut

499 1937 679 1975 truncatis,
700 1939 738 1965 ut
757 1932 914 1973 Thucyd.
931 1941 980 1964 νι.
1005 1936 1036 1963 5.
1061 1937 1120 1963 aut
1142 1932 1198 1962 de-

492 1989 610 2030 jectis,
625 1993 662 2017 ut
678 1985 823 2016 Probus.
842 1984 997 2021 Bongars.
1023 1982 1200 2013 Initiorum

500 2037 750 2070 enuntiatorum
780 2033 921 2064 crimine
956 2037 1080 2073 purgat
1108 2032 1202 2063 Alci-

502 2089 650 2127 biadem,
673 2087 705 2117 in
735 2085 834 2117 Orat.
870 2083 912 2114 de
943 2083 1053 2123 Bigis,
1087 2092 1200 2124 praeco

500 2139 637 2171 laudum
650 2136 754 2177 ipsius
768 2135 952 2165 Isocrates.
975 2133 1076 2164 Ber-n.

546 2187 703 2229 Mysterz'a
740 2184 865 2216 Cereris
901 2183 1069 2214 Initiorum
1099 2183 1204 2224 sacra]

503 2242 710 2272 Persuasum
739 2236 847 2268 habeo
876 2238 968 2275 myst.
1000 2235 1072 2265 Cer.
1109 2239 1202 2265 certe

504 2291 640 2334 quidem
656 2291 746 2330 myst.
763 2286 955 2326 obrepsisse
971 2284 1082 2316 textui
1099 2285 1154 2326 (ut
1169 2285 1203 2315 in

503 2342 653 2374 Auctore
667 2336 790 2380 plura),
800 2345 876 2367 cum
892 2339 982 2366 esset
997 2334 1204 2375 adscriptum

505 2390 699 2433 explicandi
724 2397 840 2426 causa,
863 2386 944 2428 quid
969 2386 1036 2416 sint
1060 2386 1069 2402 ‘
1087 2385 1205 2417 Initio·

507 2453 580 2474 rum
597 2439 717 2472 sac1·a.'
742 2439 876 2469 Bernec.
922 2435 1115 2467 Retinenda
1140 2446 1207 2467 om-

506 2494 587 2524 nino
612 2492 693 2523 lect.
720 2489 810 2529 vulg.
837 2487 936 2527 Myst.
966 2486 1037 2517 Cer.
1065 2486 1142 2517 Iuit.
1170 2490 1207 2517 ut

509 2553 602 2584 supr.
630 2551 670 2573 ιι.
696 2543 728 2572 6.
761 2540 770 2556 ‘
787 2536 1020 2569 Simultatium
1047 2533 1207 2569 offensae.'

506 2592 672 2635 Loquitur
702 2589 791 2621 enim
822 2587 954 2619 Auctor
986 2587 1207 2627 pleonastice.

513 2645 648 2675 Gronov.
693 2638 843 2672 Delend.
868 2637 1005 2668 omnino
1026 2640 1117 2678 myst.
1133 2638 1205 2669 Cer.

511 2695 680 2735 glossema
699 2689 788 2721 enim
812 2691 864 2718 est
886 2687 1004 2717 horum
1019 2687 1209 2727 verborum,

512 2747 521 2762 ⁴
538 2743 716 2775 Initiorum
743 2736 863 2777 sacra‚‘
886 2736 974 2778 quod
990 2745 1043 2767 me
1064 2736 1208 2777 primum

511 2794 635 2825 vidisse
658 2790 838 2833 putabam:
863 2787 921 2818 sed
939 2787 1104 2818 Bernecc.
1129 2793 1209 2819 ante

512 2856 566 2877 me
583 2844 679 2882 vixit,
692 2846 729 2873 et
750 2841 784 2871 id
801 2838 885 2869 vidit
900 2836 990 2878 quod
1007 2844 1042 2868 et
1058 2847 1133 2877 ego,
1149 2837 1208 2868 sed

511 2896 617 2928 serius
635 2892 701 2924 vidi
729 2896 765 2922 et
792 2890 877 2930 ipse,
897 2888 1047 2928 inquam,
1061 2887 1133 2919 sine
1152 2888 1208 2920 ho-

1253 1738 1348 1768 nore,
1364 1727 1443 1770 quia
1459 1726 1515 1758 alii
1530 1726 1701 1758 viderant.
1744 1726 1811 1758 Sed
1833 1727 1953 1767 multa,

1254 1790 1367 1821 spero,
1378 1783 1485 1818 erunt,
1498 1788 1573 1820 quae
1587 1778 1684 1808 nobis
1698 1777 1823 1818 aliquid
1839 1777 1952 1808 solatii

1255 1829 1379 1861 afferre
1402 1829 1545 1870 possint,
1558 1828 1585 1859 si
1600 1838 1668 1869 qua
1683 1837 1744 1858 nos
1760 1826 1785 1859 f.
1808 1827 1952 1858 ambitio

1254 1882 1287 1912 in
1318 1882 1348 1912 Ιι.
1376 1891 1498 1922 genere
1534 1886 1651 1911 tenere
1680 1884 1803 1920 potest.
1838 1879 1953 1910 Faber.

1256 1932 1460 1963 Persuasum
1477 1931 1578 1962 habet
1591 1931 1756 1962 Bernecc.
1770 1932 1864 1970 myst.
1881 1929 1956 1961 Cer.

1256 1983 1310 2013 vel
1333 1986 1425 2013 certe
1451 1985 1543 2022 myst.
1570 1991 1612 2012 ex
1643 1981 1804 2020 margine,
1826 1980 1859 2010 in
1886 1989 1953 2020 quo

1256 2032 1494 2073 explicationis
1506 2041 1607 2062 causa
1620 2031 1825 2071 adscriptum
1838 2029 1956 2069 fuerit,

1257 2081 1436 2122 irrepsisse
1467 2081 1500 2111 in
1532 2085 1677 2112 textum.
1731 2081 1839 2111 Putat
1866 2079 1956 2110 enim

1256 2136 1348 2173 myst.
1374 2133 1447 2163 Cer.
1483 2131 1559 2162 luit.
1577 2141 1666 2162 sacra
1678 2130 1886 2170 ταυτολογίαν
1899 2131 1956 2161 ha·
1971 2156 1975 2161 .

1258 2182 1351 2222 bere,
1366 2188 1401 2213 et
1417 2185 1506 2222 myst.
1522 2183 1593 2213 Cer.
1606 2186 1640 2213 et
1657 2182 1734 2212 Init.
1749 2191 1837 2212 sacra
1853 2190 1955 2212 unum

1257 2240 1292 2265 et
1316 2234 1406 2265 idem
1432 2243 1516 2265 esse.
1569 2233 1617 2265 At
1642 2233 1793 2264 Freinsli.
1819 2233 1852 2264 in
1879 2232 1958 2264 lud.

1259 2283 1381 2323 Curtii,
1398 2293 1429 2314 v.
1446 2283 1542 2323 [nir-e,
1562 2283 1610 2314 sic
1632 2282 1863 2323 distinguend.
1879 2291 1958 2313 cen-

1258 2340 1331 2366 set:
1356 2337 1447 2374 myst.
1466 2334 1539 2364 Cer.
1562 2333 1740 2373 Initiorum,
1764 2342 1853 2364 sacra
1874 2333 1957 2363 nullo

1258 2384 1359 2423 magis
1383 2395 1412 2424 q.
1438 2385 1487 2414 sil.
1509 2384 1563 2415 sol.
1609 2383 1708 2416 Quod
1726 2383 1753 2414 si
1769 2392 1884 2413 verum
1909 2383 1959 2413 ita

1260 2434 1315 2472 sit,
1330 2432 1477 2464 fortasse
1500 2432 1736 2474 trajectionem
1753 2441 1886 2473 quoque
1908 2431 1959 2462 his

1261 2482 1388 2514 factam
1425 2482 1517 2513 credi
1555 2482 1673 2523 possit,
1709 2481 1959 2522 legendumque

1261 2537 1352 2575 myst.
1370 2533 1448 2565 [nit.
1485 2534 1556 2565 Cer.
1579 2533 1679 2573 Supr.
1706 2541 1746 2563 ιι.
1767 2535 1799 2563 6.
1824 2534 1876 2563 13.
1900 2540 1958 2562 vo-

1263 2589 1384 2616 cantur
1407 2585 1415 2601 ‘
1433 2587 1549 2614 noctes
1565 2581 1768 2613 Initiorum.'
1796 2581 1870 2612 Vor-

1306 2634 1346 2664 M
1346 2634 1463 2674 ysteria
1475 2632 1637 2664 initiorum
1647 2642 1747 2671 sacra,
1758 2631 1853 2671 nullo]
1869 2631 1960 2664 Quid

1264 2688 1318 2716 est
1341 2686 1350 2702 ‘
1365 2684 1457 2715 nullo
1467 2683 1488 2714 ?'
1521 2683 1588 2723 An,
1606 2693 1641 2714 re
1657 2683 1769 2714 nulla?
1801 2682 1855 2713 Ita
1879 2692 1961 2714 vero

1263 2746 1329 2767 non
1367 2736 1489 2775 solent,
1525 2735 1583 2776 qui
1620 2733 1726 2774 probe
1763 2734 1959 2774 loquuntur.

1261 2786 1381 2818 Scribo
1396 2786 1499 2826 igitur
1515 2790 1550 2816 et
1565 2784 1733 2824 distinguo
1747 2794 1755 2815 ι
1779 2787 1872 2824 myst.
1890 2784 1963 2815 Cer.

1263 2838 1340 2869 Init.
1362 2847 1447 2868 sacro
1472 2837 1553 2867 nullo
1577 2836 1690 2875 magis,
1710 2846 1737 2875 q.
1762 2835 1812 2866 sil.
1841 2835 1898 2865 sol.
1924 2838 1961 2866 et

1262 2889 1344 2919 nullo
1368 2897 1454 2918 sacro
1479 2886 1578 2926 magis
1601 2887 1746 2918 solemnia
1769 2884 1959 2926 significat:
