2101 3419
429 344 531 384 cviii
1086 350 1242 380 mnnx

472 449 645 490 Priapatius
660 448 840 478 Parthorum
855 458 905 478 rex
928 446 980 484 xli,
996 450 1027 483 5,
1044 450 1064 479 8

471 493 594 523 Pridem
630 490 682 527 xii,
707 495 740 527 6,
763 494 794 522 7.
828 492 910 526 xxxi,
933 493 965 526 3,
988 493 1028 521 10
1065 490 1123 531 (de

428 541 564 575 tempore
580 533 714 574 proxime
729 532 941 573 praecedente)

472 577 575 608 Pridie
590 576 787 606 constitutam
803 576 884 606 diem
913 576 934 611 i,
955 577 1005 612 10,
1019 577 1038 606 7
1063 574 1124 615 pri-

429 620 479 650 die
494 629 586 659 quam
615 618 718 654 xxxiii,
735 621 766 653 1,
781 620 799 648 7

472 662 576 692 Primo
598 660 620 696 i,
636 664 667 696 3,
682 663 714 691 4.
737 660 830 695 xxxii,
845 663 875 696 1,
891 662 912 691 4

471 704 676 734 Primordium
696 703 729 738 ii,
747 705 777 739 1,
797 705 834 734 14
868 701 1034 743 primordia
1058 701 1127 732 fon-

430 747 505 777 tium
527 745 610 782 xxxi,
626 750 658 781 5,
673 748 692 776 7

472 788 622 818 Primores
645 787 706 824 xxi,
721 790 753 824 2,
767 790 800 818 7.
822 786 902 822 xxvi,
920 788 949 822 1,
966 790 985 817 5

473 831 620 870 Princeps
635 829 707 870 (pro
724 828 990 869 praestantissimo)
1015 828 1048 864 ii,
1075 831 1127 866 14,

431 876 469 905 11
505 873 572 914 (Ita
600 872 706 902 Florus
728 871 773 908 iii,
799 875 851 907 14,
880 871 926 912 l).
956 871 1128 911 principum

430 916 552 945 arbitria
564 925 618 955 pro
634 914 751 954 legibus
766 920 853 944 erant
866 914 888 949 i,
905 917 934 949 l,
950 917 970 944 2
993 913 1017 942 F
1019 913 1128 943 reinsh.

431 958 583 999 principes
596 957 668 998 (pro
679 956 866 997 proceribus,
881 961 913 986 et
921 955 1128 996 senatoribus)

431 1001 512 1036 xxxi,
526 1003 559 1035 2,
575 1003 593 1031 3

476 1041 632 1082 Principio
661 1051 760 1071 rerum
795 1040 817 1076 i,
847 1043 877 1076 l,
905 1042 935 1070 1.
966 1040 1000 1076 ii,
1026 1042 1058 1076 1,
1087 1041 1128 1070 14

431 1084 583 1125 principia
599 1083 703 1113 mundi
726 1083 748 1119 i,
766 1086 796 1118 l,
815 1085 836 1113 9
873 1082 1023 1112 adventus
1044 1081 1128 1117 xxiii,

433 1130 465 1163 2,
483 1130 500 1158 1
524 1127 676 1167 originum
698 1136 747 1161 xit,
764 1128 796 1161 2,
812 1127 830 1155 3
867 1124 1052 1164 principium
1082 1133 1128 1153 re-

433 1175 537 1209 petere
553 1171 590 1198 ab
607 1167 723 1207 origine
745 1167 778 1203 ii,
792 1170 822 1203 1,
840 1168 857 1196 l
882 1166 929 1196 illi
944 1166 1128 1206 principium

434 1212 530 1241 cladis
555 1211 639 1240 fuere
661 1210 695 1246 ii,
713 1213 763 1245 11,
781 1212 800 1240 3
835 1218 853 1237 a
869 1208 1019 1248 principio
1043 1219 1072 1243 v,
1097 1211 1128 1243 8,

435 1256 474 1284 10
498 1253 648 1294 principia
664 1256 829 1282 castrorum
851 1251 893 1287 xi,
908 1254 940 1286 6,
965 1254 985 1281 6
1019 1250 1129 1290 princi-

434 1296 485 1335 pia
500 1295 624 1335 originis
639 1295 750 1325 habere
764 1304 828 1323 non
842 1293 972 1323 honesta
986 1293 1058 1328 xxii,
1070 1295 1130 1329 1,2

477 1338 565 1367 Prior
587 1342 678 1367 aetate
714 1336 791 1371 xliii,
819 1338 852 1371 2,
876 1338 896 1366 2
934 1336 1017 1375 apud
1045 1335 1130 1364 illum

434 1380 503 1420 plus
518 1380 599 1420 prior
614 1380 732 1410 offensa
753 1378 861 1413 valuit,
882 1387 974 1418 quam
997 1378 1131 1408 recentia

433 1422 585 1452 beneficia
606 1432 636 1458 ν,
651 1426 684 1457 5,
699 1425 716 1452 5
742 1421 824 1461 prior
839 1431 912 1450 uxor
945 1420 1048 1455 xxviii,
1065 1423 1095 1454 l,
1111 1422 1131 1450 4

434 1465 516 1504 prior
531 1464 644 1504 petitus
659 1464 698 1493 ab
712 1463 816 1503 aliquo
839 1463 899 1498 xvi,
918 1465 946 1498 1,
973 1465 1013 1492 10
1052 1462 1131 1501 prio·

434 1517 496 1536 rem
511 1507 704 1537 occasionem
720 1506 780 1536 loci
795 1505 1000 1545 temporisque
1023 1514 1132 1544 capere

433 1549 514 1585 xxxi,
531 1553 562 1584 5,
579 1553 597 1580 5
632 1549 746 1589 priores
769 1546 907 1588 praefecti
943 1547 1006 1582 xiii,
1031 1549 1064 1582 4,
1092 1550 1131 1578 19

433 1591 548 1632 primus
564 1592 636 1631 (pro
653 1590 824 1630 praecipue)
838 1600 845 1619 2
860 1588 949 1628 cujus
961 1589 1026 1619 laus
1036 1589 1134 1629 prima

435 1639 516 1664 esset
538 1633 571 1669 ii,
586 1636 617 1668 9,
635 1636 675 1664 14
709 1633 807 1672 prima
832 1632 913 1662 acies
939 1631 1011 1673 (pro
1036 1631 1133 1671 prima

434 1681 519 1715 parte
534 1676 629 1715 aciei)
651 1675 693 1711 iv,
709 1679 741 1711 5,
756 1678 775 1706 7
798 1671 953 1715 (Subinde
968 1678 1000 1704 et
1021 1674 1133 1704 redun-

435 1718 506 1757 dat)
521 1730 527 1747 :
546 1723 590 1754 ut,
607 1717 733 1758 primam
749 1717 847 1747 aciem
863 1717 924 1746 telo
939 1716 1133 1756 praefringcre

436 1761 476 1794 vi,
493 1764 523 1795 8,
540 1763 560 1792 2
596 1760 698 1790 Vorst.
733 1758 848 1799 primus
876 1759 932 1788 flos
963 1758 1061 1788 aetatis
1091 1757 1132 1794 xi,

437 1806 469 1837 6,
490 1807 504 1833 1
522 1801 609 1843 primi
624 1802 792 1842 pubertatis
806 1801 881 1831 anni
896 1801 938 1836 ix,
953 1802 985 1836 6,
1002 1805 1020 1831 5
1038 1800 1135 1840 prima

437 1845 525 1874 initia
547 1845 568 1879 i,
584 1848 616 1880 2,
631 1848 661 1875 4-
697 1844 738 1879 iv,
754 1846 786 1878 3,
801 1846 834 1873 6.
869 1843 921 1878 vii,
939 1847 970 1877 5,
990 1845 1003 1873 1
1038 1842 1136 1881 prima

439 1887 612 1916 rudimenta
632 1886 685 1922 vii,
700 1890 732 1921 5,
749 1888 767 1916 3
790 1885 992 1915 fundamenta
1006 1884 1090 1920 xviii,
1101 1888 1133 1919 5,

440 1932 476 1960 15
501 1930 688 1959 incrementa
725 1927 807 1963 xxiii,
824 1930 854 1962 1,
871 1930 891 1958 2
928 1926 1025 1967 prima
1054 1926 1136 1956 bella

438 1971 537 2000 iniens
563 1970 645 2006 xxiii,
661 1973 692 2005 4,
710 1972 750 2000 10

482 2013 585 2043 Prisca
598 2012 786 2052 eloquentia,
804 2009 896 2040 Praef.
910 2012 925 2040 1

481 2055 631 2084 Pristinus
641 2057 710 2094 (pro
721 2052 837 2092 priore)
850 2063 857 2081 :
870 2051 1025 2091 pristinam
1037 2051 1136 2081 offen-

439 2107 503 2127 sam
516 2102 651 2126 metuere
672 2095 746 2130 xxii,
761 2097 793 2130 8,
808 2097 828 2125 8
851 2093 988 2123 Freinsh.
1013 2093 1044 2122 in
1061 2094 1136 2133 pris-

441 2140 536 2168 tinum
552 2143 664 2168 statum
689 2135 808 2167 restitui
829 2135 942 2171 xxxvii,
957 2138 989 2172 4,
1005 2138 1024 2166 4
1061 2135 1136 2175 pris-

440 2181 513 2211 tinae
528 2179 674 2210 libertatis
688 2189 742 2219 spe
758 2178 832 2218 erigi
856 2189 924 2212 xxx,
941 2180 972 2213 3,
994 2180 1013 2208 7
1046 2176 1137 2217 juxta

438 2223 555 2254 cultum
584 2222 720 2262 pristinae
741 2221 871 2250 fortunae
901 2219 1006 2249 haberi
1034 2219 1136 2256 xxxvi,

442 2270 472 2301 1,
488 2268 508 2296 6
532 2265 667 2304 pristinae
683 2264 786 2293 sordes
808 2272 897 2297 xxxV,
915 2265 946 2298 l,
960 2265 980 2293 9

483 2307 605 2338 Privare
616 2306 748 2346 aliquem
756 2304 948 2345 possessione
964 2303 1044 2334 urbis
1056 2303 1135 2339 xxiv,

440 2353 472 2386 2,
491 2353 505 2380 l
530 2348 640 2389 privari
654 2348 732 2388 agris
755 2347 817 2382 viii,
835 2350 865 2382 1,
889 2349 909 2376 8

485 2392 610 2422 Privata
635 2389 786 2421 beneficia
814 2398 832 2418 a
861 2387 994 2429 publicis
1021 2391 1138 2418 secreta

443 2435 525 2469 xxxi,
541 2437 573 2470 7,
589 2438 606 2464 5
637 2433 787 2473 privatum
804 2430 1019 2471 patrimonium
1035 2430 1136 2470 (quod

443 2482 529 2517 pater
557 2476 659 2506 adhuc
688 2474 824 2515 privatus
850 2471 975 2510 habuit)
1000 2472 1031 2507 ii,
1050 2475 1101 2508 10,
1117 2476 1135 2502 5

443 2520 569 2559 privatae
599 2519 729 2548 fortunae
754 2521 850 2545 mater
884 2515 918 2551 ii,
939 2518 991 2550 10,
1015 2517 1036 2545 6
1065 2524 1138 2544 avus

444 2567 596 2591 maternus
609 2557 840 2600 privatus,ibid.
862 2557 1012 2598 privatum
1020 2557 1139 2587 hostem

444 2604 576 2643 aliquem
606 2604 773 2642 deposcere
807 2600 855 2639 (id
885 2604 942 2635 est,
971 2610 1040 2629 cum
1077 2609 1139 2629 uno

445 2646 547 2685 aliquo
563 2645 724 2685 separatim
739 2642 885 2682 congredi
915 2641 1011 2682 velle)
1039 2641 1091 2678 xii,
1106 2644 1139 2678 8,

445 2692 463 2718 3
497 2689 521 2718 V
526 2693 597 2717 orst.

488 2730 632 2770 l'rivigna
657 2728 717 2763 xiv,
732 2729 764 2763 6,
779 2729 797 2757 3

488 2773 651 2812 Privignus
676 2770 709 2806 ii,
724 2772 755 2804 6,
775 2772 823 2800 14.
854 2768 953 2804 xxxvi,
971 2772 999 2804 1,
1015 2771 1045 2799 7.
1077 2767 1140 2804 xlii,

446 2819 478 2850 2,
495 2818 508 2845 l
518 2818 533 2845 l

490 2855 683 2895 privilegium
700 2854 797 2884 aetatis
824 2853 855 2889 ii,
872 2856 923 2889 10,
938 2856 958 2884 2

1218 445 1306 477 Prius
1330 446 1475 478 ebrietate
1490 456 1582 488 quam
1604 447 1688 478 bello
1713 447 1874 479 vincuntur

1175 489 1301 530 Scythae
1329 489 1351 524 i,
1368 492 1400 525 8,
1414 492 1433 520 7

1220 532 1280 562 Pro
1296 531 1446 562 concione
1461 530 1538 573 (hoc
1559 535 1616 568 est,
1641 531 1675 561 in
1703 531 1870 572 concione)

1177 573 1222 610 iii,
1238 577 1270 609 5,
1285 576 1319 604 9.
1347 573 1389 609 xi,
1406 577 1437 610 1,
1452 577 1472 604 8
1502 584 1556 614 pro
1576 574 1691 604 ducatu
1716 575 1792 614 (hoc
1812 579 1870 611 est,

1177 616 1248 646 loco
1263 615 1411 657 ducatus)
1439 615 1473 652 ii,
1486 619 1539 653 15,
1554 619 1596 648 14
1625 627 1679 657 pro
1703 616 1774 647 Deo
1795 617 1871 656 (hoe

1178 664 1236 694 est,
1251 663 1397 699 tanquam
1422 657 1544 699 Deum)
1571 658 1613 695 xi,
1630 662 1682 695 ll,
1706 662 1758 690 11..
1787 658 1874 696 xviii,

1177 703 1211 737 6,
1227 703 1259 731 8.
1287 711 1337 737 xx,
1354 703 1386 736 4,
1402 702 1442 731 18
1472 712 1527 741 pro
1541 711 1611 741 rege
1626 702 1703 743 (hoc
1717 706 1775 737 est,
1804 706 1874 731 tan-

1178 753 1271 783 quam
1300 742 1418 783 regem)
1447 743 1487 778 xi,
1517 747 1570 779 11,
1598 746 1635 774 11
1674 754 1729 783 pro
1757 743 1874 783 templo

1179 785 1352 825 sepulcrum
1375 785 1476 815 colere
1503 785 1603 821 xxxvi,
1619 788 1651 821 2,
1666 788 1686 816 2
1713 796 1766 825 pro
1795 791 1872 815 tem-

1179 837 1253 867 pore
1269 827 1344 867 (hoc
1359 832 1416 863 est,
1441 837 1496 867 pro
1521 827 1700 858 conditione
1728 828 1873 868 temporis

1179 870 1220 906 xi,
1238 873 1267 906 1,
1283 872 1303 899 8
1319 869 1386 910 (Ita
1401 869 1506 899 Livius
1535 881 1604 905 xxx,
1623 872 1674 906 10,
1689 873 1721 901 6.
1745 875 1777 900 et
1802 870 1872 900 Vir-

1179 912 1269 952 gilius
1284 911 1392 952 Eclog.
1407 912 1458 941 vii.
1474 922 1549 942 vers.
1565 911 1634 952 35).
1658 922 1712 952 pro
1730 912 1811 942 victo
1826 912 1875 942 fu-

1179 965 1250 994 gere
1277 954 1360 990 xxiii,
1376 957 1408 991 3,
1423 957 1444 985 9
1474 964 1528 993 pro
1543 954 1707 984 victoribus
1721 955 1875 995 vagaban-

1179 1001 1228 1026 tur
1243 998 1408 1037 (tanquam
1422 996 1569 1036 victores)
1597 997 1679 1033 xxiv,
1693 999 1725 1032 7,
1741 1000 1760 1027 5
1786 997 1874 1037 (vide

1179 1048 1249 1078 quae
1264 1039 1302 1068 ad
1318 1038 1444 1068 Sueton.
1460 1038 1579 1068 Domit.
1604 1039 1636 1074 ii,
1652 1041 1683 1070 9.
1707 1038 1874 1079 Bemecc.)

1180 1080 1317 1110 Freinsh.
1347 1090 1402 1120 pro
1418 1081 1595 1111 conditione
1608 1081 1767 1121 regionum
1792 1081 1825 1118 ii,
1842 1085 1872 1117 l,

1181 1126 1221 1153 12
1250 1133 1305 1163 pro
1321 1122 1460 1153 libertate
1475 1124 1667 1163 quorundam
1682 1124 1793 1154 bellum
1809 1133 1873 1154 sus-

1180 1165 1283 1205 cipere
1298 1176 1328 1199 V,
1343 1168 1374 1200 2,
1391 1169 1412 1196 9
1439 1175 1493 1205 pro
1508 1165 1727 1205 conjunctione
1743 1165 1874 1206 alicujus

1180 1207 1271 1248 (quia
1286 1207 1384 1237 affinis
1399 1207 1529 1247 alicujus
1545 1208 1602 1248 sis)
1619 1208 1658 1243 vi,
1676 1211 1706 1244 3,
1723 1211 1742 1239 8
1758 1218 1812 1248 pro
1829 1208 1872 1248 ig-

1179 1249 1276 1279 nobili
1288 1254 1442 1280 momento
1457 1250 1602 1280 accedere
1613 1253 1775 1291 (tanquam
1786 1250 1873 1291 igno-

1182 1292 1242 1321 bile
1257 1291 1365 1332 mom.)
1380 1292 1432 1328 vii,
1449 1295 1480 1327 3,
1500 1295 1515 1323 1
1531 1292 1635 1323 Vorst.
1652 1303 1706 1332 pro
1721 1293 1830 1323 amisso
1841 1302 1874 1322 se

1181 1334 1326 1364 victorem
1333 1334 1441 1365 offerre
1448 1334 1512 1371 xiii,
1521 1337 1552 1370 1,
1561 1337 1579 1365 3
1589 1345 1643 1375 pro
1650 1334 1770 1366 silentio
1777 1345 1873 1365 rerum

1181 1377 1362 1406 creditarum
1384 1377 1503 1407 immori
1531 1377 1689 1408 tormentis
1718 1377 1790 1413 xliv,
1805 1380 1838 1412 2,
1854 1379 1873 1407 3

1182 1419 1359 1459 permittite,
1376 1420 1458 1459 quod
1474 1429 1528 1449 vos
1553 1419 1686 1450 facturos
1700 1430 1754 1460 pro
1778 1420 1875 1459 impe-

1181 1466 1279 1491 ratore
1304 1460 1441 1501 jurastiS,
1470 1461 1682 1501 imperatorem
1707 1472 1760 1502 pro
1788 1461 1876 1491 vobis

1182 1503 1248 1533 sine
1277 1503 1424 1543 religione
1448 1502 1648 1543 jurisjurandi
1674 1504 1775 1534 facere
1814 1504 1875 1539 xiv,

1182 1548 1214 1581 4,
1230 1548 1249 1576 8
1277 1555 1316 1575 ne
1339 1546 1415 1586 ipsae
1436 1545 1580 1587 lacrymae
1607 1556 1661 1587 pro
1683 1546 1878 1577 contumacia

1182 1588 1365 1618 haberentur
1390 1587 1453 1622 viii,
1468 1592 1499 1624 5,
1517 1591 1557 1619 10

1225 1629 1361 1660 Proavus
1390 1630 1513 1666 xxxviii,
1526 1634 1557 1665 5,
1573 1632 1592 1661 3

1230 1671 1351 1702 Probari
1365 1684 1371 1701 :
1387 1672 1488 1702 timuit
1502 1682 1540 1702 ne
1556 1682 1617 1701 non
1635 1671 1810 1711 probaretur
1835 1671 1877 1708 ix,

1183 1715 1214 1748 7,
1231 1717 1272 1746 14
1299 1715 1442 1755 probatur
1457 1715 1640 1745 verecundia
1655 1713 1784 1754 alicujus
1813 1724 1879 1744 om-

1183 1755 1273 1786 nibus
1302 1757 1394 1793 xxxii,
1419 1760 1450 1791 2,
1470 1760 1490 1787 4
1520 1767 1582 1786 non
1612 1756 1755 1796 probatur
1782 1756 1877 1786 telum

1181 1797 1254 1834 xliv,
1283 1802 1314 1834 3,
1341 1802 1360 1829 8
1397 1800 1522 1838 probato
1551 1799 1679 1829 consilio
1708 1798 1769 1834 xxi,
1793 1801 1824 1834 3,
1846 1801 1878 1829 6.

1183 1841 1263 1876 xxxi,
1279 1844 1311 1877 6,
1330 1844 1358 1872 l.
1388 1841 1440 1875 xli,
1456 1844 1486 1876 3,
1503 1843 1522 1872 7
1552 1852 1602 1871 rex
1622 1839 1752 1882 justitiae
1767 1842 1880 1882 proba-

1184 1882 1269 1912 tioris
1299 1894 1368 1918 xxv,
1385 1887 1416 1919 5,
1433 1886 1452 1914 3

1226 1924 1372 1954 Probatio
1388 1925 1431 1955 rei
1460 1924 1553 1961 xxxii,
1568 1927 1601 1960 2,
1616 1927 1637 1956 9

1226 1966 1403 1997 Procacitas
1431 1977 1479 2003 xv,
1494 1970 1526 2002 4,
1544 1969 1584 1997 16

1226 2008 1396 2039 Procedere
1411 2008 1443 2038 in
1454 2008 1551 2039 aciem
1565 2008 1606 2045 xi,
1622 2010 1655 2043 9,
1672 2010 1702 2039 l.
1724 2007 1785 2044 xiv,
1800 2010 1833 2045 2,
1848 2010 1878 2038 1.

1183 2059 1233 2086 xx,
1249 2053 1280 2085 3,
1297 2053 1317 2080 4

1226 2091 1365 2122 Procella
1381 2091 1512 2121 fortunae
1541 2091 1583 2127 iv,
1599 2094 1630 2127 5,
1646 2094 1667 2121 6
1696 2101 1777 2121 more
1807 2101 1876 2130 pro-

1184 2132 1269 2163 cellae
1299 2134 1422 2170 xxxviii,
1436 2136 1470 2170 4,
1485 2137 1524 2165 15
1554 2133 1718 2163 fulminans
1744 2133 1879 2174 procella

1184 2175 1265 2212 xxix,
1281 2178 1314 2212 3,
1331 2179 1347 2206 1

1227 2218 1372 2248 Proceres
1401 2217 1464 2254 xiii,
1477 2219 1509 2253 3,
1524 2219 1555 2248 6.
1583 2216 1686 2252 xxxiii,
1702 2218 1734 2252 2,
1751 2219 1770 2247 3

1228 2260 1398 2290 Proceritas
1414 2259 1549 2300 corporis
1574 2259 1638 2294 xiii,
1654 2261 1684 2294 1,
1699 2261 1736 2289 11

1227 2302 1420 2332 Proclamare
1435 2302 1506 2342 (pro
1522 2300 1706 2342 exclamare)
1722 2300 1802 2337 xxiv,
1814 2303 1846 2336 3,
1857 2303 1878 2331 8

1184 2343 1208 2374 F
1211 2344 1321 2374 reinsh.

1227 2386 1448 2417 Proconsulum
1463 2385 1614 2425 rapacitas
1628 2383 1752 2420 xxxviii,
1768 2386 1800 2420 7,
1817 2386 1836 2414 8

1228 2428 1390 2459 Procreare
1406 2440 1412 2458 :
1444 2429 1526 2468 quod
1542 2427 1602 2467 ipsi
1616 2437 1678 2457 non
1693 2430 1790 2462 erant,
1806 2426 1881 2457 libe-

1185 2481 1233 2501 ros
1249 2476 1409 2511 procreant
1436 2470 1520 2507 xviii,
1535 2472 1566 2506 3,
1583 2473 1600 2501 7
1643 2473 1816 2510 procreatus
1842 2478 1880 2500 ex

1186 2514 1290 2553 aliqua
1314 2513 1394 2549 xxvi,
1409 2516 1440 2548 3,
1458 2515 1477 2543 3

1228 2555 1404 2586 Procreatio
1427 2566 1456 2591 x,
1473 2557 1504 2591 l,
1520 2556 1539 2585 3

1230 2598 1405 2628 Procuderc
1417 2608 1458 2627 aes
1480 2594 1580 2632 xxxvi,
1594 2598 1627 2630 4,
1639 2597 1660 2626 4

1232 2639 1343 2671 Procul
1370 2641 1472 2670 videre
1497 2640 1539 2674 iv,
1558 2641 1586 2674 l,
1603 2640 1624 2668 9
1660 2635 1810 2677 inspicere
1839 2636 1882 2672 vi,

1189 2685 1220 2719 1,
1236 2686 1256 2713 8
1280 2683 1385 2723 procul
1401 2682 1503 2723 aliquo
1519 2690 1607 2721 agere
1630 2679 1670 2715 xi,
1685 2683 1717 2715 5,
1732 2681 1753 2709 2

1231 2725 1413 2756 Proculcare
1443 2724 1576 2764 aliquem
1602 2722 1675 2759 xliv,
1689 2724 1722 2758 4,
1736 2723 1757 2752 4
1785 2724 1880 2750 mate-

1190 2767 1262 2796 riam
1286 2766 1409 2802 xxxviii,
1426 2770 1475 2802 10,
1492 2769 1510 2797 3
1878 2791 1880 2793 -

1233 2810 1411 2840 Procurrere
1427 2810 1457 2838 in
1473 2809 1591 2837 hostem
1605 2806 1645 2842 ix,
1660 2809 1692 2841 8,
1709 2808 1747 2836 15
1771 2805 1802 2834 in
1820 2814 1881 2834 me-

1189 2851 1269 2881 diam
1287 2852 1387 2882 urbem
1404 2861 1470 2886 xxv,
1487 2856 1518 2887 4,
1533 2853 1553 2881 9
1576 2849 1607 2879 in
1620 2848 1684 2879 acie
1700 2848 1778 2884 xxiv,
1794 2850 1826 2883 8,
1840 2849 1860 2877 3
