2174 3424
652 344 845 375 JUSTINI
882 344 974 373 Lm.
1006 345 1068 374 vi.
1101 346 1204 375 CAP.
1238 336 1275 376 1.
1601 336 1686 376 7⁰9

248 448 347 470 manu
381 436 526 469 exaratis
560 436 657 468 codd.
694 437 845 479 itemque
881 437 940 478 qui

246 491 337 522 Just.
352 487 532 528 exscripsit
548 487 688 519 Orosius
702 496 759 518 111.
783 490 813 518 1.
837 487 940 518 habet

245 542 254 556 ‘
274 536 506 577 Hercilidem‚’
525 546 564 568 ac
589 540 759 577 praeterea
783 536 940 578 antiquus

247 597 379 630 quoque
394 587 560 627 Prologus
585 586 619 616 in
642 586 730 617 hunc
746 585 802 616 lib.
825 585 834 602 ‘
853 584 941 615 Her·

246 638 383 677 culide,'
399 637 481 668 nihil
494 636 599 668 ausim
610 640 753 667 mutare.
799 635 899 669 Quod
915 635 942 666 si

247 698 315 720 nou
330 688 401 729 ipse
415 688 556 727 Trogus,
570 691 629 717 aut
642 686 734 718 Just.
755 685 805 717 ita
826 685 942 726 appel-

245 738 379 776 laverit,
394 736 552 768 mendum
568 736 688 767 saltem
711 735 885 777 antiquum
907 734 941 765 id

247 788 363 820 fuerit.
394 788 466 819 Vor.

293 839 519 876 Maximorum,
532 836 601 876 δῖα]
625 836 714 867 Saxo
727 845 802 868 xrv.
818 845 851 876 p.
866 838 941 867 255.

249 892 302 921 48.
347 890 355 905 ‘
372 889 524 921 Quorum
555 886 679 917 viribus
715 886 909 917 succinctus
924 885 944 916 :'

249 949 283 979 p.
301 941 375 970 256.
392 940 444 969 39.
468 938 477 954 ‘
496 936 647 967 Canutus
662 936 792 976 magnis
805 936 945 967 orientis

250 990 375 1021 viribus
392 988 587 1020 succinctus
601 986 621 1018 ε’
637 990 754 1028 ρ.271.
769 990 822 1018 43.
846 988 855 1004 ‘
875 986 944 1018 Ali-

249 1050 387 1072 enorum
413 1039 538 1070 viribus
564 1038 779 1070 succinctus)
811 1047 844 1078 p.
871 1040 946 1069 282.

249 1093 303 1122 42.
327 1091 336 1107 ‘
353 1091 428 1121 Rex
441 1089 570 1130 magnis
586 1088 711 1119 viribus
727 1088 945 1119 succinctus.¹

293 1140 473 1182 pacificari,
491 1139 560 1179 δῖα]
585 1138 781 1170 Prudentiae
796 1139 864 1178 huj.
892 1148 946 1169 ex-

252 1191 364 1231 empla
379 1190 443 1221 alia
458 1189 525 1220 vid.
538 1187 600 1219 inf.
615 1197 677 1220 vn.
692 1192 723 1220 6.
735 1192 766 1220 5.
791 1192 827 1219 et
840 1196 946 1220 xxxx.

252 1243 285 1272 2.
301 1244 332 1271 8.
356 1239 507 1280 Thucyd.
519 1248 546 1270 1.
560 1241 609 1269 10.
626 1241 676 1269 18.
699 1238 906 1278 Pachymer.
922 1247 946 1269 1.

251 1291 346 1323 Hist.
360 1291 506 1332 Byzant.
524 1292 556 1321 3.
579 1288 842 1329 Apophthegma
857 1287 946 1328 Imp.

252 1343 422 1383 Rudolphi
435 1351 460 1373 1.
476 1342 485 1359 ‘
499 1341 709 1382 Quicumque
720 1345 790 1372 tres
803 1341 880 1371 lites
890 1341 948 1371 ha-

252 1392 325 1433 bet,
338 1392 432 1429 duas,
443 1392 470 1423 si
483 1391 621 1432 poterit,
631 1389 834 1431 componat,’
843 1389 948 1421 refer-

254 1446 311 1474 tur
325 1452 345 1474 a
360 1442 475 1483 Lipsio
491 1441 638 1472 Miscell.
652 1441 715 1481 Ep.
729 1450 786 1472 111.
799 1443 853 1471 77.
869 1441 949 1472 Ber.

296 1493 315 1532 ς
337 1494 355 1522 3
381 1492 459 1532 Cyri
472 1491 623 1531 quondam
636 1489 734 1530 regis]
761 1491 854 1521 Mala
875 1490 949 1521 haec

257 1546 316 1573 aut
337 1542 439 1573 lectio
462 1546 519 1572 aut
541 1540 690 1581 scriptio.
714 1540 857 1571 Freinsh.
900 1539 950 1571 At

256 1602 321 1633 ego
336 1602 400 1623 non
413 1591 511 1623 video
521 1591 601 1633 quid
613 1591 797 1622 desiderari
807 1591 860 1622 hic
870 1590 949 1630 jure

254 1643 373 1684 possit.
404 1642 614 1682 Intelligitur
627 1641 744 1682 utique
761 1641 868 1681 Cyrus
885 1640 951 1671 Mi-

257 1702 332 1732 nor,
349 1693 444 1723 Darii
465 1692 572 1723 Nothi
592 1691 639 1722 fil.
662 1692 719 1732 qui
745 1700 826 1722 sane
849 1700 953 1731 quon-

257 1742 335 1774 dam
360 1752 421 1783 pro
447 1752 526 1782 rege
550 1751 625 1773 sese
652 1745 818 1781 gesserat.
850 1741 953 1772 Vorst.

255 1792 322 1824 Sed
347 1797 459 1824 tamen
484 1802 545 1823 rex
567 1801 633 1823 non
659 1791 736 1831 fuit,
759 1801 875 1823 verum
902 1801 954 1822 re-

256 1843 346 1882 giam
364 1842 564 1882 dignitatem
582 1839 767 1874 affectavit.
790 1842 879 1873 Puto
895 1841 953 1882 igi-

257 1896 315 1923 tur
325 1892 431 1923 verba
444 1893 595 1932 quondam
608 1892 694 1931 regis
708 1901 782 1923 esse
795 1893 952 1932 glossam,

258 1953 335 1985 quae
360 1953 380 1974 a
399 1944 487 1974 mala
506 1943 764 1984 interpolatrice
787 1953 887 1974 manu
909 1943 953 1974 ir-

257 1997 438 2034 repserunt
462 1994 617 2034 hominis,
639 1994 733 2034 cujus
760 1994 866 2025 menti
895 1995 953 2026 ob·

258 2045 457 2076 versabatur
478 2045 587 2085 Cyrus
613 2045 670 2076 ille
699 2045 857 2086 MagnuS‚
885 2054 954 2077 non

259 2095 314 2126 hic
329 2095 455 2126 Minor.
482 2094 589 2126 (ἕν-(ευ.

301 2145 319 2185 §
342 2147 363 2176 4
388 2143 597 2183 Criminatur]
621 2143 720 2175 Oros.
737 2153 795 2176 111.
812 2147 842 2176 1.
865 2145 955 2177 ‘De-

259 2193 329 2225 fert
344 2198 383 2226 ut
397 2193 628 2235 proditorem.’
650 2194 719 2224 Ms.
741 2193 783 2225 P.
802 2195 957 2226 Danielis

259 2245 380 2286 differt.
403 2244 482 2276 Vid.
493 2244 642 2276 Nonium
656 2244 736 2275 Tae.
750 2254 774 2275 1.
788 2243 831 2277 A.
846 2245 855 2261 ‘
869 2245 956 2277 Pars

261 2296 368 2328 multo
393 2296 539 2328 maxima
563 2296 778 2327 imminentes
804 2295 957 2328 dominos

261 2345 365 2376 variis
395 2345 585 2377 rumoribus
626 2344 856 2377 differebant.'
894 2347 958 2378 Pe-

263 2399 351 2427 tron.
373 2397 383 2414 ‘
398 2395 535 2437 Alioqui
558 2395 650 2427 mille
672 2404 780 2427 causae
802 2405 862 2427 nos
878 2406 958 2437 quo·

262 2447 346 2479 tidie
371 2447 547 2487 collident,
563 2452 600 2479 et
623 2457 685 2488 per
707 2451 814 2478 totam
840 2448 959 2479 urbem

265 2498 453 2529 rumoribus
469 2496 648 2529 different!
670 2497 727 2529 Ita
742 2498 841 2536 malo,
858 2508 959 2539 quam

263 2547 412 2586 deferent.
437 2549 545 2588 Bong.
589 2547 646 2579 Ita
661 2549 740 2580 Tac.
757 2557 814 2579 111.
838 2547 880 2579 A.
906 2552 958 2581 12.

264 2602 301 2629 et
317 2607 364 2629 1v.
379 2601 432 2630 25.
455 2599 465 2616 ‘
482 2597 625 2630 Differri
641 2607 702 2638 per
717 2603 888 2638 exterum,
898 2609 960 2640 per

265 2649 479 2690 manipulos.'
498 2650 593 2681 Suet.
618 2648 704 2689 Aug.
729 2652 780 2681 14.
803 2651 834 2681 2.
866 2649 876 2666 ‘
895 2651 961 2681 Ru-

266 2707 359 2729 more
375 2698 416 2729 ab
432 2699 718 2730 obtrectatoribus
730 2699 860 2731 dilato?
883 2700 960 2730 Pla-

266 2748 401 2780 nissime
411 2749 594 2791 respondet
608 2749 752 2781 nostrati
766 2741 873 2790 flul}
879 2746 959 2786 ἴῖΒέ

269 2799 342 2839 ΒΖΗ
363 2800 396 2832 h.
413 2810 445 2832 e.
470 2800 655 2841 divulgare.
700 2801 740 2831 In
767 2801 826 2832 illo
846 2806 960 2832 tamen

271 2850 384 2882 Orosii
404 2851 478 2882 loco
500 2851 668 2882 retinend.
693 2851 793 2890 defert
813 2861 878 2883 non
901 2852 961 2883 du-

270 2897 353 2932 bito.
376 2901 473 2932 Bern.

1631 364 1654 377 'b

1032 436 1171 478 Alucrz't]
1195 438 1342 469 Notator
1361 438 1458 479 Angl.
1484 440 1531 471 ait
1555 440 1588 470 iu
1618 441 1686 471 Ms.

990 497 1056 519 nno
1071 488 1139 527 legi
1153 487 1317 525 adjuverit.
1339 489 1430 520 Puto
1447 490 1587 530 glossam
1599 500 1686 529 esse,

989 547 1066 568 nam
1096 537 1239 568 alterum
1268 539 1403 576 elegans
1435 545 1471 570 ct
1499 544 1684 579 receptum.

991 588 1063 620 Cic.
1081 588 1206 618 Parad.
1226 588 1235 604 ‘
1253 589 1429 619 Neminem
1446 599 1520 620 esse
1536 590 1689 629 divitem,

991 638 1055 668 nisi
1076 637 1264 669 exereitum
1280 638 1370 669 alere
1386 640 1493 678 possit
1512 640 1583 671 sine
1602 640 1689 671 fruc-

992 687 1107 719 tibus!
1131 687 1236 726 Schef.

1035 739 1052 778 ᾧ
1068 741 1086 768 5
1105 738 1320 778 Merceturque
1334 736 1371 769 ab
1386 738 1444 777 his,
1458 748 1524 779 quae
1538 738 1688 779 differant

992 787 1082 827 bella,
1101 798 1190 828 quam
1209 788 1338 827 gerant]
1370 788 1495 819 Plauto
1518 788 1690 820 familiaris

992 839 1141 870 locutio:
1165 838 1440 878 subintelligenti.
1464 839 1578 879 potius,
1598 840 1688 880 quod

993 888 1027 918 in
1058 897 1124 918 uno
1155 887 1238 918 Cod.
1270 888 1450 928 reperitur,
1480 893 1538 919 aut
1571 890 1688 928 magis.

994 938 1108 968 Plaut.
1123 937 1210 969 Rud.
1227 947 1275 969 ιν.
1298 940 1331 968 4.
1352 940 1406 969 70.
1439 938 1448 954 ‘
1463 939 1582 969 Tacita
1605 939 1690 969 bona

995 993 1048 1019 est
1077 988 1197 1019 mulier
1226 997 1369 1028 semper,
1400 997 1498 1028 quam
1528 989 1689 1029 loquens.'

994 1040 1130 1070 Terent.
1146 1039 1232 1070 Eun.
1247 1039 1340 1069 Prol.
1377 1039 1386 1056 ‘
1406 1039 1474 1071 Qui
1492 1039 1627 1079 placere
1654 1049 1690 1070 se

995 1088 1131 1120 studeat
1145 1088 1240 1119 bonis
1256 1089 1368 1121 Quam
1383 1088 1559 1128 plurimis!
1585 1090 1691 1128 Bong.

994 1139 1075 1171 Sall.
1089 1139 1166 1171 Cat.
1183 1142 1216 1170 8.
1233 1142 1263 1170 l.
1288 1139 1298 1156 ‘
1317 1140 1467 1169 Fortuna
1484 1148 1535 1170 res
1550 1144 1691 1170 cunctas

997 1199 1040 1220 ex
1064 1189 1212 1221 lubidine
1229 1199 1328 1230 quam
1351 1199 1390 1219 ex
1416 1199 1495 1220 vero
1516 1189 1692 1221 celebrat?

995 1242 1074 1272 Tac.
1101 1248 1157 1271 m.
1184 1239 1227 1272 A.
1253 1242 1306 1271 32.
1343 1240 1352 1257 ‘
1370 1239 1592 1271 Nobilitatem
1623 1240 1694 1272 sine

997 1291 1121 1332 probro
1135 1295 1243 1322 actam
1256 1290 1372 1321 honori
1386 1300 1484 1331 quam
1500 1291 1693 1331 ignominiae

996 1340 1186 1372 habendam
1202 1339 1377 1371 ducebat!
1409 1340 1614 1372 Graecismus
1630 1346 1693 1373 est.

999 1392 1054 1423 Ita
1068 1391 1219 1432 Thucyd.
1235 1400 1274 1422 11.
1290 1394 1342 1422 18.
1360 1393 1411 1421 10.
1444 1392 1489 1432 Τῇ
1504 1390 1625 1430 δυνάμει
1646 1391 1695 1422 πῖ-

998 1451 1082 1473 συνοι
1097 1441 1116 1478 ἢ
1127 1442 1168 1482 τῇ
1181 1440 1285 1482 ’γνώμῃ
1297 1439 1489 1481 ἐπέρχονται.
1514 1442 1697 1472 Nazianze-

998 1502 1080 1524 nus:
1103 1492 1191 1523 Θέλω
1211 1491 1311 1531 τύχης
1333 1492 1526 1533 σταλαγμὸν,
1545 1493 1565 1530 ἢ
1580 1495 1696 1534 φρενῶν

998 1541 1095 1573 πίθον.
1141 1542 1197 1573 Sic
1223 1542 1283 1573 inf.
1312 1551 1378 1574 ΧΗ.
1404 1546 1434 1574 8.
1462 1546 1514 1574 14.
1546 1544 1626 1575 Vid.
1652 1545 1693 1576 B.

1001 1593 1155 1624 Rhenani
1169 1593 1267 1624 Thes.
1289 1594 1407 1624 Locut.
1433 1593 1467 1624 in
1490 1595 1570 1625 Tac.
1590 1604 1623 1634 p.
1642 1597 1695 1626 19.

1000 1644 1183 1675 Berneccer.
1205 1643 1273 1674 Ms.
1294 1647 1329 1674 et
1349 1642 1445 1675 Junt.
1467 1653 1533 1684 qua>
1553 1653 1588 1682 g.
1614 1645 1699 1684 Leg.

1002 1703 1078 1724 cum
1096 1693 1245 1724 Gronov.
1260 1703 1302 1723 m.
1317 1692 1355 1723 ab
1368 1693 1400 1724 Ιι.
1415 1704 1444 1733 q.
1461 1694 1493 1723 d.
1519 1693 1606 1729 bella,
1629 1704 1697 1733 quoe

999 1753 1032 1782 g.
1080 1743 1191 1774 Recte
1215 1742 1339 1774 vidisse
1359 1742 1412 1774 τὸν
1434 1742 1513 1773 πάνυ
1535 1745 1600 1775 Ms.
1626 1744 1696 1775 An-

1004 1793 1156 1833 glicanus
1174 1792 1336 1829 ostendit,
1352 1802 1394 1823 ex
1413 1803 1478 1833 quo
1496 1798 1698 1835 receperant

1002 1843 1087 1874 hanc
1102 1843 1184 1874 lect.
1201 1843 1337 1873 Oxonn.
1362 1843 1444 1874 Mox
1466 1848 1538 1884 opt.
1557 1853 1599 1874 ex
1622 1844 1698 1876 eod.

1002 1893 1070 1923 Ms.
1087 1892 1146 1923 iid.
1161 1902 1180 1923 α
1199 1891 1371 1930 Tissaserne
1385 1893 1565 1924 alienatum.
1582 1894 1699 1926 Graev.

1002 1942 1044 1973 In
1067 1943 1150 1974 Mss.
1173 1942 1310 1983 legitur,
1334 1946 1369 1973 ut
1392 1943 1463 1983 diff
1487 1944 1589 1984 potius
1612 1944 1700 1984 bella,

1002 2002 1093 2033 quam
1105 2002 1139 2031 g.
1162 1992 1263 2024 Quod
1273 1993 1347 2033 jam
1360 1993 1602 2034 aliquantulum
1614 1995 1699 2026 lucis

1003 2042 1080 2073 huic
1096 2043 1117 2072 1.
1139 2040 1262 2080 affert3
1286 2041 1347 2072 sed
1369 2047 1403 2073 et
1428 2042 1475 2073 sic
1500 2047 1613 2074 tamen
1638 2044 1701 2075 ali-

1004 2092 1086 2134 quid
1110 2092 1186 2123 vitii
1208 2092 1240 2123 in
1260 2101 1301 2123 eo
1323 2097 1501 2132 superest3
1524 2103 1590 2124 non
1610 2094 1698 2135 quod

1003 2143 1232 2174 necessarium
1265 2142 1373 2173 videri
1403 2142 1529 2174 debeat
1559 2143 1613 2182 iis,
1643 2145 1701 2185 qui

1005 2193 1126 2224 Latine
1148 2193 1271 2232 sciunt,
1292 2192 1402 2223 isthuc
1426 2193 1540 2232 potius.
1587 2193 1634 2224 Ut
1661 2197 1701 2224 ut

1005 2242 1061 2283 sit,
1082 2243 1243 2284 legerem,
1266 2245 1302 2273 ut
1327 2241 1466 2283 differat,
1485 2242 1589 2282 potius
1615 2243 1702 2283 bella,

1004 2305 1095 2335 quam
1107 2298 1210 2334 gerat.
1254 2293 1300 2325 H.
1315 2303 1434 2326 sensu:
1459 2294 1610 2325 Deberet
1627 2295 1702 2334 ipse

1005 2345 1094 2376 bella
1107 2354 1241 2386 gerere,
1264 2354 1332 2375 non
1354 2343 1504 2376 differre.
1549 2344 1598 2375 At
1620 2345 1702 2376 nihil

1007 2397 1075 2428 tale
1091 2396 1132 2428 ab
1148 2396 1221 2436 ipso
1235 2395 1311 2426 fieri
1324 2394 1443 2433 video3
1457 2394 1523 2426 imo
1536 2399 1571 2426 et
1585 2404 1701 2425 nume-

1008 2451 1082 2477 rato
1096 2445 1207 2486 pretio
1222 2445 1353 2476 mavult
1368 2444 1561 2476 dilationem
1577 2454 1704 2484 emere,

1008 2507 1032 2528 s.
1059 2496 1180 2527 timore
1202 2494 1423 2536 praepeditus,
1446 2504 1473 2525 s.
1501 2494 1537 2526 id
1559 2494 1703 2535 perfidia

1009 2547 1171 2588 impulsus
1187 2545 1303 2577 faciat.
1347 2544 1402 2576 Sic
1413 2545 1518 2585 igitur
1532 2546 1555 2576 l.
1569 2545 1703 2586 integer

1009 2599 1199 2639 legeretur:
1225 2596 1315 2627 mab
1329 2594 1382 2635 iis,
1396 2598 1432 2626 ut
1450 2595 1577 2635 differat
1597 2596 1703 2636 potius

1009 2649 1087 2680 bella
1101 2657 1192 2688 quam
1207 2647 1271 2687 ipse
1282 2649 1386 2685 gerat.
1422 2644 1537 2676 Aliter
1552 2645 1702 2677 Gronov.

1008 2710 1049 2732 m.
1064 2699 1102 2730 ab
1116 2699 1177 2737 his,
1199 2708 1265 2738 quae
1286 2695 1436 2737 differant
1450 2695 1539 2734 bella,
1562 2705 1629 2735 quoe
1648 2705 1702 2735 ge·

1008 2753 1091 2781 rant.
1135 2749 1235 2782 Quod
1262 2746 1456 2787 elegantiss.
1487 2752 1560 2785 θεῖς
1591 2751 1703 2778 utrum

1009 2801 1122 2831 verius
1137 2800 1194 2838 sit,
1215 2798 1343 2829 nescio.
1367 2796 1479 2828 Faber.
1523 2797 1613 2828 Vera
1626 2798 1704 2829 lect.

1010 2851 1082 2881 haec
1095 2854 1158 2889 est,
1171 2853 1204 2880 ut
1217 2847 1562 2889 afferantbell‹1‚quam
1571 2851 1703 2886 gerant:

1011 2910 1050 2932 ac
1073 2900 1154 2931 nihil
1176 2898 1325 2931 mutand.
1350 2897 1495 2929 videtur.
1540 2897 1705 2930 Subaudi-
