2101 3419
336 1863 341 1867 .
385 1837 535 1868 Arcturo
553 1844 603 1869 est
620 1838 724 1870 mihi!

396 317 481 358 946

397 427 452 452 tor
467 430 535 454 ΧΠ.
558 425 589 453 6.
608 425 658 454 17.
702 422 878 454 ‘Posteris
902 421 1017 463 prodi'
1042 427 1096 454 est

395 473 509 504 Pl'mio
527 473 657 514 Paneg.
674 477 726 505 75.
750 475 846 506 Rern.

439 524 456 563 ς
480 525 519 553 15
544 524 680 554 Parcere
701 534 732 555 se
754 526 817 555 solo
837 525 924 556 urbis
937 535 972 555 ac
987 525 1092 566 tectis]

395 573 487 604 Flor.
515 583 565 605 1v.
591 577 643 605 12.
672 577 723 606 81.
767 576 877 607 ‘Cum
901 577 934 606 in
958 580 1094 615 capiam

394 625 512 656 urbem
540 626 700 657 Lanciam
731 625 824 658 faces
856 631 1092 666 poscerentur,

396 684 486 713 a‘gre
501 675 570 706 dux
586 676 794 717 impetravit,
810 681 846 708 nt
859 678 1012 708 victoriae
1031 678 1095 707 Ro-

394 735 501 756 manae
513 731 603 756 stans
617 727 729 766 potius
743 732 847 765 esset,
863 737 962 767 quam
981 727 1093 758 incen-

394 785 430 806 sa
451 776 728 807 monumentum.'
774 777 870 817 Sulp.
887 778 1033 808 Severus
1052 786 1092 808 ιι.

393 827 486 858 Hist.
514 827 648 859 Sacrae:
683 828 904 859 Deliberante
931 828 1021 868 Tito,
1050 838 1093 858 an

393 878 477 908 urbe
501 883 603 919 capta
629 878 790 919 templum
813 878 1092 919 Hierosolymita-

854 329 998 359 ‚NOTAE
1036 329 1294 361 VARIORUM
1329 331 1379 360 ΙΝ

1149 432 1227 453 num
1244 426 1466 461 everteretur,
1481 421 1651 453 nonnullis
1672 421 1778 452 visum
1794 425 1848 453 est

1149 475 1158 491 ‘
1173 474 1279 505 aedem
1296 479 1460 505 sacratam
1478 474 1565 504 ultra
1590 472 1699 503 omnia
1722 477 1847 504 morta-

1148 525 1192 555 lia
1214 525 1380 556 illustrem
1403 534 1469 555 non
1487 524 1614 555 debere
1635 523 1756 562 deleri,
1772 533 1848 564 quae

1148 579 1283 606 servata
1306 575 1479 606 modestiae
1506 575 1667 605 Romanae
1695 574 1847 605 testimo-

1147 625 1252 664 nium,
1279 625 1392 656 diruta
1418 634 1602 665 perennem
1634 623 1847 655 crudelitatis

1146 681 1261 706 notam
1279 674 1476 715 praeberet.’
1497 675 1596 705 Bern.

1192 727 1208 766 ξ
1233 729 1273 756 16
1296 724 1446 764 Decedit]
1470 725 1523 755 De
1548 728 1656 755 morte
1681 723 1846 764 Antigoni

1147 775 1315 806 variantes
1342 775 1529 806 sententias
1555 773 1661 806 refert
1688 774 1782 805 Plut.
1812 773 1846 804 in

1148 826 1212 866 Ag.
1229 830 1264 857 et
1282 825 1412 857 Cleom.
1428 827 1482 856 42.
1506 825 1558 856 Id.

865 1159 1084 1206 LIBER
1126 1158 1350 1205 XXIX.

435 1284 522 1315 CAP.
539 1292 562 1315 1.
595 1284 610 1324 ξ
629 1286 647 1314 3
666 1283 835 1322 Interfecto
852 1283 991 1323 Selenen]
1015 1284 1091 1314 Cal-

389 1334 480 1365 linici
498 1334 544 1365 fil.
558 1335 614 1375 qui
628 1335 806 1374 pharmaco
824 1335 865 1365 ab
883 1336 997 1366 amicis
1014 1335 1090 1366 sub-

388 1384 478 1414 latus
495 1389 561 1422 est,
576 1385 694 1415 relicto
711 1384 818 1416 fratre
832 1385 1001 1416 Antiocho
1017 1395 1090 1416 suc-

389 1444 533 1473 cessore,
549 1436 606 1476 qui
623 1436 769 1475 Magnus
786 1436 898 1467 dictus
922 1441 986 1466 est.
1019 1435 1090 1476 Ap-

387 1485 477 1525 pian.
494 1485 647 1526 Syriaca.
673 1486 779 1525 Bong.

425 1536 441 1575 ᾧ
455 1539 473 1565 5
492 1535 687 1576 Philopator]
707 1536 749 1567 H.
761 1545 789 1566 e.
800 1536 951 1576 parentis
964 1544 1090 1575 amans,

387 1594 449 1625 per
475 1586 696 1626 antiphrasin.
719 1587 852 1617 Bernec.
896 1587 993 1618 Junt.
1012 1586 1087 1616 Phi-

386 1636 527 1675 lopatorz'.
572 1637 657 1668 Quae
684 1636 834 1676 syntaxis
857 1636 980 1666 nostris
1005 1641 1088 1666 tem-

386 1686 524 1726 poribus
548 1686 755 1726 inusitatior,
779 1687 923 1728 ideoque
941 1697 959 1717 a
975 1686 1087 1718 sciolis

385 1740 529 1777 mutata,
544 1737 728 1767 Veteribus
755 1736 990 1777 perfamiliaris
1008 1736 1085 1768 fnit.

385 1787 501 1819 Plaut.
537 1789 676 1829 Prolog.
716 1789 866 1821 Rudent.
928 1794 935 1806 ‘
954 1789 1087 1820 Nomen

758 1839 798 1869 In
813 1839 961 1870 Trinnm.
988 1848 1030 1869 11.
1056 1841 1087 1869 2.

405 1887 594 1919 Lesbonico
606 1892 659 1919 est
671 1888 814 1920 nomen.'
832 1888 872 1919 In
883 1889 973 1919 Prol.
985 1887 1090 1928 ejusd·

384 1937 468 1968 Fab.
507 1938 516 1955 ‘
533 1938 622 1968 Huic
640 1947 759 1969 nomen
776 1938 898 1969 Graece
922 1942 974 1969 est
995 1938 1083 1968 The-

383 1996 482 2018 sauro
496 1986 641 2019 fabulae.’
683 1988 734 2019 ΙΙ).
759 1989 767 2005 ‘
782 1988 915 2019 Nomen
929 1988 1084 2018 Trinum-

384 2046 439 2067 mo
461 2035 569 2068 fecit.'
604 2038 796 2069 Menechm.
816 2047 839 2068 1.
859 2042 888 2069 l.
926 2041 934 2055 ‘
951 2039 1083 2069 Nomen

384 2085 468 2117 fecit
492 2086 658 2117 Peniculo
680 2087 783 2118 mihi!
818 2088 921 2118 Plura
939 2098 1013 2119 cum
1032 2098 1085 2128 ap.

383 2135 486 2175 hunc,
504 2141 572 2167 tum
591 2136 673 2167 alios
699 2138 837 2178 optimae
863 2143 954 2168 notae
980 2138 1085 2178 scrip-

383 2189 474 2216 tores
486 2187 642 2226 exempla
651 2192 730 2218 sunt
742 2187 773 2217 in
787 2192 958 2227 promptu.
978 2188 1085 2219 Groev.

383 2236 481 2269 Junt.
502 2237 708 2277 Philopatori.
734 2238 959 2268 Latinissime.
983 2238 1060 2269 Fab.

439 2288 456 2327 ξ
479 2289 499 2317 7
534 2288 642 2318 AEtate
670 2287 853 2327 immatura]
890 2288 1003 2319 Minor
1030 2292 1082 2319 25.

383 2337 491 2375 annis,
520 2346 596 2367 cum
626 2340 658 2368 9.
698 2347 803 2368 annos
837 2342 935 2369 natus
967 2338 1082 2368 odium

382 2386 609 2417 Romanorum
630 2387 720 2428 patri
739 2388 905 2428 jurasset.
939 2388 1082 2419 Probus.

382 2436 488 2475 Bong.

425 2486 582 2518 Sciebant.
614 2487 737 2527 Fatale,
765 2487 834 2527 ξω]
857 2487 933 2518 Del.
960 2487 1084 2519 τελείαν

382 2535 527 2574 στιγμὴν,
544 2541 580 2567 et
596 2536 768 2577 distingue
788 2537 850 2568 hoc
877 2537 987 2578 inodo,
1008 2539 1083 2569 scie-

382 2586 467 2625 bant,
477 2586 591 2626 fatale,
603 2589 655 2626 &tu
695 2587 743 2617 Ut
760 2587 831 2618 turc
850 2587 1007 2618 dicuntur
1022 2597 1083 2629 per

382 2638 640 2678 appositionem.
668 2638 768 2668 Gron.

425 2688 537 2718 Fatale
561 2697 594 2718 n.
620 2690 643 2718 t.
671 2688 712 2718 R.
745 2699 774 2727 q.
801 2687 823 2718 i.
851 2688 891 2719 A.
918 2687 973 2727 m.]
999 2687 1082 2719 Ead.

382 2736 487 2768 verba
514 2742 634 2768 extant
659 2747 713 2777 ap.
742 2738 948 2769 Matthaeum
971 2739 1081 2769 West-

384 2793 528 2818 monast.
547 2788 613 2818 AEt.
637 2797 668 2819 ν.
688 2790 739 2818 14.

426 2839 443 2877 ξ
470 2840 488 2868 8
514 2838 580 2868 IIis
594 2838 720 2877 regibus
737 2837 858 2878 puer1's]
882 2838 1005 2869 Potest
1025 2837 1082 2868 de-

382 2887 474 2919 fendi
491 2889 563 2919 haec
580 2889 697 2929 lectio,
715 2889 791 2930 quia
812 2889 845 2919 in
869 2888 970 2919 verbo
993 2888 1001 2904 ‘
1015 2888 1083 2919 eni-

1146 1283 1230 1315 tuit’
1257 1288 1307 1314 est
1334 1284 1544 1324 praepositio,
1559 1293 1634 1324 quae
1650 1281 1704 1314 hic
1721 1281 1845 1313 intelli-

1147 1335 1270 1374 genda,
1286 1335 1363 1376 quia
1384 1335 1464 1365 item
1483 1334 1602 1374 Virgil.
1626 1334 1675 1365 sic
1697 1333 1845 1374 loquitur

1147 1394 1198 1415 tv.
1226 1386 1300 1417 AEn.
1330 1385 1384 1415 nbi
1415 1385 1481 1416 ait:
1514 1385 1677 1414 ‘Tantum
1705 1382 1844 1424 egregio

1145 1435 1249 1466 decus
1267 1436 1376 1466 enitet
1393 1435 1473 1466 ore!
1505 1434 1592 1465 Mihi
1609 1439 1724 1465 tamen
1739 1433 1846 1465 Justi·

1144 1495 1205 1515 nus
1222 1485 1357 1516 videtur
1380 1485 1554 1525 scripsisse
1578 1485 1617 1515 In
1636 1484 1684 1514 his
1707 1483 1844 1523 regibus,

1148 1545 1254 1575 praep.
1280 1545 1360 1566 vero
1385 1536 1425 1566 In
1449 1545 1522 1566 esse
1539 1535 1766 1574 intereeptam
1783 1543 1845 1574 per

1144 1585 1293 1616 litteram
1321 1596 1363 1624 m,
1389 1595 1463 1626 qnae
1493 1584 1644 1625 proxime
1670 1583 1845 1624 praecedit.

1144 1636 1247 1666 Certe
1264 1635 1379 1666 durior
1396 1639 1447 1666 est
1464 1635 1602 1676 ellipsis,
1620 1643 1719 1676 quam
1735 1638 1773 1665 ut
1789 1642 1844 1664 ce-

1143 1689 1225 1715 terae
1244 1685 1480 1716 consuetudini
1498 1684 1682 1723 scribendi,
1699 1693 1773 1725 quae
1790 1686 1844 1715 est

1143 1744 1197 1775 ap.
1221 1735 1396 1774 Nostrum,
1412 1734 1630 1775 respondeat.
1654 1733 1756 1772 Schef.

1188 1785 1226 1815 In
1249 1794 1373 1815 snorum
1395 1785 1519 1825 quisque
1540 1785 1689 1823 majorum
1710 1783 1844 1823 vestigia

1143 1835 1287 1875 intentis]
1327 1836 1480 1867 Cassiod.
1511 1844 1563 1866 1x.
1599 1835 1679 1866 Var.
1717 1836 1783 1875 Ep.
1812 1837 1842 1866 1.

1145 1886 1154 1902 ‘
1173 1886 1316 1926 Magnus
1352 1886 1564 1917 verecundiae
1596 1886 1749 1918 stimulus
1789 1890 1843 1917 est

1140 1935 1211 1966 laus
1227 1940 1422 1975 parentium
1441 1936 1518 1967 dnm
1534 1937 1597 1967 illis
1615 1946 1681 1967 non
1696 1936 1842 1977 patimur

1140 1994 1214 2016 esse
1231 1986 1390 2026 impares,
1415 1996 1497 2027 quos
1521 1986 1705 2026 gaudemus
1726 1990 1842 2018 aucto-

1140 2034 1217 2065 res.'
1257 2036 1421 2065 Nazarins
1446 2036 1577 2075 Paneg.
1604 2036 1784 2067 Constant.
1807 2037 1839 2066 3.

1142 2085 1151 2102 ‘
1170 2085 1314 2123 Rapitur
1346 2084 1387 2115 ad
1420 2085 1672 2116 similitudinem
1703 2094 1840 2116 suorum

1140 2135 1310 2164 excellens
1340 2144 1482 2175 qumque
1510 2139 1655 2166 natura:
1681 2144 1743 2166 nec
1766 2144 1841 2166 sen·

1141 2184 1202 2214 sim
1225 2194 1263 2215 ac
1292 2185 1383 2215 lente
1403 2184 1570 2225 judicium
1600 2185 1724 2225 promit
1747 2184 1841 2223 boni,

1140 2244 1239 2275 quum
1258 2235 1429 2265 involucra
1449 2234 1601 2266 infantiae
1620 2234 1768 2265 vividum
1785 2244 1839 2266 ru-

1138 2285 1188 2326 pit
1202 2284 1394 2324 ingenium)
1418 2285 1505 2325 Imp.
1519 2285 1674 2317 Julianus
1690 2284 1723 2315 in
1738 2285 1840 2316 Miso-

1138 2345 1214 2376 pog.
1241 2335 1549 2367 ‘Quemadmodum
1564 2335 1595 2365 in
1613 2335 1740 2375 plantis
1754 2336 1841 2366 veri-

1137 2385 1245 2415 simile
1273 2389 1323 2416 est
1353 2383 1496 2415 diffundi
1524 2385 1706 2426 qualitates
1736 2394 1839 2426 quam

1138 2436 1316 2474 latissime,
1328 2445 1366 2466 ac
1380 2434 1525 2466 fortasse
1542 2435 1575 2466 in
1593 2439 1700 2466 totum
1718 2435 1841 2466 similia

1138 2486 1245 2525 nasci,
1258 2496 1332 2527 quae
1349 2486 1547 2526 gignuntur,
1560 2485 1611 2526 iis,
1624 2485 1746 2527 quibus
1762 2490 1839 2517 orta

1137 2541 1234 2568 sunt:
1259 2537 1307 2569 sic
1334 2538 1434 2568 etiam
1461 2538 1492 2568 in
1516 2538 1706 2569 hominibus
1730 2539 1840 2570 credi-

1139 2587 1204 2618 bile
1221 2591 1286 2626 est,
1301 2591 1463 2627 nepotum
1479 2596 1588 2618 mores
1605 2588 1704 2618 avitis
1721 2587 1838 2619 affines

1138 2637 1237 2669 esse.'
1276 2637 1367 2668 Add.
1391 2637 1449 2668 inf.
1473 2646 1561 2668 Χιιι.
1587 2641 1618 2668 2.
1641 2640 1671 2668 3.
1708 2639 1839 2670 Bernec.

1138 2687 1302 2728 Suspicor
1319 2687 1452 2727 legend.
1468 2691 1568 2719 tarnen
1584 2688 1617 2719 in
1639 2688 1691 2728 iis,
1715 2690 1748 2719 in
1769 2698 1839 2720 suo-

1137 2747 1207 2768 rum
1223 2737 1363 2777 queisque
1379 2737 1525 2775 majorum
1541 2738 1674 2777 vestigia
1695 2738 1837 2770 intentis.

1139 2788 1291 2818 Gronov.
1319 2786 1365 2817 H.
1382 2787 1403 2818 1.
1421 2787 1546 2827 quisque
1563 2787 1681 2819 vitium
1698 2792 1751 2819 est
1767 2798 1838 2820 ora-

1139 2838 1260 2876 tionis;
1282 2837 1451 2869 scribend.
1468 2838 1521 2868 vel
1537 2838 1655 2878 cuique,
1670 2839 1723 2870 vel
1740 2840 1839 2879 queis-

1136 2898 1204 2928 que,
1221 2888 1272 2918 vel
1288 2889 1439 2928 cujusque.
1473 2887 1598 2919 Libera
1615 2889 1709 2930 optio
1724 2888 1837 2921 datur.
