2101 3419
553 365 749 397 JUST1N1
783 356 876 394 Lm.
910 363 1015 393 xm.
1047 362 1153 392 cAP.
1184 352 1225 392 1.

184 461 357 501 seruisset,
370 460 432 493 sub
445 469 485 492 ea
495 460 610 501 legere
624 460 704 490 alios
716 458 878 498 fructum,

182 511 358 552 indignum
371 510 462 541 esse’
476 509 574 541 dixit.
598 510 698 540 Rern.

227 562 281 601 §4
309 562 352 592 Ut
372 560 498 591 habenti
522 569 653 598 regumn
677 569 736 590 non
763 559 882 589 ademe-

182 609 243 649 rit]
267 609 444 643 Quomodo
456 609 530 639 haec
541 613 632 638 stare
646 612 789 648 possunt
804 617 880 638 cum

182 659 422 700 superioribus,
436 657 492 689 ubi
512 657 596 688 dicit
613 667 633 687 a
646 657 790 688 Lucullo
806 659 816 674 ‘
829 666 880 687 re-

184 718 261 749 gem
291 708 399 749 Syriae
429 707 638 748 appellatum
653 707 676 738 ?'
730 706 786 738 An
815 707 880 738 hoc

184 758 321 800 proprie
346 762 382 789 et
405 758 522 788 stricte
548 757 738 798 accipiend.
764 757 805 788 de
823 767 881 798 ap-

184 808 368 848 pellatione
381 807 479 846 nuda,
489 816 554 837 non
566 807 771 837 immissione
784 806 881 837 simul

183 857 217 888 in
245 858 406 897 regnum?
440 857 604 889 Videtur:
627 857 687 888 sed
715 858 764 889 sic
790 858 882 897 lege-

183 916 267 947 rem,
283 907 445 938 adimeret.
468 905 581 938 Schef.

1522 349 1604 391 101
1612 347 1634 388 1

977 458 1046 492 Quo
1071 456 1213 496 cesserit]
1242 456 1320 487 Non
1346 454 1502 496 improbo
1516 465 1525 494 ;
1557 454 1638 495 quia

933 511 1046 538 tamen
1063 507 1198 547 quidam
1217 507 1300 537 Mss.
1324 505 1451 536 habent
1475 506 1553 546 quod
1566 514 1636 544 ges-

933 558 1021 596 serit,
1033 557 1187 596 suspicor
1202 556 1405 596 scripturam
1420 564 1535 586 veram
1550 563 1636 595 esse,

934 607 1014 648 quod
1028 605 1166 645 cesserit,
1182 615 1320 645 regnum
1338 615 1385 637 sc.
1407 604 1513 642 Scires.

978 659 996 698 ς
1013 661 1031 688 5
1057 657 1206 696 Redigit]
1245 656 1300 687 An
1328 653 1477 694 redegit?
1514 659 1554 686 ut
1582 664 1636 686 re-

935 706 1100 747 spondeat
1116 706 1345 746 superioribus
1371 707 1380 723 ‘
1391 705 1542 744 ademit‚'
1563 705 1572 722 ‘
1586 714 1638 735 re·

935 756 1097 798 spondit,’
1113 761 1256 796 propter
1269 756 1430 787 insertam
1447 755 1638 795 conjuncti-

935 817 1034 838 onem
1056 807 1065 824 ‘
1081 806 1215 848 Atque!
1230 805 1335 844 Schef.
1360 806 1540 838 Consentit
1554 805 1637 839 Jun-

936 857 1018 890 tina.
1043 857 1151 890 Graev.

1180 951 1205 969 S

696 1196 916 1245 LIBER
953 1195 1104 1244 XLI.

229 1323 318 1354 CAP.
335 1332 360 1354 1.
383 1323 400 1363 ξ
415 1325 430 1353 l
456 1322 587 1363 Parthi]
610 1321 689 1354 Vid.
704 1322 818 1353 Strab.
831 1331 882 1354 xt.

186 1377 222 1405 et
237 1373 379 1413 Dionys.
391 1377 426 1404 et
442 1383 516 1414 quae
529 1373 562 1403 in
579 1382 655 1403 eum
668 1373 800 1403 notavit
818 1373 884 1403 Eu-

187 1424 343 1462 stamius,
358 1427 393 1454 et
417 1422 598 1463 Agathiam
623 1432 663 1454 11.
689 1426 724 1453 et
739 1423 883 1454 Jornan-

188 1473 277 1511 dem,
308 1473 365 1514 qui
395 1473 481 1503 hunc
510 1473 532 1503 l.
562 1473 649 1503 citat
683 1482 724 1502 ex
755 1472 882 1512 Trogo.

187 1523 310 1554 Strabo
325 1532 382 1553 eos
397 1522 481 1553 dicit
495 1521 678 1553 ἀντιπάλους
689 1524 750 1552 τῶν
762 1522 884 1561 Ῥωμαί-

187 1584 229 1603 ων
249 1573 327 1603 κατὰ
354 1570 483 1611 μέγεθος
510 1573 566 1608 τῆς
589 1572 698 1612 ἀρχῆς.
724 1572 884 1610 Bongars.

188 1622 278 1654 Add.
295 1632 370 1652 cum
388 1623 503 1663 primis
519 1623 757 1653 Marcellinum
774 1631 884 1653 xxnr.

188 1676 240 1704 16.
264 1674 396 1704 Bernec.

231 1724 285 1764 §2
309 1722 455 1762 Scythico
478 1731 612 1752 sermone
637 1721 752 1752 Parthi
767 1720 887 1760 exules]

188 1773 273 1804 Cum
283 1772 404 1803 Parthi
415 1771 597 1811 Scythicae,
610 1780 635 1801 s.
649 1769 886 1802 utJornandes

188 1822 232 1853 de
248 1822 332 1853 Reb.
355 1821 437 1852 Get.
455 1825 484 1852 6.
506 1821 687 1860 specialius
712 1820 887 1860 exprimit,

188 1873 360 1910 Gothicae,
374 1872 407 1903 h.
425 1880 454 1902 e.
471 1870 683 1901 Germanicae
699 1870 766 1900 sint
789 1870 887 1910 origi-

186 1922 251 1960 nis,
266 1932 285 1952 a
302 1930 381 1952 vero
396 1930 461 1951 non
479 1920 640 1951 abludere
658 1920 793 1950 videtur
809 1919 888 1950 ami·

187 1972 218 2003 ci
235 1972 301 2003 mei
318 1971 452 2011 veteris,
468 1971 570 2010 Casp.
591 1970 734 2001 Simonis
750 1970 885 2010 Franci,

186 2022 376 2062 linguarum
387 2026 421 2051 et
431 2020 594 2061 politioris
604 2020 809 2050 litteraturae
822 2020 885 2050 sci-

187 2071 364 2110 entissimi,
380 2071 592 2110 conjectura,
608 2070 716 2102 dictos
730 2070 885 2110 Parthos,

189 2124 285 2166 quasi
314 2115 374 2156 nie
388 2112 562 2163 morter,
586 2122 656 2153 sive
674 2111 884 2163 tamenne,

188 2175 222 2206 11.
238 2184 268 2206 e.
284 2172 514 2214 vagabundos,
531 2182 682 2211 errones,
696 2182 762 2202 non
785 2171 886 2202 inusi-

189 2224 462 2255 tataiitterarum
479 2232 500 2262 p
516 2226 552 2253 et
574 2221 593 2253 f
606 2222 882 2253 commutatione.

191 2276 369 2310 Quomodo
406 2275 550 2306 dicimus
595 2265 656 2305 oie
689 2262 885 2313 fflbtssnssss

188 2317 387 2368 &thulen
446 2325 568 2357 Affinis
584 2326 650 2356 eid.
668 2325 886 2365 originationi

190 2387 256 2408 vox
266 2374 675 2416 Hispanicafarandulero.
712 2374 815 2405 Certe
826 2374 885 2404 mi-

190 2435 253 2457 nus
285 2425 469 2456 absurdum
498 2425 562 2455 hoc
598 2429 748 2465 etymon,
785 2432 886 2463 quam

191 2476 458 2508 commentitium
475 2475 556 2506 iliud
574 2475 788 2513 Graecorum,
804 2474 886 2504 Par-

192 2526 268 2558 thos
284 2526 393 2557 dictos
408 2525 468 2557 ἀπὸ
481 2526 535 2556 τοῦ
552 2526 687 2566 πορθεῖν,
707 2523 798 2564 quod
816 2532 887 2553 vas-

191 2575 298 2607 tando
313 2576 424 2607 omnia
433 2576 589 2616 perdant.
628 2573 760 2606 Habuit
774 2577 887 2603 autem

191 2625 353 2657 Parthica
363 2624 478 2665 lingua
490 2625 596 2655 multa
608 2623 799 2655 communia
811 2631 888 2652 cum

194 2674 417 2705 Germanica:
450 2674 518 2705 vid.
553 2673 725 2705 Reineccii
754 2675 887 2712 partem

192 2727 431 2765 111.p.213.m.
453 2725 551 2756 Ber-n.
581 2724 675 2756 Suid.
693 2733 724 2754 v.
738 2724 885 2763 Σῶστρις.

195 2776 256 2808 Καὶ
281 2777 452 2816 κατῴκισεν
480 2776 512 2808 ἐν
536 2777 577 2817 τῇ
597 2773 764 2815 Ἀσσυρίων
789 2773 885 2814 χώρᾳ.

194 2829 315 2860 Σκυθῶν
327 2826 433 2867 ἄνδρας
449 2825 591 2867 μυριάδας
609 2826 654 2866 φ’,
673 2825 781 2856 οἵτινες
795 2822 885 2860 ἐκλή-

195 2880 291 2916 Θησαν
315 2875 437 2918 Πάρθοι,
464 2876 480 2908 ὅ
506 2876 571 2908 ἐστι
595 2876 730 2917 Περσικῇ
753 2873 886 2915 ’γλώσσῃ

937 1321 1061 1360 Σκύθαι,
1073 1321 1123 1353 καὶ
1134 1320 1226 1362 μέχρι
1237 1319 1368 1361 σήμερον
1381 1317 1487 1358 ἔχουσι
1496 1316 1554 1355 τὴν
1566 1328 1640 1349 στο-

937 1373 997 1410 λὴν
1017 1372 1068 1403 καὶ
1085 1372 1142 1410 τὴν
1156 1371 1271 1403 λαλίαν
1293 1370 1343 1402 καὶ
1363 1369 1437 1402 τοὺς
1451 1368 1558 1409 νόμους
1576 1370 1639 1400 τῶν

936 1426 1069 1456 Σκυθῶν.

981 1475 998 1514 ᾧ
1015 1476 1034 1504 4
1061 1473 1139 1504 Cum
1175 1471 1336 1512 imperium
1376 1468 1530 1508 Orientis,
1567 1467 1639 1508 ssa]

938 1523 947 1540 ‘
963 1523 1019 1554 Sic
1048 1522 1161 1553 omnia
1194 1521 1283 1552 verti
1314 1519 1505 1558 Cernimus,
1536 1521 1641 1558 atque

939 1575 1018 1605 alias
1035 1582 1204 1604 assumere
1230 1571 1381 1612 pondera
1400 1573 1528 1610 gentes,
1555 1568 1641 1600 Con-

940 1625 1054 1657 cidere
1067 1623 1148 1663 has‚'
1171 1623 1239 1655 Ov.
1255 1622 1305 1652 M.
1320 1630 1381 1652 xv.
1399 1623 1474 1652 420.
1497 1620 1596 1650 Rern.

983 1676 1000 1715 ξ
1018 1677 1038 1705 6
1060 1675 1124 1705 Per
1147 1671 1310 1711 virtutem]
1334 1671 1400 1702 Per
1420 1680 1450 1700 v.
1473 1669 1643 1700 desidera-

941 1725 1044 1756 turin
1070 1723 1198 1762 Juntis,
1227 1726 1262 1753 et
1288 1724 1404 1762 posset
1428 1729 1493 1750 non
1513 1719 1642 1749 incom-

941 1774 1040 1806 mode
1057 1774 1186 1805 abesse.
1229 1772 1318 1802 Dein
1335 1771 1383 1812 [n.
1403 1769 1473 1809 11.]
1490 1768 1547 1800 iid.
1564 1777 1640 1799 cum

942 1825 1014 1855 aliis
1031 1823 1204 1864 impressis
1220 1825 1255 1854 ut
1276 1831 1336 1852 non
1354 1821 1501 1851 immensa
1517 1822 1640 1850 tantum

931 1876 1000 1915 jam
1016 1886 1052 1906 ac
1060 1874 1215 1915 profunda
1226 1881 1411 1912 camporum.
1436 1871 1552 1902 Graev.
1587 1870 1640 1900 Ex

940 1926 1074 1957 ratione
1091 1925 1218 1956 debent
1237 1924 1311 1954 haec
1331 1922 1437 1953 verba
1457 1931 1513 1961 per
1530 1932 1561 1952 v.
1585 1920 1642 1951 de-

940 1976 1013 2007 leri.
1028 1975 1139 2007 Faber.
1166 1974 1228 2004 Per
1237 1983 1264 2004 v.
1280 1972 1414 2003 videtur
1426 1980 1507 2002 sane
1515 1971 1642 2011 glosse-

939 2035 995 2057 ma
1010 2034 1096 2064 esse,
1113 2023 1200 2064 quod
1218 2032 1260 2053 ex
1283 2031 1390 2061 marg.
1415 2019 1591 2061 irrepserit
1607 2020 1641 2050 in

939 2080 1084 2108 textum.
1113 2074 1188 2106 Vor.

981 2127 998 2166 ς
1013 2128 1033 2156 7
1060 2123 1164 2156 Tm'nis
1178 2122 1266 2154 bellis
1275 2131 1332 2162 per
1351 2120 1504 2152 maximos
1530 2119 1641 2160 duces]

939 2177 1098 2208 Crassum
1110 2179 1145 2206 et
1157 2173 1359 2206 Antonium:
1383 2171 1520 2203 tertium
1532 2171 1641 2200 adhuc

938 2236 1065 2269 quaero.
1110 2225 1164 2256 An
1176 2223 1380 2256 Cesennium
1393 2222 1526 2252 Paetum
1542 2221 1552 2252 ?
1575 2220 1641 2251 Sed

938 2277 966 2308 is
979 2275 1122 2307 inferior
1138 2279 1242 2306 aetate
1257 2272 1372 2313 Trogi.
1418 2271 1543 2312 Itaque
1560 2269 1642 2300 binis

940 2325 963 2358 f.
977 2323 1102 2358 rectius
1117 2325 1222 2364 legas.
1247 2323 1347 2355 Bern.

983 2377 1000 2416 ς
1017 2378 1036 2405 8
1060 2376 1104 2406 Et
1120 2374 1379 2414 opulentissimum
1399 2371 1478 2402 illud
1501 2368 1640 2408 urbium]

940 2425 1048 2457 Scrib.
1065 2429 1103 2455 ut
1120 2428 1173 2455 est
1189 2424 1223 2454 in
1240 2423 1326 2463 aliis,
1343 2425 1373 2453 et
1396 2430 1444 2461 op.
1466 2420 1544 2452 illud
1567 2418 1636 2450 urb.

939 2476 1034 2508 mille.
1057 2476 1168 2515 Bong.

988 2526 1029 2555 Et
1048 2522 1312 2564 opulentissimum
1326 2520 1411 2552 mille
1425 2518 1563 2555 urbium,
1573 2515 1641 2556 &eff

942 2574 1055 2605 Strab.
1073 2582 1135 2604 xv.
1151 2582 1183 2612 p.
1199 2574 1274 2602 686.
1291 2580 1334 2600 ex
1351 2568 1508 2609 Apollod.
1525 2566 1642 2607 Εὐκρα-

939 2624 1029 2655 τίδαν
1037 2623 1114 2661 ’γοῦν
1126 2621 1231 2652 πόλεις
1242 2619 1360 2660 χιλίους
1373 2619 1423 2658 ὑφ’
1440 2618 1536 2656 ἑαυτῷ
1547 2615 1642 2656 ἔχειν.

941 2673 1009 2704 Sed
1029 2673 1118 2703 inter
1140 2672 1199 2702 has
1222 2671 1393 2710 pleraeque
1414 2668 1534 2699 Indiae.
1561 2668 1642 2698 Gro-

940 2732 1007 2754 nov.
1053 2721 1139 2752 Mss.
1154 2731 1202 2761 op.
1218 2720 1307 2758 illud,
1327 2718 1416 2750 unde
1432 2716 1640 2758 Bongarsius

938 2783 988 2813 op.
1016 2771 1094 2802 illud
1119 2770 1242 2801 urbium
1267 2770 1361 2808 mille,
1386 2772 1425 2799 ut
1448 2768 1515 2808 legi
1540 2767 1588 2798 ait
1604 2767 1638 2798 in

940 2821 1095 2863 quibusd.
1162 2821 1303 2851 Mallem
1346 2822 1461 2850 tamen
1497 2817 1639 2849 credere

939 2874 1029 2907 Just.
1055 2871 1262 2914 transposite
1289 2869 1463 2911 scripsisse
1486 2878 1536 2909 ορ.
1559 2867 1639 2899 illud
