2174 3424
527 339 612 381 8:32

527 447 644 474 servat
669 441 745 474 Jac.
776 440 892 474 Nicol,
916 440 1055 473 Loe'nsis
1079 440 1228 472 Miscell.

529 491 680 533 Epiphil.
695 501 730 523 v.
748 494 798 523 18.
834 491 1037 532 Eunapium,
1059 491 1094 522 in
1110 491 1168 523 lib.
1184 491 1228 522 de

527 543 618 574 Vitis
643 541 886 582 sophistarum,
907 542 1037 573 dictum
1063 542 1126 572 hoc
1150 541 1229 572 ridi-

529 593 606 624 cule
643 592 725 624 satis
756 591 798 623 ad
831 592 1005 625 Julianum
1036 591 1228 632 Sophistam

528 642 805 683 traustuiisse,de
818 642 871 682 cuj
878 652 914 673 us
923 642 1018 673 exitu
1028 642 1076 673 sic
1087 641 1226 673 scribit:

528 693 539 711 ‘
554 694 667 724 Vitam
678 693 766 724 finiit
778 692 933 732 Athenis,
945 702 1102 732 magnum
1117 696 1228 722 certa-

528 752 605 774 men
628 742 771 774 funebre
794 741 906 784 (μέγαν
928 740 1086 782 ἐπιτάφιον
1107 739 1227 782 ἀγῶνα)

528 793 698 825 sodalibus
725 792 794 824 suis
819 791 1035 834 relinquens,'
1061 792 1228 832 praeclare

529 843 722 875 mehercule
748 843 940 874 imitatione
963 841 1099 873 maximi
1127 841 1228 882 regis,

529 897 566 925 et
589 892 741 934 loquacis
765 892 961 932 rhetorculi,
987 902 1063 923 cum
1091 892 1228 933 paribus

527 944 762 984 nugatoribus.
814 944 983 984 Intelligit
1018 950 1131 975 autem
1167 953 1230 985 per

528 994 643 1035 ἀγῶνα,
670 995 901 1035 commissiones,
936 1006 1019 1036 quas
1048 996 1098 1026 ita
1128 1000 1229 1027 vocat

528 1045 621 1076 Plin.
639 1045 769 1085 Paneg.
786 1048 838 1077 54.
855 1051 891 1076 et
903 1046 1000 1076 Suet.
1023 1045 1110 1085 Aug.
1128 1048 1181 1077 89.
1196 1049 1228 1078 8.

529 1095 633 1134 ἀγῶνα
654 1098 714 1126 τῶν
734 1095 867 1136 ῥητόρων
884 1095 1037 1136 Thucyd.
1054 1105 1110 1128 111.
1124 1098 1157 1126 6.
1173 1098 1228 1126 35.

529 1146 713 1178 Berneccer.
758 1146 767 1163 ‘
787 1145 994 1177 Parentare’
1023 1150 1077 1176 est
1106 1146 1143 1176 in
1172 1145 1229 1176 ho·

529 1204 647 1225 norem
671 1198 861 1234 parentum,
884 1198 942 1225 aut
965 1194 1118 1234 aliorum,
1134 1194 1230 1234 justa

528 1243 715 1275 celebrare.
748 1243 938 1284 Fiebatque
955 1243 1039 1274 illud
1057 1245 1157 1275 variis
1179 1253 1229 1274 re-

529 1292 614 1331 bus;
644 1297 680 1324 et
706 1293 795 1324 inter
823 1299 940 1325 cetera
968 1293 1056 1324 ludis
1093 1303 1228 1334 quoque

527 1341 727 1373 funebribus
763 1346 800 1374 et
835 1352 974 1374 munere
1017 1343 1228 1382 gladiatorio.

529 1392 631 1431 Nam,
644 1396 682 1422 ut
697 1392 902 1422 Tertullian.
922 1392 980 1424 lib.
1004 1392 1047 1422 de
1070 1393 1228 1433 Spectac.

529 1444 660 1480 scribit,
683 1446 692 1461 ‘
710 1443 800 1483 olim,
827 1443 986 1484 quoniam
1014 1444 1143 1475 animas
1173 1445 1230 1475 de-

528 1492 724 1524 functorum
754 1494 896 1524 humano
920 1494 1081 1532 sanguine
1113 1495 1228 1534 propi-

528 1544 607 1574 tiari
622 1544 791 1575 creditum
804 1548 891 1583 erat,
906 1544 1058 1584 captivos
1071 1544 1125 1575 vel
1141 1545 1228 1575 malo

528 1593 662 1634 iugenio
692 1603 808 1624 servos
837 1594 979 1625 mercati
1008 1594 1041 1624 in
1073 1594 1228 1634 exequiis

527 1643 766 1675 immolabant:
792 1648 911 1684 postea
926 1643 1056 1683 placuit
1073 1643 1229 1683 impieta-

528 1696 597 1724 tem
633 1694 807 1733 voluptate
846 1692 1060 1724 adumbrare.
1103 1693 1228 1734 Itaque

527 1755 609 1786 quos
632 1749 836 1785 paraverant
860 1744 973 1783 armis,
1001 1744 1121 1785 quibus
1150 1749 1229 1775 tunc

529 1800 566 1826 et
582 1795 727 1836 qualiter
750 1798 912 1835 poterant
933 1794 1082 1825 eruditos
1099 1798 1229 1825 tantum

530 1851 568 1876 ut
591 1845 701 1876 occidi
725 1845 913 1884 discerent,
940 1854 1016 1875 mox
1042 1844 1157 1874 edicto
1174 1844 1228 1874 die

527 1895 724 1926 inferiarum
748 1894 840 1934 apud
863 1894 1007 1925 tumulos
1023 1894 1230 1933 erogabant:

528 1946 599 1976 Dio
622 1953 753 1976 xxxix.
779 1944 898 1981 ἀγῶνας
920 1942 1108 1982 ἐπιταφίους,
1129 1947 1227 1975 certa-

528 1994 613 2026 mina
641 1994 835 2034 sepulcralia,
865 1994 1028 2034 appellat.
1072 1995 1118 2025 Et
1147 2004 1228 2035 quo-

528 2044 629 2075 modo
648 2044 786 2083 Noster,
809 2043 866 2074 ubi
892 2043 1016 2083 caedes,
1042 2053 1118 2084 quae
1142 2054 1228 2074 mor-

530 2099 601 2126 tem
624 2093 812 2125 Alexandri
838 2097 1070 2124 consecuturae
1101 2098 1229 2134 esseut,

529 2144 641 2184 ipsum
677 2144 766 2174 huuc
803 2142 1043 2182 praedicentem
1086 2143 1228 2184 inducit,

529 2194 634 2225 verbo
650 2195 659 2211 ‘
673 2192 868 2234 parentare'
887 2202 963 2224 usus
976 2198 1048 2231 est3
1064 2193 1112 2224 ita
1124 2194 1227 2224 Diod.

529 2245 576 2276 ibi
591 2244 665 2275 ead.
681 2244 776 2274 dere
796 2243 880 2283 agit,
902 2243 924 2274 i.
940 2253 967 2274 e.
985 2252 1080 2275 xvii.
1098 2246 1172 2275 117.
1193 2248 1229 2275 et

531 2303 639 2325 xviii.
657 2296 686 2324 1.
710 2294 815 2332 ἀγῶνα
836 2290 998 2333 ἐπιτάφιον
1020 2302 1094 2324 eam
1118 2298 1229 2326 vocat.

535 2344 609 2376 Vor-

572 2395 590 2434 ξ
613 2396 632 2424 7
659 2393 798 2433 Templo]
829 2393 914 2424 Mss.
930 2402 1059 2433 omnes,
1075 2403 1158 2434 quos
1183 2393 1228 2424 vi-

528 2443 579 2475 dit
594 2444 704 2483 Bong.
728 2443 853 2474 habeut
875 2444 1034 2483 templum.
1081 2444 1154 2475 Nec
1179 2454 1229 2475 re-

529 2494 645 2534 pudio,
666 2493 745 2534 quia
770 2493 924 2533 pluribus
944 2493 977 2523 in
1002 2494 1085 2525 locis
1109 2494 1229 2525 similia

528 2547 724 2581 occurrunt,
739 2552 815 2583 qum
833 2543 910 2574 alibi
927 2548 1058 2575 notata.
1082 2544 1186 2582 Schef.

574 2595 591 2634 ξ
615 2596 634 2623 8
658 2592 900 2634 Dignissimum]
930 2594 1139 2625 Diod-xvu.
1155 2597 1228 2626 117.

528 2643 583 2673 τὸν
598 2641 769 2683 κράτιστον.
794 2643 896 2681 flung.
935 2643 981 2674 Et
1003 2652 1105 2675 xvui.
1125 2647 1154 2675 1.
1176 2644 1229 2675 τὸν

529 2697 663 2737 ἄριστον.
687 2695 720 2727 J.
738 2695 784 2726 N.
802 2695 940 2726 Lo'eusis
957 2704 997 2726 eo
1015 2706 1113 2737 quem
1130 2695 1228 2727 modo

531 2747 601 2777 dixi
618 2747 692 2776 loco
708 2754 772 2775 nou
786 2743 1016 2785 perfunctorie
1031 2746 1229 2786 perstringit

529 2797 688 2836 Trogum,
715 2795 767 2825 vel
793 2800 943 2826 nostruin
974 2796 1084 2836 potius
1110 2797 1229 2836 Epito-

532 2851 707 2884 matorein,
731 2845 818 2885 quod
836 2855 901 2876 uon
919 2845 1004 2876 benc
1026 2847 1229 2877 seutentiam

534 2896 721 2929 Alexandri
737 2896 790 2928 hic
802 2897 1022 2938 expresserit.
1047 2898 1124 2930 Non
1140 2898 1229 2929 enim

982 348 1123 381 NOTAE
1156 348 1418 380 VARIORUM
1453 348 1503 378 ΙΝ

1277 440 1360 472 illud
1381 441 1515 472 volebat
1529 440 1656 478 dicere,
1672 450 1709 472 se
1723 439 1881 472 heredem
1896 449 1973 472 con·

1277 491 1431 531 stituere,
1447 492 1504 532 qui
1525 491 1669 522 maxime
1692 491 1814 531 dignus
1830 490 1974 531 imperio

1277 540 1385 572 foret:
1408 541 1468 572 sed
1485 551 1624 581 regnum
1644 551 1740 571 suum
1761 539 1834 571 fore
1856 540 1891 571 in
1914 549 1974 581 po-

1277 594 1402 622 testate
1437 591 1648 632 occupantis,
1684 591 1694 609 ‘
1711 589 1882 622 fortioris'
1923 599 1974 622 sc.

1277 641 1368 683 quod
1384 646 1420 673 et
1436 646 1575 672 eventus
1587 641 1714 672 docuit.
1737 641 1873 672 Neutra
1884 639 1975 671 enim

1276 702 1356 731 vox,
1372 703 1398 723 s.
1413 691 1585 733 κράτιστος,
1598 702 1623 724 s.
1647 691 1781 732 ἄριστος,
1802 694 1810 708 ‘
1822 690 1975 731 dignissi-

1276 741 1350 772 mo'
1364 742 1536 773 convenit.
1580 741 1667 773 Nam
1680 739 1842 782 κράτιστος
1866 743 1974 781 poten-

1276 791 1355 822 tiam
1383 790 1564 832 significat,
1594 801 1620 822 s.
1650 790 1838 828 violentiam,
1865 794 1903 821 ut
1931 799 1976 820 ex

1277 842 1424 883 AEsehyli
1464 842 1580 874 Vinct.
1626 841 1801 873 Prometh.
1844 841 1975 882 liquet:

1277 891 1401 933 ἄριστος
1438 897 1563 933 autem,
1598 895 1636 923 ut
1665 891 1808 922 nominis
1838 895 1976 930 etymon

1279 943 1440 982 ostendit,
1464 943 1600 983 proprie
1626 942 1733 973 Illarte
1751 940 1977 982 praestantissi-

1277 1003 1345 1024 mus
1359 999 1411 1024 est
1424 1005 1432 1024 :
1457 993 1545 1024 unde
1561 992 1740 1033 ἀριστεύειν,
1755 993 1890 1024 omnium
1903 991 1976 1030 sor-

1278 1042 1396 1073 tissime
1410 1053 1441 1073 se
1453 1052 1560 1082 gerere
1571 1054 1581 1073 .·
1601 1041 1753 1083 ἀριστεὺς,
1764 1042 1977 1080 omniumfor-

1277 1092 1434 1123 tissimus:
1463 1091 1610 1133 ἀριστεία,
1623 1093 1711 1131 sorte
1725 1092 1873 1131 facinus:
1896 1092 1978 1133 ἆρισ-

1276 1143 1371 1181 τεῖον,
1385 1141 1585 1180 fortitudinis
1604 1143 1780 1182 praemium.
1823 1142 1878 1174 Id.
1894 1151 1978 1183 ergo

1278 1195 1405 1226 dixerit
1439 1194 1649 1234 Alexander,
1685 1194 1776 1235 quod
1812 1193 1980 1234 Pyrrhus,

1278 1246 1404 1286 alioqui
1419 1245 1521 1276 etiam
1538 1244 1735 1276 Alexandro
1759 1248 1977 1284 comparatus

1278 1305 1298 1326 a
1312 1296 1405 1326 Plut.
1428 1294 1517 1325 Vitae
1534 1304 1608 1335 cap.
1626 1297 1676 1326 14.
1700 1305 1720 1325 a
1742 1294 1819 1325 filiis
1833 1294 1978 1325 interro-

1278 1349 1390 1385 gatus,
1413 1346 1422 1362 ‘
1437 1344 1569 1375 cuinam
1592 1344 1772 1375 relicturus
1795 1348 1886 1375 esset
1903 1353 1978 1384 reg-

1277 1394 1397 1424 num?
1433 1394 1624 1435 respondit,
1652 1395 1662 1411 ‘
1678 1394 1718 1425 Ei
1744 1394 1800 1435 qui
1826 1399 1977 1425 vestrum

1276 1443 1506 1474 acutissimum
1531 1443 1692 1474 habuerit
1715 1443 1885 1484 gladium!
1922 1443 1977 1475 Ib.

1278 1496 1330 1524 17.
1369 1494 1419 1524 Eo
1436 1492 1598 1533 pertinet,
1620 1492 1709 1534 quod
1733 1492 1924 1533 praevidere
1941 1501 1979 1524 se

1277 1543 1363 1574 dixit
1378 1542 1586 1581 Alexander,
1603 1552 1706 1583 grave
1722 1542 1765 1573 de
1781 1551 1884 1582 regno
1904 1551 1979 1573 cer-

1278 1597 1391 1624 tamen
1418 1593 1508 1624 inter
1536 1593 1609 1623 illos
1635 1592 1812 1631 oriturum,
1838 1596 1877 1622 ut
1903 1601 1982 1632 pro-

1276 1644 1357 1675 inde
1381 1643 1425 1675 sit
1449 1653 1603 1682 necesse,
1619 1652 1690 1673 rem
1713 1642 1755 1673 ad
1779 1651 1857 1673 eum
1882 1641 1978 1673 incli-

1277 1704 1372 1734 nare,
1388 1695 1444 1735 qui
1461 1694 1535 1734 plus
1553 1693 1672 1733 possit.
1707 1692 1894 1733 Aliquanto
1910 1701 1979 1722 me-

1277 1744 1342 1774 lius
1369 1744 1432 1774 hoc
1460 1742 1631 1782 expressit
1662 1742 1800 1773 Curtius
1824 1750 1862 1772 x.
1887 1744 1920 1772 5.
1947 1744 1979 1773 ’1.

1278 1799 1287 1812 ¹
1303 1794 1343 1824 Ei
1360 1794 1548 1834 relinquere
1571 1802 1607 1823 sc
1632 1801 1783 1832 regnum,
1805 1791 1863 1832 qui
1887 1795 1976 1822 esset

1277 1843 1457 1884 optimusz'
1482 1853 1581 1883 quam
1599 1852 1715 1873 vocem
1738 1841 1782 1872 ad
1803 1840 1979 1873 fortitudi-

1277 1903 1354 1924 nem
1383 1903 1516 1934 quoque
1543 1891 1649 1923 refert
1671 1893 1752 1923 Sall.
1774 1892 1831 1924 Ju,
1853 1894 1906 1923 92.
1925 1895 1979 1923 10.

1276 1944 1286 1960 ⁴
1305 1944 1476 1984 Optumus
1501 1943 1641 1983 quisque
1672 1941 1795 1973 cadere
1821 1946 1880 1972 aut
1905 1952 1981 1972 sau-

1277 1993 1381 2025 ciari!
1414 1993 1528 2033 Juuge
1543 1993 1620 2024 huic
1635 1992 1760 2023 Notam
1777 1992 1818 2022 ad
1835 2001 1887 2023 lx.
1902 1995 1934 2023 2.
1945 1995 1981 2027 4.

1276 2043 1404 2082 Ἀγαθὸς
1417 2044 1456 2073 τὰ
1471 2041 1615 2081 πολέμια,
1628 2042 1780 2083 Thucyd.
1792 2051 1844 2074 lv.
1861 2045 1914 2073 25.
1925 2044 1981 2075 84.

1278 2094 1287 2111 ‘
1305 2094 1419 2124 Bonus
1450 2092 1591 2132 militia‚'
1621 2093 1702 2124 Tac.
1729 2101 1756 2124 1.
1793 2093 1977 2124 Berneccer.

1278 2144 1363 2175 Eod.
1393 2153 1525 2184 quoque
1548 2142 1646 2173 modo
1670 2152 1724 2183 ap.
1750 2142 1849 2174 Stob.
1871 2144 1979 2175 Serm.

1278 2201 1403 2225 cxmx.
1436 2192 1535 2224 Κότυς
1557 2193 1573 2223 ὁ
1599 2194 1661 2223 τῶν
1684 2193 1808 2232 Θρακῶν
1831 2193 1979 2228 βασιλεὺς

1278 2243 1446 2283 ἐρωτηθεὶς,
1473 2243 1536 2273 Τίνι
1562 2242 1800 2280 καταλιμπάνεις
1826 2242 1865 2273 τὸ
1888 2243 1979 2279 βασί-

1277 2300 1383 2332 λειον;
1407 2292 1479 2333 ἔφη,
1494 2295 1541 2332 Τῷ
1557 2292 1718 2333 δυναμένῳ.
1737 2294 1875 2324 Gronov.
1899 2295 1979 2326 Nou

1278 2346 1393 2385 placet
1409 2344 1444 2376 J.
1461 2344 1505 2375 N.
1521 2343 1656 2383 Loensi,
1671 2344 1759 2385 quod
1774 2344 1979 2376 sententiam

1278 2394 1631 2426 AicxandriJustinus
1643 2394 1690 2425 sic
1705 2394 1895 2434 expressit:
1913 2403 1978 2426 non

1277 2445 1365 2476 enim
1382 2445 1444 2476 hoc
1462 2444 1604 2475 voluisse
1626 2443 1871 2485 Alexandrum,
1885 2445 1982 2476 here-

1277 2495 1353 2526 dem
1369 2494 1462 2535 regni
1479 2504 1514 2524 se
1531 2494 1739 2525 constituere
1761 2494 1818 2535 qui
1833 2495 1979 2525 maxime

1279 2545 1397 2585 diguus
1414 2554 1453 2575 eo
1469 2548 1582 2581 esset;
1606 2543 1666 2573 sed
1689 2543 1745 2584 qui
1761 2547 1852 2574 esset
1866 2542 1980 2575 fortis-

1277 2595 1378 2626 simus
1404 2604 1444 2626 ac
1476 2593 1752 2634 potentissimus:
1783 2593 1885 2634 idque
1914 2593 1978 2625 sibi

1279 2645 1365 2675 velle
1391 2644 1559 2675 vocabula
1587 2642 1752 2684 κράτιστος
1780 2647 1816 2674 et
1845 2642 1981 2684 ἄριστος,

1278 2694 1400 2736 quibus
1427 2699 1582 2726 auctores
1607 2693 1738 2733 Graeci,
1762 2693 1862 2725 Diod.
1882 2703 1980 2725 xvn.

1279 2748 1352 2776 117.
1367 2749 1402 2776 et
1417 2754 1524 2776 xviu.
1538 2747 1567 2775 1.
1584 2748 1619 2775 et
1636 2744 1773 2776 Arrian.
1786 2754 1852 2775 vu.
1870 2745 1903 2775 in
1918 2745 1980 2777 hac

1278 2795 1419 2826 historia
1442 2795 1493 2825 usi
1517 2794 1596 2825 sint.
1639 2795 1820 2825 consentit
1845 2804 1978 2835 quoque

1279 2845 1488 2876 Blancardus
1506 2845 1606 2875 Notis
1619 2844 1652 2875 in
1670 2844 1803 2875 Arrian.
1818 2854 1882 2876 vu.
1907 2846 1978 2876 Sci-

1281 2895 1404 2927 endum
1418 2900 1529 2927 tamen
1539 2894 1722 2935 Justinum,
1734 2895 1800 2926 etsi
1813 2904 1880 2927 non
1894 2895 1902 2911 ‘
1916 2893 1980 2926 sor-
