2174 3424
531 344 726 375 JUSTlNl
757 344 851 374 ΜΒ.
883 345 934 375 11.
965 346 1074 376 GAP.
1103 335 1174 376 14.
1488 336 1573 377 691

140 437 298 470 tenebras
313 436 548 470 minitantem?
569 436 647 469 Val.
665 438 714 470 M.
725 445 785 469 ιιῐ.
798 439 831 469 2.

142 490 241 521 Ber-n.

184 539 254 579 §11
280 538 386 578 Neque
413 537 495 569 enim
516 538 580 568 ulla
607 537 668 577 est]
705 535 830 568 Similis

139 590 214 622 fere
229 590 320 621 locus
332 590 373 621 de
389 590 495 621 Gallis
509 599 609 622 xxiv.
625 593 656 622 8.
673 593 723 622 13.
745 590 797 621 Id.

185 641 259 680 §12
285 640 393 679 Inopia
416 643 615 671 contraxerat
643 644 674 671 et
701 639 834 680 pestem]

140 689 198 721 Ita
212 689 302 721 Flor.
325 698 380 721 111.
397 693 428 720 5.
444 693 496 722 27.
521 691 620 722 Idem.
674 691 834 731 Suspicor

139 742 360 770 contraxerant
375 738 542 770 scribend.
588 739 663 770 Nec
683 739 771 770 enim
787 740 835 770 in-

140 789 220 829 opia
233 789 417 827 contraxit,
440 798 557 820 verum
582 788 691 830 copiae
718 789 835 830 pedes-

144 842 212 869 tres
228 847 269 868 ex
284 836 409 877 inopia.
433 837 539 876 Schef.

185 887 294 928 Inopia
321 891 520 919 contraxerat
547 891 577 919 et
603 887 734 928 pestem]
781 888 836 920 Sic

144 941 240 969 recte
255 937 398 978 legitur:
420 938 454 968 h.
471 947 500 969 e.
525 937 632 969 fames
655 944 690 969 et
713 938 837 978 inopia,

145 993 184 1020 ut
198 987 248 1024 fit,
272 988 441 1020 excitarat
467 993 612 1029 pestem,
635 989 670 1019 in
685 989 838 1020 exercitu

144 1047 191 1070 sc.
236 1038 354 1069 Celsus
378 1047 436 1069 111.
466 1038 677 1069 ‘Tristitiam
706 1044 839 1070 contra-

145 1088 227 1119 here
242 1087 367 1119 dicitur
381 1087 458 1118 bilis
476 1087 572 1119 atra.’
615 1087 693 1119 Alia
716 1088 839 1129 passim

145 1138 302 1179 exempla
317 1142 395 1169 sunt
409 1137 519 1170 obvia.
545 1138 654 1169 Groev.

193 1190 280 1220 Escoe
295 1189 443 1220 illecebris
461 1188 650 1228 sollicitam]
688 1189 839 1229 Reposui

150 1248 192 1269 ex
218 1238 464 1280 antiquioribus
490 1239 582 1279 typis
603 1238 773 1278 expressis
796 1248 841 1269 es-

148 1298 210 1319 coe:
232 1298 306 1330 quae
323 1298 387 1320 vox
402 1287 476 1320 itid.
491 1288 626 1319 videtur
642 1288 760 1319 abesse
775 1297 842 1319 non

151 1347 272 1379 posse3
295 1343 334 1369 ut
348 1338 567 1378 intelligatur,
591 1338 688 1379 cujus
710 1338 843 1378 generis

151 1388 322 1420 illecebrae
339 1389 406 1420 illae
421 1388 560 1420 fuerint.
590 1388 691 1419 Vorst.
734 1389 843 1420 Recte

150 1439 215 1469 hoc
230 1438 383 1479 reposuit
392 1439 507 1469 Vorst.
534 1447 576 1468 ex
588 1437 844 1478 antiquioribus.

153 1486 376 1519 Absumserat
403 1487 586 1518 similitudo
608 1487 783 1519 literarum
811 1488 845 1519 iu

154 1547 237 1569 voce
253 1537 401 1578 praeced.
414 1537 517 1577 Schef.
556 1538 734 1569 Consentit
746 1538 768 1570 J
773 1543 845 1570 unt.

159 1587 266 1618 Groev.

200 1637 287 1668 Cap,
306 1645 382 1669 x1v.
416 1638 468 1678 §1
495 1637 678 1678 Olynthum]
702 1637 848 1669 Artaba-

158 1695 210 1723 zo,
231 1695 295 1717 nou
320 1686 513 1726 Mardonia,
537 1687 569 1718 id
583 1687 704 1718 tribuit
720 1687 848 1719 Herod.

159 1744 239 1766 vm.
270 1737 342 1767 127.
366 1736 523 1775 Bongars.
579 1737 736 1767 Errorem
761 1737 849 1768 hunc

159 1785 285 1824 primus
321 1785 474 1817 ostendo.
545 1786 695 1826 Legend.
724 1791 777 1817 est
816 1787 851 1817 in

162 1834 303 1874 Thracia,
318 1835 407 1875 quod
423 1839 507 1867 vett.
524 1835 719 1876 Gcographi
735 1840 770 1867 et
785 1837 853 1867 De-

158 1883 341 1914 mosthenis
356 1883 505 1924 interpp.
522 1884 726 1924 probabunt.
751 1885 830 1917 Fab.

202 1934 220 1973 ξ
237 1936 258 1965 2
280 1933 482 1965 Athenienses
495 1933 624 1974 quoque]
647 1935 778 1967 Herod.
794 1935 851 1967 fin.

160 1983 218 2014 lib.
233 1992 314 2015 vul.
328 1988 363 2015 et
377 1984 477 2014 Diod.
492 1993 541 2014 xr.
557 1987 610 2015 28.
639 1985 738 2024 Bong.

205 2035 254 2075 §5
279 2035 423 2065 Fortuna
435 2034 531 2074 regis,
553 2033 623 2074 ξω]
668 2034 855 2074 Insigniter

160 2083 224 2114 hoc
251 2083 378 2115 dictum
400 2084 547 2115 illustrat
570 2084 710 2116 Gruteri
726 2085 857 2116 Disser-

163 2133 247 2165 tatio
261 2143 287 2166 1.
301 2133 344 2165 ad
359 2133 441 2166 Tac.
484 2133 575 2166 Add.
592 2134 690 2166 eund.
707 2135 749 2166 ad
764 2135 855 2168 Hist.

163 2183 308 2224 August.
325 2194 357 2225 p.
370 2187 403 2215 2.
416 2187 491 2216 128.
503 2194 547 2215 m.
562 2187 591 2216 l.
615 2185 715 2216 Bern-

210 2234 317 2266 Victus
331 2234 531 2274 Mardonius]
563 2234 650 2265 Haec
664 2239 717 2266 est
731 2244 858 2266 memo-

164 2283 280 2315 rabilis
295 2284 354 2315 illa
367 2284 563 2315 Graecorum
577 2284 618 2315 ad
630 2284 779 2316 Plataeas
792 2285 858 2316 vic·

165 2333 265 2372 toria,
290 2334 333 2364 de
359 2343 427 2374 qua
453 2334 650 2366 Herod.1x.
684 2335 788 2367 Diod.
805 2344 858 2367 xr.

166 2385 219 2415 31.
240 2383 338 2414 Plut.
352 2382 386 2413 in
400 2382 507 2415 Arist.
523 2384 633 2415 AEmil.
664 2385 796 2416 Probus
823 2385 858 2416 in

164 2430 314 2463 Aristide
342 2437 380 2463 et
403 2433 586 2472 Pausania,
622 2443 703 2474 quos
727 2434 796 2466 vid.
823 2438 860 2466 et

168 2480 291 2512 AElian.
315 2481 375 2512 lib.
390 2490 432 2513 11.
463 2487 498 2512 et
526 2482 647 2513 Strabo
670 2482 728 2513 lib.
741 2492 794 2514 xx.
823 2487 860 2515 et

171 2530 322 2563 Pansan.
346 2532 526 2563 Laconicis
545 2536 581 2563 et
605 2532 780 2564 Boeoticis.
801 2532 860 2563 In-

167 2580 352 2613 terfectum
388 2591 428 2613 eo
465 2582 586 2622 proelio
632 2582 861 2622 Mardonium,

169 2635 297 2671 praeter
306 2631 452 2663 Ctesiam
465 2631 616 2662 scribunt
625 2641 758 2664 omnes:
772 2633 861 2664 hunc

171 2681 324 2723 sequitur
337 2681 469 2714 Auctor
483 2687 610 2714 noster.
632 2683 736 2722 Bong.

212 2732 231 2771 ς
245 2734 266 2762 6
289 2732 403 2762 Castra
417 2731 533 2770 referta
546 2732 660 2771 regalis
684 2732 862 2773 opulentioe]

173 2780 249 2812 Val.
263 2781 314 2813 M.
331 2790 356 2813 1.
372 2784 402 2813 6.
413 2784 445 2814 2.
471 2782 480 2799 ‘
494 2783 581 2813 Bina
596 2788 706 2813 castra
722 2783 864 2814 Punicis

173 2828 294 2868 opibus
330 2829 479 2862 referta!
541 2831 664 2863 Zonar.
694 2836 775 2864 tom.
806 2841 864 2864 111.

175 2877 266 2910 Anu·
282 2889 317 2921 p.
331 2882 404 2912 184.
426 2880 538 2912 Μεστὰ
551 2881 626 2913 ὄντα
639 2880 776 2913 πλούτου
789 2893 865 2913 παν-

878 438 1011 467 τοδαποῦ
1053 436 1104 469 καὶ
1154 438 1356 471 πολυτελείας
1401 441 1577 477 βασιλικῆς.

883 486 1017 518 Gronov.

926 535 1056 576 Regalis
1070 538 1246 578 opulentiae]
1279 539 1368 570 Nam
1395 540 1530 571 Xerxes
1558 551 1576 571 e

883 586 1018 618 Graecia
1034 586 1167 627 fugiens
1189 598 1307 619 aureos
1338 594 1374 620 et
1399 594 1577 629 argenteos

882 636 1000 677 lectos,
1014 641 1116 678 atque
1132 647 1277 678 mensas,
1302 648 1500 680 omnemque
1527 649 1579 670 re-

883 687 973 726 gium
997 691 1198 727 apparatum
1214 688 1399 728 reliquerat
1422 698 1475 729 ap.
1490 690 1581 720 Mar-

885 736 1034 767 donium.
1050 736 1180 768 Herod.
1196 745 1246 767 rx.
1259 740 1311 767 81.
1339 738 1436 768 Bern.

932 787 1019 817 Unde
1032 786 1177 826 primum,
1191 786 1261 827 ᾄσῃ]
1299 787 1388 819 Flor.
1408 796 1465 818 ιιι.
1481 789 1532 819 12.
1548 791 1581 818 9.

886 836 896 853 ‘
915 835 1012 875 Syria
1048 835 1156 875 prima
1189 846 1250 867 nos
1279 835 1372 867 victa
1407 837 1584 876 corrupit!

887 884 978 916 Add.
1008 884 1171 916 Nostrum
1198 894 1328 917 xxxvt.
1366 889 1399 918 4.
1425 889 1475 918 12.
1510 887 1582 917 Liv.

888 942 1020 966 xxxix.
1037 937 1068 965 6.
1085 934 1143 965 fin.
1169 935 1220 966 Id.

930 984 983 1023 §⁷
1008 983 1145 1024 Mycale]
1171 984 1263 1015 Libr.
1291 983 1411 1024 scripti
1427 984 1459 1016 h.
1474 985 1497 1016 1.
1515 995 1584 1016 om-

888 1042 948 1064 nes
961 1033 1147 1073 depravate
1161 1034 1277 1073 legunt
1294 1034 1418 1074 Mesiae,
1435 1035 1493 1065 alii
1513 1036 1585 1066 Mo·

888 1083 955 1122 sioe,
970 1083 1027 1114 alii
1043 1084 1154 1115 aliter.
1197 1084 1299 1123 Vulg.
1317 1085 1397 1116 lect.
1412 1089 1532 1115 contra
1545 1086 1585 1115 li-

890 1132 969 1164 bros
985 1133 1112 1164 retinui
1128 1143 1171 1164 ex
1186 1133 1318 1164 Herod.
1331 1139 1366 1165 et
1382 1134 1484 1166 Diod.
1522 1136 1587 1166 Est

890 1187 1002 1214 autem
1028 1183 1167 1223 Mycale
1190 1193 1284 1214 mons
1310 1183 1416 1215 Ioniae
1446 1188 1483 1215 et
1507 1184 1587 1215 urbs

891 1233 1074 1274 Stephano.
1098 1234 1202 1273 Bong.

934 1284 951 1324 ς
968 1286 988 1315 8
1013 1284 1173 1315 Mardonii
1184 1283 1286 1324 copias
1298 1283 1450 1314 occidione
1464 1283 1589 1315 cecidis-

891 1333 938 1373 se]
959 1334 1090 1373 Malim,
1117 1338 1156 1365 ut
1187 1340 1241 1365 est
1267 1334 1302 1364 in
1329 1333 1407 1366 edd.
1434 1334 1588 1365 omnibus

893 1383 979 1422 aliis,
994 1383 1159 1420 occidisse;
1182 1393 1246 1424 qua
1261 1384 1432 1415 locutione
1449 1384 1590 1415 uteban-

893 1439 950 1466 tur
961 1436 1058 1467 Vett.
1070 1436 1202 1477 quoties
1216 1435 1406 1477 significare
1418 1436 1590 1475 volebant,

895 1486 1082 1518 exercitum
1099 1487 1244 1527 aliquem
1267 1486 1310 1517 ad
1326 1486 1591 1517 internecionem

895 1546 967 1567 esse
981 1536 1143 1567 deletum.
1178 1536 1253 1568 Liv.
1264 1536 1323 1568 lib.
1338 1545 1473 1567 xxvm.
1489 1539 1498 1553 ‘
1512 1536 1591 1566 Duo

897 1589 1068 1619 exercitus
1084 1597 1199 1618 eorum
1222 1597 1329 1628 prope
1346 1586 1520 1618 occidione
1538 1596 1592 1617 oc-

897 1636 990 1668 cisi:'
1014 1637 1177 1678 similique
1194 1636 1267 1668 fere
1282 1636 1414 1667 ratione
1430 1636 1557 1667 dictum
1574 1646 1594 1666 a

898 1687 981 1718 Tac.
1004 1687 1013 1704 ⁸
1027 1687 1142 1727 Copiae
1168 1691 1238 1719 tum
1254 1687 1431 1718 occidione
1447 1687 1593 1718 occubu-

898 1736 1021 1768 issent?
1053 1737 1140 1768 Mod.
1192 1738 1302 1777 Bong.
1329 1737 1482 1768 cecidisse.
1525 1737 1592 1767 Sed

901 1786 1189 1827 Modiijudieium
1206 1791 1341 1818 secutus
1355 1787 1478 1817 retinui
1492 1787 1593 1817 Mstis

900 1836 1065 1868 firmatam
1081 1837 1222 1868 aliarum
1235 1837 1309 1868 edd.
1325 1837 1519 1868 lectionem.
1545 1837 1596 1868 Ea

900 1886 1071 1917 locutione
1089 1891 1230 1918 utuntur
1244 1887 1337 1918 Vett.
1353 1887 1541 1918 exercitum
1553 1887 1596 1918 ad

901 1936 1167 1967 internecionem
1192 1936 1342 1967 deletum
1362 1936 1599 1976 significaturi.

902 1987 976 2018 Liv.
994 1994 1126 2018 xxvm.
1171 1986 1343 2028 Similique
1366 1986 1440 2017 fere
1465 1987 1598 2018 ratione

903 2037 985 2067 Tac.
1002 2036 1046 2068 A.
1076 2045 1144 2067 ΧΠ.
1178 2037 1187 2053 ‘
1207 2036 1340 2077 Copiae’
1364 2039 1429 2068 διο.
1464 2037 1598 2068 Bernec.

903 2086 913 2104 ⁴
927 2086 1122 2117 Occidisse’
1145 2089 1317 2124 παθητικῶς
1332 2097 1407 2128 pro,
1423 2087 1600 2127 cecidisse,

905 2136 1035 2167 delatas
1051 2146 1136 2176 esse,
1150 2141 1188 2167 ut
1202 2147 1294 2177 saepe
1309 2138 1343 2167 in
1360 2137 1424 2168 hoc
1437 2136 1601 2168 Auctore.

905 2186 976 2218 Ins.
1000 2195 1137 2219 xxvul.
1164 2189 1197 2218 4.
1215 2190 1267 2218 12.
1291 2187 1376 2218 dicit
1399 2187 1409 2204 ‘
1424 2186 1601 2217 occidione

906 2236 1005 2268 caesi!
1062 2238 1108 2268 Et
1135 2237 1210 2269 Liv.
1247 2237 1256 2255 ‘
1270 2237 1444 2268 occidione
1475 2236 1601 2267 occisi.'

906 2286 991 2318 Tac.
1025 2296 1107 2318 vero
1139 2288 1149 2304 ‘
1168 2286 1344 2318 occidione
1377 2286 1601 2318 occumbere.’

912 2336 1015 2367 Vorst.

950 2387 967 2426 ς
983 2388 1003 2416 9
1029 2386 1160 2417 Tantam
1167 2385 1267 2423 samoe
1280 2386 1486 2426 velocitatem]
1503 2386 1602 2418 Hanc

907 2434 1004 2466 famae
1022 2436 1237 2466 velocitatem
1252 2436 1427 2476 redarguit
1438 2436 1538 2467 Diod.
1552 2445 1603 2466 xr.

909 2487 961 2516 35.
1008 2484 1065 2515 Ait
1088 2485 1177 2515 euim
1205 2495 1372 2515 rumorem
1388 2486 1488 2516 istum
1512 2494 1604 2525 spar-

909 2545 981 2566 sum
997 2545 1016 2566 a
1031 2535 1249 2574 Leotychida,
1272 2534 1530 2575 στρατηγήματος
1543 2533 1606 2565 ἕνε-

909 2596 973 2615 κεν.
1016 2583 1097 2615 Vid.
1114 2584 1207 2615 Plut.
1225 2583 1259 2614 in
1270 2584 1402 2615 AEmilio
1418 2594 1448 2615 c.
1465 2587 1516 2616 41.
1562 2585 1606 2614 Et

909 2635 978 2672 hic,
1003 2639 1040 2664 ut
1058 2637 1094 2664 et
1111 2633 1214 2664 Diod.
1232 2634 1376 2673 notavit,
1398 2634 1516 2665 deficit
1535 2634 1606 2665 He-

911 2683 1024 2714 rodoti
1047 2683 1197 2714 historia.
1222 2683 1379 2722 Bongars.
1425 2684 1539 2715 Simile
1556 2690 1606 2715 ta-

912 2743 987 2764 men
1004 2732 1101 2763 famae
1120 2733 1310 2764 velocitatis
1333 2734 1523 2774 exemplum
1548 2734 1608 2764 ha-

912 2784 971 2815 bet
986 2784 1111 2814 Noster
1127 2791 1188 2813 xx.
1202 2785 1233 2814 3.
1248 2785 1282 2814 9.
1325 2782 1415 2814 Add.
1431 2784 1522 2815 Suet.
1537 2785 1607 2815 Ne-

913 2842 987 2864 ron.
1006 2835 1036 2864 1.
1060 2837 1096 2863 et
1117 2832 1305 2863 Domitian.
1319 2835 1350 2864 6.
1377 2834 1467 2864 Flor.
1492 2842 1548 2864 111.
1575 2836 1607 2864 3.

914 2882 973 2916 fin.
987 2881 1105 2915 AElian.
1117 2890 1167 2914 lx.
1182 2883 1226 2914 V.
1240 2882 1286 2915 H.
1298 2885 1330 2914 2.
1346 2883 1478 2915 Bernec.
1502 2883 1511 2900 ‘
1521 2883 1608 2914 Tan-
