2174 3424
443 329 527 370 614

442 428 651 470 Imperatori
667 429 805 463 Librum
822 435 830 450 ‘
845 435 1045 467 emendandi
1062 446 1140 468 cau-

444 479 498 511 sa'
513 479 607 521 (uam
631 481 693 512 hoc
709 481 793 514 dicit
809 483 957 524 Auctor)
973 486 1067 517 credi
1085 488 1140 518 vix

443 535 560 570 queat.
605 531 647 562 Iu
676 533 831 573 quibusd.
856 535 953 567 codd.
976 537 1059 568 Mss.
1085 537 1139 569 hic

443 581 573 612 Noster
589 581 717 613 dicitur
734 584 782 615 M.
798 585 954 616 Junianus
976 587 1140 619 Justinus:

442 631 526 662 item
548 633 694 664 Justinus
721 634 911 666 Frontinus:
934 646 976 667 ex
999 647 1076 677 quo,
1098 638 1139 668 si-

442 682 580 723 mulque
603 683 704 723 stylo,
719 684 761 715 de
779 689 882 716 aetate
899 696 965 727 qua
985 687 1081 725 vixit,
1097 697 1139 719 an

443 731 522 773 quid
540 732 613 763 erui
636 733 758 774 possit,
779 735 927 767 viderint
949 737 1005 777 qui
1021 738 1138 777 genios

444 785 619 813 auctorum
656 784 912 826 seculorumque
954 787 1140 826 possident.

442 832 542 864 Bern.
573 833 790 875 Antiquiores
803 835 911 876 quaed.
923 836 1000 868 edd.
1014 837 1140 869 habent

444 882 515 914 sic:
541 884 629 919 Quod
654 886 695 915 ad
721 888 762 922 te,
781 886 955 925 Imperator
970 887 1139 920 Antonine.

443 932 571 964 Verum
592 934 758 974 Bongars.
774 935 856 967 illud
873 937 952 977 Imp.
976 938 1054 969 Ant.
1082 948 1141 969 ex-

444 983 589 1023 punxit3
621 985 710 1026 quod
736 985 770 1015 in
797 986 904 1017 Codd.
926 987 1011 1018 Mss.
1024 988 1059 1018 id
1075 997 1140 1019 non

443 1034 625 1072 reperiret.
672 1035 716 1065 Et
751 1034 977 1076 adstipulatur
1001 1036 1033 1068 ei
1059 1037 1142 1068 Ber-

443 1092 540 1114 necc.
577 1084 633 1124 qui
670 1093 734 1115 nec
771 1085 935 1116 credibile
970 1096 1043 1117 esse
1079 1088 1141 1127 ait,

444 1134 455 1151 ‘
472 1134 676 1166 emendandi
688 1135 813 1175 causa,'
840 1140 877 1167 ut
889 1135 1020 1168 Auctor
1036 1138 1142 1178 loqui-

445 1189 513 1224 tur,
527 1184 650 1216 librum
671 1185 820 1216 oblatum
837 1185 941 1217 fuisse
956 1187 1143 1228 Imperato-

445 1234 485 1264 ri.
518 1234 596 1266 Joh.
613 1234 658 1266 Is.
674 1235 849 1267 Pontanus
863 1241 976 1268 tamen
988 1242 1024 1269 et
1036 1238 1142 1270 Gerh.

443 1283 522 1315 Joh.
549 1285 647 1316 Voss.
683 1285 720 1315 τὸ
751 1286 831 1326 Imp.
857 1287 934 1318 Ant.
961 1288 1144 1327 genuinum

446 1343 522 1364 esse
540 1338 684 1374 putant3
711 1345 820 1376 neque
841 1335 1015 1368 offendere
1032 1348 1146 1379 quem-

445 1394 547 1425 quam
581 1385 706 1417 debere
730 1385 931 1419 familiarem
956 1389 1048 1419 illam
1082 1400 1148 1430 qua

446 1435 697 1475 Imperatorem
731 1438 915 1477 compellat
951 1439 1149 1478 orationem,

446 1486 537 1526 quod
566 1491 699 1518 constet
723 1487 871 1518 Plinium
891 1487 972 1518 item
990 1488 1023 1518 in
1042 1489 1148 1520 Praef.

447 1536 494 1567 N.
521 1536 567 1567 H.
592 1536 632 1567 ad
660 1538 902 1577 Vespasianum
927 1538 1044 1568 eadem
1072 1548 1147 1578 par-

447 1585 559 1616 rhesia
584 1596 681 1617 usum
698 1596 787 1626 esse,
813 1587 968 1628 dicendo,
990 1589 999 1605 ⁴
1015 1589 1146 1629 Vespa-

447 1636 589 1675 pasiano
614 1636 706 1675 suo;'
746 1637 826 1668 item
864 1638 1145 1670 ‘Jucundissime

447 1684 664 1725 Imperator!
708 1687 966 1719 Observandum
984 1694 1094 1720 autem
1111 1695 1146 1721 et

448 1734 545 1773 illud,
561 1736 651 1777 quod
677 1737 844 1777 Bongars.
867 1748 910 1769 ex
936 1739 1043 1771 Codd.
1060 1740 1144 1771 Mss-

449 1784 576 1815 edidit:
606 1786 694 1820 Quod
718 1788 758 1816 ad
785 1790 827 1826 te,
852 1797 911 1818 non
933 1791 996 1818 tam
1021 1780 1146 1827 cognos-

448 1836 536 1865 cendi
569 1836 670 1874 magis
696 1847 787 1876 quam
825 1838 1007 1868 emendandi
1035 1849 1147 1875 cansa,·

449 1889 485 1915 et
502 1885 733 1917 Berueccerus
749 1887 832 1918 illud
846 1888 948 1926 magis
960 1898 1072 1919 rursus
1089 1899 1145 1920 ex-

450 1936 584 1975 punxit.
631 1936 716 1967 Mihi
749 1947 828 1968 vero
863 1948 939 1968 cum
977 1939 1072 1970 voss.
1110 1938 1147 1969 τὸ

450 1985 553 2024 magis
583 1987 695 2026 potius
723 1987 951 2028 retinendum,
975 1993 1010 2020 et
1029 1994 1147 2020 contra

450 2039 516 2067 tam
552 2037 814 2077 expungendum
852 2039 997 2078 videtur,
1033 2040 1147 2080 legeu-

452 2085 599 2126 dumque
617 2086 702 2117 adeo
718 2098 726 2118 :
754 2088 843 2123 Quod
858 2090 897 2119 ad
914 2092 957 2128 te,
975 2090 1148 2129 Imperator

451 2134 620 2175 Antonine,
643 2146 702 2167 non
722 2139 921 2176 cognoscendi
942 2140 1044 2179 magis
1058 2150 1149 2181 quam

452 2187 633 2217 emendandi
647 2197 751 2220 causa.
768 2189 850 2220 Vor-

498 2237 589 2272 Quod
610 2240 649 2269 ad
666 2242 706 2279 te,
721 2250 780 2271 non
801 2241 880 2281 tam]
902 2241 958 2272 Sic
974 2241 1149 2282 scripsisse

451 2286 638 2328 Justinum,
653 2299 717 2319 non
736 2294 788 2321 est
803 2291 1013 2329 verosimile3
1029 2301 1150 2324 nomen

454 2337 542 2367 enim
558 2338 629 2378 ejus
646 2340 844 2381 requiritur,
867 2341 909 2372 ad
929 2352 1027 2383 quem
1044 2343 1149 2382 scrip-

454 2387 509 2427 sit,
531 2388 601 2419 sive
624 2389 678 2420 hic
701 2392 862 2430 posuerit,
882 2392 952 2423 sive
972 2392 1006 2422 in
1023 2392 1150 2423 Praefa-

454 2438 555 2469 tionis
585 2439 656 2479 huj.
682 2439 807 2472 fronte.
854 2441 965 2481 Igitur
991 2443 1088 2473 Voss.
1116 2442 1150 2473 in

455 2489 638 2520 Historicis
673 2490 806 2522 Graecis
842 2493 1016 2524 existimat
1047 2493 1151 2524 fuisse

457 2540 556 2571 olim:
584 2541 687 2580 Quod,
698 2541 855 2572 Antonine
871 2543 944 2582 Im„
957 2553 1016 2574 non
1027 2553 1151 2582 cognos-

455 2591 545 2622 cendi
580 2592 693 2631 magis,
724 2602 814 2632 qnam
843 2594 1034 2632 emendandi,
1061 2603 1152 2624 causa

456 2641 628 2680 transmisi,
651 2646 754 2683 atque
776 2652 816 2673 ex
835 2643 994 2675 Antonine
1009 2644 1068 2674 Im.
1083 2643 1151 2675 fac-

457 2696 530 2722 tum
553 2701 628 2723 esse
652 2694 693 2723 ad
714 2696 745 2723 te
764 2702 834 2724 non.
877 2693 930 2724 De
954 2702 990 2724 re
1013 2703 1077 2724 non
1094 2693 1152 2724 ab·

457 2750 574 2779 nuam3
592 2746 627 2772 at
637 2742 828 2774 emendatio
838 2752 904 2774 non
916 2744 1040 2783 placet.
1055 2743 1151 2774 Vett.

458 2791 531 2831 ipso
546 2792 645 2822 Voss.
662 2796 750 2823 teste
772 2793 821 2824 ita
836 2793 980 2824 habeut:
1009 2794 1099 2828 Quod
1113 2794 1153 2824 ad

459 2843 490 2870 te
518 2850 578 2870 non
610 2844 674 2871 tam
699 2843 897 2882 cognoscendi
925 2843 1037 2883 magis,
1065 2853 1155 2883 quam

460 2891 652 2933 emendandi,
665 2902 755 2924 causa
767 2893 937 2926 transmisi.
966 2894 1018 2925 Ex
1034 2893 1155 2936 quibus

899 342 1040 375 NOTAE
1074 346 1337 380 VARIORUM
1372 349 1423 379 ΙΝ

1189 439 1303 470 verbis
1327 440 1461 482 colligo,
1489 442 1668 475 lectionem
1695 454 1809 478 veram
1837 446 1887 478 ita

1190 498 1263 520 sese
1278 490 1454 523 habuisse:
1481 493 1570 528 Quod
1585 496 1625 524 ad
1641 498 1671 525 te
1687 505 1745 526 non
1759 499 1824 528 tam
1839 507 1888 527 co-

1187 540 1363 580 gnoscendi,
1375 542 1483 573 Marce
1497 542 1654 574 Antonine
1668 546 1787 586 Coesar,
1797 556 1887 586 quam

1189 591 1380 628 emendandi,
1403 602 1495 623 cansa
1509 595 1679 626 transmisi.
1716 596 1820 627 Error
1835 601 1886 627 to-

1190 644 1244 670 tus
1256 645 1355 672 natus
1367 645 1474 673 estex
1484 643 1682 683 compendio
1695 645 1888 685 scripturae,

1190 698 1255 729 quo
1273 690 1344 730 quis
1361 700 1483 721 nomen
1501 693 1704 732 Imperatores
1719 703 1780 733 per
1797 695 1886 725 solas

1189 739 1320 770 litteras
1332 740 1473 771 initiales
1487 747 1715 782 expresserat,
1725 743 1756 774 h.
1770 743 1886 775 modo:

1189 799 1231 820 m.
1247 799 1277 820 a.
1293 800 1363 820 coes.
1410 791 1483 821 Has
1499 792 1630 822 litteras
1654 793 1730 833 quia
1753 803 1819 823 non
1841 793 1889 823 in·

1191 839 1380 880 mulgebat,
1409 841 1465 880 qui
1502 840 1651 872 debebat
1682 842 1891 882 describere,

1190 890 1383 930 conjunxit,
1398 895 1434 921 et
1450 900 1491 921 ex
1509 891 1557 921 eis
1573 890 1656 921 fecit
1671 901 1778 922 mae-ea.
1803 893 1890 923 Post

1190 944 1461 979 supervenerunt
1485 940 1553 979 alii,
1578 940 1635 981 qui
1663 941 1889 972 emendarunt

1190 998 1237 1018 sc.
1252 994 1287 1019 et
1303 998 1345 1019 ex
1361 998 1401 1020 eo
1417 988 1576 1020 fecerunt
1589 990 1694 1029 mucis,
1711 995 1745 1021 et
1759 996 1890 1030 postre-

1190 1047 1245 1068 mo
1256 1039 1367 1078 magis.
1393 1040 1478 1070 Esse
1490 1044 1603 1071 autem
1616 1041 1889 1072 emendationem

1191 1092 1340 1119 nostram
1356 1088 1413 1120 illa
1435 1090 1544 1120 altera
1566 1090 1751 1130 meliorem,
1770 1091 1824 1121 vel
1846 1101 1889 1122 ex

1192 1146 1231 1168 eo
1255 1142 1366 1178 paret,
1389 1139 1469 1179 quia
1485 1139 1613 1171 retinet
1629 1140 1687 1171 illa
1702 1142 1742 1171 ad
1757 1144 1799 1180 te,
1812 1150 1888 1182 quae

1192 1197 1260 1218 non
1284 1192 1424 1228 possunt
1449 1188 1577 1229 abesse,
1601 1199 1676 1221 cum
1700 1190 1738 1220 τὸ
1762 1193 1893 1222 ‘trans-

1193 1237 1284 1268 misi'
1314 1239 1449 1269 omnino
1479 1249 1520 1270 ea
1550 1240 1713 1280 requirat.
1757 1241 1823 1272 Sed
1855 1246 1891 1272 et

1195 1290 1258 1318 tam
1270 1288 1452 1328 respondet
1460 1289 1580 1320 melius
1589 1291 1632 1328 τῷ
1645 1290 1780 1331 ‘quarm'
1791 1301 1890 1332 quam

1195 1338 1308 1376 magis.
1361 1338 1462 1370 Quod
1490 1345 1603 1370 autem
1629 1340 1682 1370 hic
1714 1340 1894 1380 objicitur,

1198 1388 1345 1418 oblatum
1384 1388 1591 1428 Imperatori
1626 1389 1747 1420 librum
1781 1399 1892 1421 emen-

1198 1436 1299 1467 dandi
1324 1446 1425 1467 causa
1450 1438 1545 1468 credi
1567 1439 1623 1468 vix
1648 1449 1760 1479 posse,
1773 1440 1836 1470 hoc
1854 1445 1893 1471 ut

1198 1485 1279 1517 alibi
1292 1485 1434 1517 fortasse
1447 1487 1556 1517 locum
1569 1487 1704 1528 habeat,
1717 1488 1810 1519 sicin
1824 1488 1894 1519 An-

1198 1536 1315 1567 tonino
1347 1537 1438 1567 valet
1461 1537 1554 1577 nihil,
1580 1547 1676 1578 quem
1701 1543 1754 1569 est
1776 1543 1893 1570 notum

1197 1585 1300 1617 fuisse
1330 1586 1502 1618 literarum
1529 1587 1676 1618 omnium
1701 1598 1767 1619 non
1795 1589 1895 1620 modo

1196 1636 1474 1676 amantissimum,
1484 1637 1543 1668 sed
1554 1642 1589 1669 et
1601 1638 1894 1672 studiosissimum.

1195 1686 1298 1723 Schef.

1240 1736 1333 1776 Cato]
1351 1736 1390 1767 In
1403 1736 1509 1776 princ.
1521 1737 1698 1778 Originum
1710 1739 1759 1769 M.
1772 1739 1895 1771 Cicero

1195 1795 1256 1825 pro
1268 1786 1385 1816 Plane.
1394 1796 1424 1817 c.
1436 1789 1487 1817 27.
1499 1788 1650 1818 meminit
1661 1794 1696 1820 et
1707 1789 1894 1821 Columella

1194 1836 1260 1867 fine
1276 1836 1335 1867 lib.
1352 1846 1391 1867 11.
1408 1837 1565 1875 Bongars.
1599 1839 1645 1868 Et
1661 1839 1852 1878 Symmach.
1868 1849 1894 1872 1.

1195 1887 1260 1926 Ep.
1285 1889 1314 1917 l.
1339 1886 1484 1917 Galbam
1511 1893 1629 1918 contra
1653 1888 1837 1919 Suetonius
1861 1899 1893 1920 c.

1195 1939 1227 1966 9.
1256 1939 1288 1967 5.
1313 1936 1429 1967 dicere
1460 1937 1593 1968 solitum
1623 1937 1741 1977 refert,
1778 1939 1787 1955 ‘
1804 1939 1894 1980 quod

1196 1995 1293 2017 nemo
1310 1987 1474 2017 rationem
1490 1987 1551 2018 otii
1568 1988 1617 2018 sui
1638 1988 1780 2019 reddere
1796 1998 1895 2029 coga-

1197 2040 1263 2067 tur.
1295 2037 1427 2068 Bernec.

1239 2085 1384 2116 Simulat
1397 2089 1426 2116 et
1439 2086 1495 2117 otii
1507 2087 1578 2127 mez',
1588 2087 1673 2126 cujus
1687 2092 1717 2119 et
1732 2089 1810 2120 Coto
1825 2091 1897 2121 red-

1196 2136 1326 2166 dendam
1336 2146 1459 2175 operam
1469 2140 1574 2177 putat,
1589 2139 1670 2178 apud
1685 2141 1715 2169 te
1730 2139 1812 2169 ratio
1825 2149 1895 2170 con-

1197 2187 1321 2227 staret]
1353 2187 1462 2217 Locus
1480 2194 1677 2228 corruptus:
1703 2190 1789 2229 lego,
1803 2190 1896 2221 simul

1198 2241 1233 2267 ut
1251 2240 1281 2268 et
1302 2237 1361 2267 otii
1382 2238 1454 2276 mei,
1469 2238 1554 2276 cujus
1568 2241 1599 2268 et
1617 2239 1695 2269 Cato
1711 2240 1896 2270 reddendam

1198 2287 1349 2317 rationem
1371 2291 1473 2326 putat,
1493 2288 1573 2327 apud
1589 2291 1619 2318 te
1634 2289 1714 2318 ratio
1730 2292 1896 2320 constaret.

1200 2337 1321 2377 Neque
1347 2337 1433 2367 enim
1459 2338 1586 2368 reddere
1610 2347 1731 2377 operum
1757 2339 1815 2369 otii
1835 2340 1897 2378 sui,

1199 2386 1259 2417 sed
1281 2387 1446 2425 rationem,
1471 2387 1593 2418 Latine
1618 2388 1753 2420 dicitur.
1798 2389 1897 2420 Adde

1200 2437 1288 2478 quod
1304 2442 1339 2468 et
1353 2437 1463 2478 quaed.
1477 2442 1561 2469 vett.
1574 2438 1701 2470 Justini
1714 2438 1793 2470 edd.
1811 2439 1897 2470 hanc

1199 2488 1379 2519 lectionem
1410 2491 1538 2518 secutae
1569 2493 1666 2526 sunt3
1701 2499 1800 2530 quam
1831 2499 1896 2530 ego

1201 2547 1220 2568 a
1242 2536 1488 2578 posterioribus
1519 2537 1705 2569 editoribus
1733 2539 1897 2578 rejectam

1200 2585 1304 2617 fuisse
1321 2585 1478 2617 demiror.
1502 2586 1614 2617 Faber.
1652 2587 1738 2618 Cato
1754 2588 1839 2628 ipse,
1854 2589 1896 2619 ad

1201 2637 1296 2677 cujus
1314 2635 1418 2666 verba
1432 2635 1560 2666 Noster
1572 2636 1705 2676 alludit,
1716 2647 1792 2668 usus
1805 2637 1898 2669 vide-

1201 2690 1256 2718 tur
1272 2685 1383 2726 phrasi
1405 2685 1414 2702 ‘
1428 2686 1595 2716 rationem
1621 2686 1786 2718 reddere!
1825 2688 1898 2719 Cic.

1202 2738 1290 2769 enim
1306 2737 1338 2767 in
1355 2736 1455 2767 Orat.
1472 2745 1533 2776 pro
1549 2736 1667 2775 Plane.
1683 2737 1741 2768 ubi
1758 2738 1897 2769 Catonis

1201 2786 1293 2819 istud
1308 2786 1437 2825 laudat,
1451 2785 1500 2817 sic
1515 2785 1640 2818 habet:
1665 2787 1675 2804 ‘
1689 2787 1739 2818 M.
1757 2787 1897 2819 Catonis

1201 2837 1299 2877 illud,
1323 2836 1414 2877 quod
1435 2836 1470 2867 in
1486 2836 1653 2877 principio
1669 2838 1806 2877 scripsit
1822 2838 1900 2870 Ori-

1204 2891 1317 2933 ginum
1331 2897 1478 2930 suarum,
1491 2897 1624 2930 sempor
1637 2888 1850 2930 magnificum
1863 2894 1899 2921 et
