2174 3424
600 334 797 367 JUS'rlNl
831 333 926 363 ΗΒ.
956 331 1072 362 xm.
1103 331 1210 361 CAP.
1238 320 1279 359 4.

237 434 349 476 garsii.
391 431 481 465 Ibid.
495 440 556 472 pro
572 430 742 469 Atropatos
757 437 775 459 e
799 426 932 459 Graecis

236 487 313 527 lege
343 486 528 524 Acropatus,
557 486 594 512 ut
616 481 719 511 visum
745 479 837 510 aliis:
869 486 930 518 pro

235 535 335 576 Scyno
361 533 511 572 Scaliger
546 530 682 570 legebat
709 529 810 559 Coeno.
847 527 928 558 Fab.

277 586 295 625 ξ
316 588 353 615 13
376 583 492 614 Mediae
506 580 615 619 majori
631 580 811 619 Acropatos,
832 578 929 607 mino-

234 635 264 665 ri
278 635 400 672 Alceta,
421 630 706 668 Perdiccaesrater,
723 626 929 668 praeponitur]

234 685 319 716 Mihi
334 685 406 715 haec
422 690 557 723 prorsus
579 684 754 720 suspecta:
780 687 841 718 pro
859 678 929 708 Me-

233 736 294 766 dt'ae
322 743 384 774 ego
414 733 564 772 legerem
600 729 779 760 Armemioe.
823 727 928 758 Ducis

232 784 300 825 huj.
324 792 445 814 nomen
473 791 537 812 non
561 779 695 810 memini
724 787 777 808 me
801 778 925 817 legere.

233 834 393 865 Ceterum
419 833 449 863 h.
475 833 496 863 l.
523 831 678 870 regiones
707 829 740 859 in
770 837 926 859 occasum

231 887 405 920 numerat;
433 881 545 922 paullo
575 884 664 920 post,
683 889 758 920 qnae
786 879 819 909 in
849 882 926 909 ortu

229 938 318 965 sunt.
363 934 477 965 Quare
493 941 554 972 pro
577 930 683 961 Medis
697 929 750 959 hic
765 928 927 959 Armenios

229 983 298 1014 dixi
322 981 523 1022 legendum:
548 980 580 1010 in
599 989 691 1020 seqq.
712 988 792 1009 vero
815 978 927 1008 Medos

227 1042 289 1074 pro
301 1031 471 1070 Armeniis,
487 1030 546 1061 sub
564 1028 801 1060 Phrataferne.
844 1028 925 1068 Sym'

229 1082 325 1113 ducis
349 1082 441 1112 nulla
469 1080 597 1110 mentio
622 1079 655 1109 in
684 1079 745 1110 hac
774 1078 926 1119 historia,

229 1137 390 1173 quantum
406 1130 551 1161 memini.
578 1129 726 1160 Glarean.
773 1129 925 1169 Legend.

228 1192 271 1213 ex
300 1181 438 1212 Arriani
469 1189 534 1211 vn.
571 1179 761 1219 Atropates:
786 1180 844 1210 lib.
874 1188 924 1211 Vl.

226 1230 425 1272 Ἀτροβάτης.
449 1230 484 1260 Is
499 1229 652 1260 Diodoro
667 1226 821 1269 Ἀτράπης
836 1238 925 1259 men-

226 1283 306 1314 dose
327 1291 388 1322 pro
415 1278 612 1320 Ἀτροπάτης.
657 1279 848 1319 Diligenter
869 1279 923 1310 hic

226 1332 252 1363 l.
267 1330 513 1371 comparandus
527 1334 578 1360 est
592 1339 667 1360 cum
679 1339 730 1369 pr.
743 1328 799 1360 lib.
816 1338 923 1360 xvnl.

226 1381 385 1414 Diodori.
413 1379 558 1410 Vidend.
583 1383 618 1410 et
642 1380 739 1410 Curt.
762 1388 797 1410 x.
816 1382 866 1410 10.
889 1383 924 1410 et

226 1430 375 1472 Appian.
397 1430 538 1470 Συριακῇ.
561 1429 718 1466 Bongars.
762 1428 858 1460 Junt.
878 1427 923 1458 A·

225 1485 376 1521 tropatus,
394 1480 481 1521 quod
499 1478 638 1520 propius
655 1478 788 1509 accedit
810 1478 852 1509 ad
868 1488 923 1509 ve-

226 1540 297 1562 ram
320 1531 550 1570 scriptionem.
596 1528 747 1569 Legend.
769 1530 857 1559 enim
877 1528 922 1559 A-

227 1584 363 1621 tropates
388 1590 431 1610 ex
456 1579 592 1610 Arrian.
619 1583 656 1609 ut
682 1579 767 1609 bene
792 1579 922 1610 monuit

224 1631 334 1671 Bong.
353 1631 458 1661 Graev.
487 1629 597 1669 Vulgo
611 1628 722 1659 editur
736 1628 919 1668 Aer-opacos.

224 1680 292 1711 Sed
308 1681 386 1721 quia
396 1679 531 1710 Arrian.
548 1677 752 1719 Ἀτροβάτην,
768 1683 803 1709 et
819 1678 920 1710 Diod.

224 1728 388 1770 Ἀτράπην,
418 1730 486 1768 vel,
512 1733 551 1760 ut
578 1730 689 1769 Bong.
716 1728 918 1767 emendand.

225 1785 338 1821 putat,
359 1778 548 1821 Ἀτροπάτην
572 1784 694 1818 vocat3
726 1784 762 1810 et
790 1780 822 1810 in
846 1780 919 1821 qui-

224 1830 321 1862 busd.
354 1831 434 1861 item
469 1829 578 1860 Codd.
614 1830 698 1860 Mss.
729 1829 780 1860 uti
811 1830 920 1869 Bong.

222 1885 380 1919 testatur,
403 1883 455 1911 est
479 1880 690 1920 Adtropsttou
711 1879 859 1920 itemque
883 1879 918 1910 in

223 1930 314 1971 typis
337 1939 498 1970 expresso
522 1929 716 1968 Juntarum,
741 1934 778 1960 ut
801 1930 917 1960 Graev.

221 1984 381 2018 testatur,
406 1977 603 2018 Atropatus‚·
624 1978 758 2009 omnino
784 1978 920 2018 Atropa-

221 2033 270 2061 tos
284 2030 336 2061 vel
352 2028 524 2068 Atropatus
538 2027 825 2067 legend.-censeo.
848 2028 916 2058 Vor.

263 2080 383 2111 ,Μένωνί
407 2088 491 2109 socer
523 2077 682 2109 Perdit-0:02
710 2077 918 2117 praeponitur]

221 2130 372 2162 Freinsb.
388 2129 421 2159 in
438 2128 537 2160 Notis
561 2128 604 2158 ad
629 2128 725 2159 Curt.
753 2136 790 2159 x.
817 2131 869 2159 10.
886 2131 916 2159 1.

221 2180 396 2212 existimat
409 2178 446 2209 τὸ
458 2178 570 2210 minori
587 2179 686 2218 plane
702 2177 918 2218 expuugend.

221 2240 323 2268 esse;
360 2230 438 2270 quia
466 2228 652 2269 Atropatos
682 2228 752 2268 ille,
779 2228 821 2259 de
849 2238 917 2269 quo

219 2280 431 2321 praedictum,
450 2279 524 2319 ipse
542 2278 719 2309 Perdiccae
733 2287 828 2308 socer
843 2277 916 2309 fue-

220 2330 276 2370 rit,
301 2334 340 2361 ut
363 2339 405 2360 ex
430 2328 567 2359 Arriani
593 2327 650 2359 lib.
668 2337 734 2358 vn.
762 2332 916 2359 constare

219 2379 338 2421 possit.
381 2379 520 2419 Verum,
531 2378 608 2419 quia
619 2378 653 2409 in
669 2378 916 2420 antiquioribus

218 2430 310 2471 typis
335 2429 504 2470 expressis
532 2439 594 2469 pro
618 2438 703 2460 socer
727 2433 779 2459 est
806 2429 916 2460 Alcela

210 2479 328 2519 frater,
351 2478 389 2509 τὸ
412 2478 525 2510 minori
540 2488 606 2510 non
622 2478 838 2519 expungend.
855 2478 915 2509 sed

218 2527 254 2559 τὸ
269 2538 351 2560 socer
367 2528 478 2569 potius
496 2527 739 2568 transponend.
756 2532 914 2568 totusque

217 2579 309 2610 locus
336 2578 499 2620 legendus
530 2579 578 2609 sic
606 2578 762 2610 videtur:
798 2578 915 2608 Mediae

218 2629 327 2669 majori
355 2631 524 2668 Atropatos
548 2637 643 2668 socer,
672 2627 782 2659 minori
805 2628 914 2659 Alceta

212 2678 318 2717 frater
333 2679 488 2709 Perdiccoe
502 2679 703 2719 proeponitur.
726 2679 807 2709 Vor.

261 2729 330 2769 §14
353 2729 468 2769 Scyno]
491 2728 640 2760 Auctore
660 2739 781 2770 magno
807 2729 913 2761 Scali-

220 2787 301 2818 gero
326 2776 502 2810 Animadv.
524 2778 649 2810 Euseb.
679 2780 719 2809 ad
737 2778 804 2810 An.
818 2782 912 2810 1693.

216 2827 384 2859 scribenti.
401 2828 501 2858 Coerw.
546 2828 624 2859 Fuit
636 2833 747 2860 autem
764 2830 827 2860 iste
844 2830 911 2860 Coe-

215 2887 275 2908 nus
292 2877 533 2909 Polemocratis
555 2876 600 2908 fil.
617 2888 698 2909 unns
715 2888 756 2910 ex
771 2879 911 2910 (lucibus

1592 314 1675 355 843

979 424 1178 464 Alexandri,
1191 424 1294 456 Diod.
1311 431 1403 454 xvn.
1419 423 1471 452 57.
1489 419 1622 452 Arrian.
1639 427 1674 449 v.

980 475 1074 506 Curt.
1092 484 1143 506 lx.
1167 478 1198 506 3.
1243 476 1305 505 Est
1329 482 1448 513 purum
1465 481 1585 502 nomen
1600 470 1675 501 Ma-

979 524 1190 556 cedonicum.
1234 524 1290 554 Ita
1314 524 1401 553 euim
1430 521 1614 552 vocabatur
1639 524 1675 550 et

979 573 1146 605 secundus
1174 583 1194 603 a
1223 573 1366 611 Carano,
1394 576 1530 602 auctore
1559 570 1674 609 stirpis

978 625 1082 664 regiae
1109 623 1348 654 Macedonum.
1395 621 1550 660 Apparet
1565 623 1676 650 vetus-

977 674 1142 705 tissimum
1165 672 1321 702 mendum
1347 668 1450 700 fuisse
1478 670 1509 699 in
1525 669 1674 708 Justino,

976 733 1076 764 quum
1099 722 1132 752 in
1156 722 1230 761 ejus
1254 720 1464 759 descriptore
1481 719 1600 749 Orosio
1618 727 1673 749 ιιι.

974 776 1028 804 23.
1051 772 1140 803 idem
1158 775 1266 801 extet.
1310 769 1398 800 Haec
1415 769 1486 799 ille.
1527 767 1673 798 Videtur

975 827 1089 854 tamen
1106 821 1198 853 aliud
1223 820 1334 861 potius
1361 828 1483 849 nomen
1511 827 1674 858 reponen-

975 873 1067 913 dum,
1083 882 1159 903 cnm
1180 871 1304 902 Coenus
1323 869 1379 900 ille
1406 869 1499 909 prior
1525 867 1673 898 Alexan-

976 923 1036 953 dro
1066 922 1155 952 diem
1178 920 1315 951 obierit.
1365 919 1461 950 Curt.
1486 926 1538 948 lx.
1565 920 1596 948 3.
1620 920 1672 948 32.

975 973 1109 1003 Rev-nec.
1152 971 1248 1002 Junt.
1268 970 1366 1009 Cyno.
1412 967 1510 1000 Quod
1534 967 1671 1007 propius

974 1023 1069 1054 abest
1085 1021 1127 1052 ab
1144 1019 1379 1051 emendatione
1395 1018 1570 1058 Scaligeri.
1605 1017 1671 1048 Sed

977 1074 1063 1113 Cyna
1094 1075 1210 1102 tuetur
1239 1071 1280 1101 cl.
1304 1068 1462 1100 Perizon.
1491 1068 1671 1099 Animadv.

973 1123 1066 1154 Hist.
1105 1125 1155 1154 10.
1186 1122 1241 1153 ubi
1266 1121 1413 1152 ostendit
1447 1119 1670 1160 scriptoribus

973 1173 1218 1215 posterioribus
1245 1183 1272 1203 oe
1300 1181 1392 1212 saepe
1418 1171 1541 1201 mutari
1567 1170 1599 1200 iu
1624 1180 1672 1210 y,-

973 1225 1022 1256 sic
1039 1234 1114 1265 pro,
1132 1223 1264 1259 Moesia,
1282 1222 1383 1253 scribi
1405 1222 1414 1239 ‘
1427 1221 1539 1261 Mysia
1553 1220 1573 1259 ;’
1597 1231 1670 1261 pro,

972 1272 1222 1312 Roemetalces,'
1234 1271 1378 1303 inveniri
1399 1271 1408 1287 ‘
1421 1271 1638 1311 Ryxnetalces
1649 1269 1671 1309 ;’

972 1333 1047 1364 pro,
1073 1322 1235 1361 Poeticus,
1251 1320 1340 1362 quod
1354 1324 1406 1350 est
1421 1320 1575 1359 Sulpitiae
1592 1329 1670 1359 gen-

973 1375 1016 1405 tis
1033 1382 1234 1414 cognomen,
1255 1373 1263 1388 ‘
1276 1370 1440 1412 Pyticus.'
1466 1372 1573 1402 Groev.

1016 1424 1161 1465 Phrygia
1177 1422 1289 1462 major]
1305 1422 1452 1453 Omnino
1469 1420 1669 1453 emendand.

972 1476 1118 1516 Phrygia
1132 1475 1228 1512 major
1243 1473 1321 1504 Ant.
1338 1473 1426 1503 Phil.
1441 1472 1514 1513 filio
1528 1472 1668 1510 assigna-

971 1529 1035 1565 tur,
1058 1535 1125 1556 cum
1140 1524 1237 1564 Isycia
1252 1526 1282 1553 et
1298 1522 1503 1562 Pamphylia:
1529 1521 1667 1560 Cariam,

972 1578 1023 1617 lise.
1049 1586 1091 1607 ex
1108 1575 1211 1606 Diod.
1233 1573 1382 1614 Appian.
1401 1574 1496 1604 Curt.
1539 1572 1579 1603 Τὸ
1599 1582 1668 1602 cum

971 1629 1143 1656 mutarunt
1159 1625 1193 1654 in
1210 1624 1343 1663 Nem-co,
1366 1633 1441 1654 cum
1464 1622 1520 1653 nni
1543 1627 1594 1654 tot
1614 1632 1666 1653 re-

971 1677 1087 1717 giones
1119 1674 1281 1714 assignari
1311 1683 1399 1713 aegre
1427 1672 1569 1704 ferrent.
1612 1673 1668 1703 In-

970 1735 1068 1757 verso
1085 1725 1162 1756 inde
1185 1724 1299 1754 ordine
1322 1724 1478 1763 legerunt
1493 1723 1621 1763 Lyciam
1636 1725 1667 1753 et

970 1775 1191 1815 Pamphyliam
1207 1775 1341 1804 Nem-co.
1376 1774 1421 1804 Et
1435 1772 1514 1804 mihi
1530 1773 1666 1814 quidem

969 1824 1016 1855 ita
1032 1824 1178 1855 videtur.
1200 1824 1305 1862 Bong.

1013 1875 1089 1914 §16
1110 1873 1258 1912 Leonato,
1287 1872 1357 1913 ilfa]
1381 1871 1481 1903 Diod.
1511 1870 1666 1911 Λεοννάτῳ

969 1924 1029 1963 τὴν
1044 1925 1091 1965 ἐφ’
1105 1924 1326 1963 Ἑλλησπόντῳ
1340 1923 1481 1964 Φρυγίαν.

1016 1975 1219 2016 Cappadocia,
1232 1974 1299 2015 ssa]
1317 1975 1406 2014 Nep.
1419 1974 1491 2004 Vit.
1506 1973 1666 2004 Eumenis

969 2029 1000 2057 2.
1024 2026 1034 2042 ‘
1056 2026 1134 2056 Hoc
1159 2030 1311 2064 tempore
1339 2023 1480 2054 Eumeni
1506 2023 1587 2054 data
1613 2027 1665 2054 est

969 2075 1199 2116 Cappadocia,
1220 2075 1290 2105 sive
1307 2073 1418 2114 potius
1434 2072 1548 2104 dicta?

1016 2125 1162 2164 Eumeni]
1180 2124 1258 2155 Vid.
1273 2134 1349 2155 mox
1363 2133 1445 2154 xnl.
1456 2126 1487 2154 6.
1501 2126 1552 2155 14.
1566 2123 1664 2154 Rern.

1011 2178 1028 2218 ξ
1046 2180 1087 2208 18
1109 2176 1227 2216 Stipat.
1242 2175 1311 2216 ὅπη]
1336 2176 1486 2216 Dexipp.
1510 2185 1564 2215 ap.
1580 2175 1664 2215 Syn-

968 2227 1044 2257 cell.
1068 2236 1102 2266 p.
1129 2229 1204 2257 265.
1233 2223 1406 2265 Κάσανδρος
1428 2225 1444 2254 ὃ
1466 2223 1664 2265 Ἀντιπάτρου

967 2275 1024 2306 σὺν
1042 2277 1088 2314 τῷ
1109 2274 1201 2315 πατρὶ
1215 2274 1273 2311 τὴν
1291 2274 1437 2315 Ἀριδαίου
1458 2274 1507 2305 καὶ
1521 2273 1663 2313 Ἀλεξάν-

966 2328 1035 2367 δρου
1055 2327 1163 2357 διοικεῖ
1184 2324 1344 2361 βασιλείαν
1367 2325 1399 2355 ἐν
1421 2324 1591 2367 Μακεδονίᾳ
1613 2323 1663 2355 καὶ

964 2376 1112 2408 Ἑλλάδος
1125 2378 1238 2417 κρατεῖ.

1009 2430 1026 2469 §
1053 2431 1094 2458 20
1120 2428 1231 2458 Terras
1255 2426 1350 2466 inter]
1375 2426 1469 2457 Seras
1494 2427 1600 2458 edidit
1627 2428 1660 2458 in

966 2477 1088 2509 Orosio
1111 2477 1298 2516 Fabricius,
1321 2477 1488 2518 quomodo
1512 2478 1616 2508 habet
1642 2487 1660 2507 e

965 2529 1049 2559 Mss.
1090 2527 1212 2558 nostris
1253 2537 1359 2557 unus:
1399 2527 1506 2558 ceteri
1538 2527 1660 2566 Terras,

964 2577 1052 2619 quod
1070 2579 1166 2610 malo.
1212 2578 1299 2608 Nam
1317 2582 1352 2608 et
1369 2577 1448 2608 urbs
1465 2577 1591 2617 Taxila,
1605 2578 1658 2608 cui

963 2628 1153 2670 imperabat
1167 2627 1314 2667 Taxiles,
1331 2637 1356 2658 s.
1370 2628 1519 2665 Taxilus,
1532 2631 1568 2657 ut
1581 2636 1658 2657 eum

963 2678 1085 2710 Strabo
1101 2681 1211 2715 vocat,
1234 2677 1323 2707 inter
1340 2676 1534 2716 Hydaspem
1551 2681 1585 2706 et
1602 2676 1658 2706 In-

962 2728 1040 2759 dum
1056 2727 1123 2758 sita
1138 2731 1201 2765 est,
1217 2725 1348 2756 Arrian.
1366 2735 1400 2756 v.
1416 2725 1528 2756 strab.
1544 2735 1604 2757 xv.
1622 2730 1658 2756 et

961 2777 1073 2809 Taxili
1090 2785 1227 2816 regnum
1245 2784 1339 2805 suum
1354 2775 1510 2805 relictum
1528 2774 1657 2806 Diodo-

962 2837 1017 2858 rus
1032 2829 1190 2858 xvn.86.
1209 2824 1324 2855 refert.
1342 2824 1445 2862 Bong.
1467 2825 1564 2856 Junt.
1578 2835 1657 2865 quo-

961 2887 1026 2919 que
1053 2886 1128 2908 eum
1161 2876 1225 2906 Ms-
1250 2874 1358 2906 Seres:
1392 2875 1446 2905 alii
1462 2874 1525 2905 Sed
1540 2884 1608 2906 res:
1630 2874 1655 2906 f.
