2101 3419
761 369 810 400 IN
844 366 1111 400 JUSTINUM.

241 464 394 505 Trajicere
417 464 628 507 (neutraliter,
656 476 710 507 pro
738 477 892 507 superare,

198 508 323 538 transire
340 508 452 538 flumen
468 513 521 539 aut
537 509 635 549 mare)
658 509 691 546 ii,
708 512 760 545 13,
776 513 807 541 9.
829 509 893 546 viii,

198 553 230 584 3,
246 553 277 581 6.
300 551 384 586 xxiii,
401 554 432 586 1,
446 553 497 581 17.
520 551 600 587 xxxi,
613 555 644 587 7,
656 555 676 582 4
698 551 825 591 (active,
841 551 893 590 ut)

199 592 338 632 trajicere
361 593 467 632 copias
490 593 513 629 i,
529 596 559 629 8,
574 597 604 625 3.
626 604 675 630 xx,
693 596 722 629 1,
740 597 756 625 l
780 593 895 624 exerci-

199 639 264 663 tum
290 635 374 670 xviii,
400 638 433 671 2,
450 638 500 665 12.
533 647 581 672 xx,
603 639 635 672 5,
652 639 682 666 1.
718 636 800 672 xxix,
827 638 894 671 4,l

199 676 265 716 (est
291 687 360 707 curn
375 676 509 708 exercitu
525 688 606 708 mare
630 683 683 708 aut
697 678 823 708 fluvium
845 688 896 708 su-

199 719 334 758 perare).
363 718 502 759 trajicere
518 730 629 760 pecora
644 721 708 760 (est
726 721 896 757 transferre,

198 760 233 791 in
243 761 294 791 ein
309 762 420 792 andere
438 763 552 802 Weyde
565 762 729 803 schlagen)
751 762 814 798 viii,
833 766 864 799 5,
877 766 897 794 7

201 802 341 842 trajicere
363 803 495 843 aliquem
512 803 613 845 gladio
629 806 706 845 (hoc
720 810 777 841 est,
802 810 898 835 trans-

201 844 306 885 figere,
334 846 589 886 transverberare)
611 847 655 883 iii,
673 850 703 884 l,
719 850 738 878 8
761 847 899 878 Freinsh.

203 886 349 926 trajectus
364 888 474 928 sagitta
495 889 548 924 xii,
565 892 596 925 9,
613 891 654 921 12

243 929 368 959 Trames
395 930 468 966 xliv,
494 933 526 966 4,
547 933 568 962 4
591 931 725 962 tramites
753 942 900 973 compen·

205 969 284 1001 diosi
309 971 435 1008 xxxviii,
450 975 483 1008 9,
498 976 519 1004 6

248 1013 546 1054 Tranquillissimutn
561 1025 689 1055 regnum
711 1015 752 1053 xl,
769 1019 800 1053 1,
815 1020 837 1049 4

249 1055 346 1086 Trans
361 1056 542 1096 Euphraten
564 1057 617 1094 xii,
634 1061 686 1093 13,
699 1061 720 1090 4

248 1097 453 1138 Transalpina
468 1098 573 1129 Gallia
594 1100 718 1136 xxxviii,
734 1103 765 1137 4,
783 1103 803 1132 ⁷

246 1139 477 1171 Transcendere
491 1147 627 1171 montem
649 1143 690 1179 xi,
702 1145 733 1178 8,
745 1146 765 1174 2
787 1142 904 1174 invicta

204 1182 283 1222 juga
314 1183 395 1220 xxiV,
421 1185 453 1219 4,
479 1185 500 1214 4
532 1184 566 1213 in
586 1183 769 1226 Bithyniam
790 1185 900 1223 xxxvii,

209 1228 276 1262 &5

251 1266 426 1297 Transferre
437 1267 553 1298 bellurn
570 1278 588 1298 a
603 1268 677 1299 mari
701 1269 734 1299 in
755 1273 847 1300 terras
873 1279 904 1306 v,

209 1311 242 1344 4,
258 1311 277 1339 3
301 1308 334 1337 in
354 1309 445 1339 aliam
460 1315 582 1349 gentem
604 1311 657 1347 vii,
673 1314 705 1347 6,
720 1315 739 1342 7
764 1312 906 1343 transfer-

209 1351 289 1381 rein
305 1361 337 1381 se
354 1352 475 1382 vincula
498 1352 575 1393 (hoc
599 1358 655 1388 est,
682 1355 847 1384 succedere
871 1355 906 1385 in

210 1392 335 1423 vincula
346 1393 414 1424 loco
425 1394 566 1435 alterius)
595 1395 629 1431 ii,
642 1399 694 1432 15,
705 1398 746 1427 19
769 1396 906 1428 Freinsh.

209 1436 369 1466 transferre
382 1447 414 1466 se
430 1446 447 1466 a
459 1436 540 1466 bello
553 1438 684 1468 terrestri
698 1438 730 1467 in
741 1439 849 1469 navale
864 1439 907 1476 iv,

211 1481 245 1513 4,
268 1480 308 1509 10
342 1479 447 1518 copias
472 1479 505 1508 in
529 1478 662 1520 aliquam
689 1480 845 1521 regionem
873 1481 907 1518 ii,

212 1523 266 1556 14,
282 1523 301 1550 3
329 1521 509 1551 translatum
524 1522 639 1552 bellum
653 1522 685 1552 in
701 1523 836 1554 Siciliam
863 1524 908 1560 iii,

212 1564 245 1599 7,
262 1565 303 1593 16
326 1563 486 1594 transferre
501 1574 584 1594 arma
598 1565 638 1594 ad
661 1564 795 1606 aliquem
823 1576 854 1602 V,
877 1569 908 1603 1,

213 1607 235 1635 8
273 1605 450 1635 transfertur
475 1605 649 1647 respublica
671 1607 719 1637 vel
748 1607 909 1648 imperium

214 1647 255 1677 ad
271 1652 410 1677 senatum
434 1658 464 1686 v,
486 1651 517 1684 3,
541 1651 562 1680 2
599 1653 631 1679 et
656 1653 674 1680 5
713 1650 854 1680 transfert
877 1662 911 1681 se

215 1688 343 1719 victoria
358 1700 407 1726 eo,
422 1691 505 1721 unde
517 1690 568 1721 ille
580 1696 642 1721 stat
661 1702 693 1728 ν,
703 1695 784 1728 4,12
814 1697 912 1723 trans·

218 1731 295 1762 ferre
312 1733 444 1772 populos
455 1738 487 1764 et
496 1733 586 1763 urbes
609 1733 675 1770 viii,
689 1738 721 1770 5,
735 1737 755 1765 7
779 1735 912 1776 populos

217 1774 322 1814 aliquo
345 1775 397 1811 xii,
414 1779 445 1811 5,
460 1778 500 1807 12
523 1776 816 1807 administrationem
827 1778 914 1818 regni

217 1815 251 1845 in
267 1817 400 1857 aliquem
422 1818 483 1853 xiv,
495 1822 527 1854 5,
542 1821 560 1849 3
584 1818 733 1849 ultionem
749 1820 788 1849 ad
803 1820 914 1851 liberos

217 1858 280 1895 xvi,
306 1862 336 1894 1,
353 1863 394 1891 16
430 1860 544 1890 bellum
573 1861 632 1891 alio
670 1860 750 1898 xxix,
777 1864 810 1898 2,
827 1865 846 1893 8
882 1862 916 1893 in

219 1910 301 1931 mare
324 1902 461 1942 praelium
490 1903 582 1939 xxxii,
596 1906 627 1939 4,
642 1906 663 1933 6
686 1904 773 1944 signa
798 1905 838 1934 ad
861 1905 917 1935 ali-

219 1953 312 1984 quem
349 1955 439 1980 xxxv,
464 1947 496 1981 2,
513 1948 531 1976 3
565 1945 695 1976 consilia
722 1947 762 1977 ad
790 1946 917 1978 insidias

220 1986 343 2022 xxxviii,
361 1989 391 2021 1,
407 1989 427 2017 8

263 2028 441 2069 Transfugae
464 2029 552 2060 titulo
578 2030 600 2067 i,
616 2033 670 2068 10,
685 2034 726 2063 16
749 2032 915 2073 transfugae

223 2070 304 2107 xxxi,
320 2074 352 2106 7,
368 2073 388 2101 8

263 2113 466 2153 Transfugere
487 2114 552 2151 xiii,
567 2117 598 2151 8,
615 2117 633 2146 3

265 2155 405 2186 Transire
430 2156 544 2187 fiumen
569 2157 641 2197 (pro
657 2157 813 2199 trajicere)
846 2158 868 2195 i,
885 2161 917 2196 8,

223 2200 245 2228 2
267 2197 404 2228 Freinsh.
430 2199 556 2229 transire
570 2199 602 2229 in
624 2200 707 2240 leges
722 2211 827 2231 eorum
841 2211 919 2242 quos

226 2239 333 2270 viceris
355 2239 407 2275 xii,
423 2242 454 2276 3,
471 2243 490 2271 8
518 2241 550 2271 in
571 2252 684 2272 morem
699 2242 829 2283 alicujus
844 2254 919 2283 gen-

225 2281 265 2310 tis
287 2281 338 2317 xii,
356 2284 407 2318 12,
422 2285 442 2312 2
465 2284 590 2313 transire
602 2285 641 2314 ad
655 2284 789 2324 aliquem
798 2286 920 2325 (parere

225 2323 328 2358 alicui,
341 2323 501 2363 imperium
513 2325 643 2366 alicujus
655 2327 837 2366 agnoscere)
860 2327 921 2362 xiv,

228 2369 260 2401 5,
277 2368 328 2396 10.
347 2366 439 2400 xxvii,
454 2369 486 2403 2,
498 2369 516 2397 3
539 2367 642 2397 Vorst.
659 2368 792 2398 transitis
807 2369 921 2399 finibus

228 2407 351 2443 xxxviii,
365 2410 397 2442 4,
415 2411 455 2438 10

271 2449 423 2480 Transitio
449 2449 521 2491 (pro
551 2451 724 2482 defecfione
748 2453 787 2482 ab
806 2463 867 2483 uno
883 2452 923 2482 ad

230 2491 375 2532 alterum)
398 2493 419 2528 i,
435 2497 466 2528 5,
479 2496 498 2523 9
521 2493 589 2524 Sic:
606 2494 784 2526 transitione
795 2495 924 2525 militum

229 2535 395 2565 destitutus
415 2535 496 2571 xxvi,
511 2539 543 2572 2,
561 2539 600 2567 10
623 2536 726 2567 Vorst.

273 2577 431 2608 Transitus
457 2579 528 2618 (pro
555 2578 663 2609 itinere
689 2578 810 2620 pervio)
835 2579 876 2615 iv,
894 2581 924 2615 1,

234 2622 274 2650 18
303 2619 440 2650 Freinsh.
465 2621 594 2651 transitu
618 2622 778 2660 prohibere
811 2621 833 2656 i,
858 2624 889 2657 8,
905 2624 926 2652 2

233 2662 391 2692 transitum
417 2663 576 2702 prohibere
598 2663 678 2699 xxix,
693 2666 724 2700 4,
740 2667 760 2695 4
784 2664 927 2694 transitus

233 2703 324 2734 fossae
346 2705 437 2741 xxxii,
453 2709 483 2741 1,
499 2709 517 2736 5
541 2706 701 2735 transitum
715 2716 867 2747 occupare
893 2706 927 2742 ii,

234 2749 287 2782 13,
301 2749 321 2777 7
344 2747 504 2778 transitum
528 2747 561 2778 in
575 2748 731 2789 regionem
756 2749 857 2779 facere
877 2759 927 2784 xv,

234 2791 268 2826 4,
284 2791 324 2820 12

278 2832 493 2864 Transmittere
507 2833 584 2864 vitia
606 2832 707 2869 xxxvi,
722 2835 755 2868 4,
771 2835 812 2865 12

279 2876 489 2917 Transponere
526 2876 692 2907 exercitum
738 2876 771 2906 in
807 2874 929 2906 Italiam

238 2919 321 2957 xxiii,
337 2922 369 2957 3,
387 2922 407 2951 8
430 2920 535 2962 copias
551 2920 742 2953 Cherroneso
764 2928 835 2956 xxv,
849 2921 883 2957 4.
895 2921 916 2951 4

1450 354 1636 397 cxxxvss

988 462 1155 494 Transvehi
1167 463 1199 493 in
1215 462 1368 499 regionem
1397 463 1518 499 xxxviii,
1534 467 1566 500 6,
1582 466 1600 495 3

988 506 1182 537 Trasimenus
1198 505 1281 536 lacus
1303 505 1384 541 xxix,
1398 508 1431 542 2,
1446 508 1465 535 7

989 548 1146 579 Trecentis
1182 548 1269 578 annis
1300 548 1408 588 Longa
1432 547 1515 577 Alba
1544 552 1639 588 caput

947 591 1032 629 regni
1045 591 1104 620 suit
1128 590 1203 626 xliii,
1221 594 1249 625 l,
1266 593 1306 621 13

988 632 1154 673 Trepidare
1188 633 1259 669 xxii,
1276 636 1307 668 8,
1320 635 1350 663 9.
1373 642 1441 668 xxx,
1460 634 1490 669 l,
1506 635 1536 662 5.
1560 632 1639 668 xxxi,

946 678 978 711 2,
993 678 1013 706 7

987 716 1166 756 Trepidatio
1192 716 1226 752 ii,
1240 719 1291 751 12,
1308 719 1361 748 27.
1383 716 1485 752 xxviii,
1499 719 1530 753 4,
1547 720 1567 748 6

988 758 1140 799 Trepidus
1169 758 1201 794 ii,
1218 761 1271 795 13,
1283 761 1314 789 9.
1336 759 1429 793 xxvii,
1443 762 1474 794 2,
1489 763 1507 789 5
1531 758 1643 799 trepidi

946 801 1013 836 viii,
1030 805 1061 837 5,
1078 804 1108 831 1.
1131 801 1194 836 xiii,
1210 804 1241 837 3,
1259 805 1276 831 5
1300 801 1413 842 trepidi
1439 811 1455 831 a
1471 801 1644 831 valentibus

947 843 1038 873 facile
1065 843 1228 873 vincuntur
1262 843 1343 878 xxiV,
1369 847 1401 878 6,
1417 846 1436 874 2
1472 844 1583 884 trepidi
1606 854 1644 873 ex

949 885 1031 916 urbis
1046 885 1191 916 incendio
1220 885 1322 921 xxviii,
1339 888 1369 921 2,
1383 889 1404 917 6
1427 884 1558 916 militum
1585 891 1645 916 tre-

949 928 1039 969 pidos
1055 927 1172 958 animos
1187 927 1317 958 firmavit
1340 928 1392 962 vii,
1407 930 1439 963 6,
1455 931 1473 958 5

991 969 1118 1000 Triballi
1143 970 1324 1010 Philippum
1340 970 1501 1000 vulnerant
1523 969 1564 1006 ix,
1578 972 1610 1006 3,
1624 972 1644 1000 2

951 1018 1132 1053 superantur
1147 1023 1165 1043 a
1180 1012 1278 1043 Gallis
1301 1023 1371 1048 xxv,
1390 1015 1418 1047 l,
1435 1015 1453 1043 3

992 1055 1138 1085 Tribuere
1174 1054 1267 1085 alicui
1303 1055 1422 1095 generis
1451 1053 1645 1084 nobilitatem

951 1108 1040 1133 xxxV,
1067 1100 1098 1134 1,
1114 1100 1133 1128 8
1162 1098 1307 1127 honorem
1338 1097 1491 1128 memoriae
1517 1096 1647 1137 alicujus

952 1140 986 1176 ii,
1002 1143 1034 1175 7,
1050 1142 1081 1170 1.
1103 1139 1156 1175 xli,
1172 1144 1204 1176 5,
1219 1143 1240 1170 6

994 1181 1141 1212 Tribunal
1162 1182 1215 1218 xii,
1232 1184 1284 1217 11,
1301 1183 1330 1211 8.
1352 1181 1425 1217 xxii,
1441 1183 1473 1217 7,
1489 1183 1510 1211 9

995 1225 1182 1254 Tribunatus
1197 1234 1330 1254 summus
1345 1229 1511 1254 castrorum
1535 1223 1599 1260 xiii,
1614 1225 1647 1259 4,

955 1269 995 1298 17
1020 1267 1190 1296 tribunatus
1206 1266 1346 1296 ordinare
1368 1277 1438 1300 xxx,
1453 1269 1485 1301 2,
1501 1269 1520 1296 5

997 1308 1149 1338 Tribunus
1166 1309 1296 1338 militum
1324 1308 1397 1344 xxii,
1413 1311 1442 1343 1,
1459 1311 1500 1338 10

996 1350 1106 1381 Tribus
1121 1351 1314 1391 (improprie,
1340 1361 1394 1390 pro
1421 1349 1528 1390 quavis
1553 1348 1651 1379 homi-

956 1403 1031 1423 nurn
1059 1393 1190 1424 collecta
1218 1392 1432 1433 multitudine)
1475 1392 1539 1428 xiii,
1569 1394 1601 1427 3,
1632 1394 1649 1423 l

957 1435 1094 1466 Freinsh.

1000 1477 1171 1508 Tributaria
1194 1477 1361 1508 necessitas
1386 1476 1459 1518 (pro
1483 1475 1589 1516 iuopia
1614 1485 1650 1505 ex

959 1520 1066 1550 tributi
1095 1519 1258 1561 pensione)
1280 1520 1372 1555 xxxii,
1399 1522 1431 1556 2,
1458 1522 1476 1550 1
1515 1518 1653 1548 Freinsh.

960 1563 1124 1592 tributariae
1154 1562 1294 1593 civitates
1324 1562 1473 1592 deficiunt
1493 1561 1531 1590 ab
1556 1559 1654 1590 Athe-

959 1605 1117 1635 niensibus
1155 1615 1187 1641 ν,
1203 1607 1235 1641 2,
1250 1607 1282 1635 2.
1304 1615 1335 1640 v,
1351 1607 1382 1639 7,
1396 1607 1414 1634 3
1450 1613 1468 1633 a
1495 1602 1656 1643 Carthagi-

960 1647 1117 1677 niensibus
1139 1648 1211 1683 xxii,
1226 1650 1258 1683 7,
1274 1649 1292 1677 3
1317 1657 1334 1676 a
1347 1646 1431 1687 Cyro
1458 1646 1479 1681 i,
1494 1648 1525 1681 7,
1541 1648 1562 1676 2

1003 1689 1163 1720 Tributum
1178 1690 1335 1729 imponere
1358 1689 1467 1729 (plane
1490 1686 1658 1727 respondet

961 1731 1007 1761 illi
1021 1737 1136 1768 nostro,
1152 1731 1325 1773 Aufflegen,
1341 1730 1505 1770 imperare)
1522 1730 1553 1765 ii,
1568 1732 1600 1764 3,
1616 1732 1656 1760 15

963 1773 1102 1804 Freinsh.
1130 1774 1276 1804 tributum
1292 1773 1464 1804 describere
1476 1771 1605 1802 Graeciae
1625 1771 1658 1800 in

964 1816 1093 1847 tutelam
1108 1817 1212 1847 classis
1239 1816 1301 1852 xvi,
1318 1819 1349 1851 3,
1373 1819 1393 1847 9
1417 1825 1551 1844 annuum
1563 1813 1660 1844 vecti·

966 1859 1034 1899 gale
1046 1859 1192 1889 tributum
1225 1859 1289 1894 xiii,
1306 1861 1337 1893 1,
1353 1861 1373 1889 9
1407 1857 1520 1887 tributa
1545 1857 1578 1886 in
1603 1866 1659 1903 pa-

966 1901 1128 1932 trocinium
1144 1901 1292 1932 scelerum
1308 1900 1431 1930 remissa
1446 1900 1468 1935 i,
1484 1903 1516 1935 9,
1531 1901 1581 1930 12.
1597 1909 1659 1934 xxi,

967 1946 997 1979 1,
1015 1947 1032 1974 5
1057 1954 1147 1984 grave
1162 1944 1308 1973 tributum
1325 1943 1410 1982 pacis
1432 1942 1524 1978 xxxii,
1539 1944 1571 1977 2,
1589 1944 1607 1972 1

1008 1985 1188 2016 Tridentum
1200 1986 1299 2016 Italiae
1311 1986 1382 2015 urbs
1395 1994 1412 2014 a
1425 1983 1523 2014 Gallis
1535 1983 1659 2014 condita

966 2039 1014 2063 xx,
1027 2032 1058 2064 5,
1075 2031 1095 2059 8

1009 2070 1124 2100 Triduo
1149 2070 1183 2106 ii,
1196 2072 1250 2106 11,
1261 2072 1281 2101 4
1304 2069 1396 2099 tridui
1407 2068 1508 2099 luctus
1529 2067 1583 2104 xii,
1599 2070 1630 2103 3,
1642 2071 1660 2099 l

1009 2112 1189 2143 Triennium
1209 2113 1231 2149 i,
1245 2115 1278 2149 9,
1291 2114 1344 2143 12.
1367 2110 1409 2147 vi,
1421 2114 1452 2147 9,
1468 2114 1499 2142 7.
1521 2111 1574 2146 vii,
1587 2114 1618 2146 5,
1630 2113 1662 2141 3.

967 2155 1049 2191 xxiv,
1065 2158 1096 2191 3,
1113 2160 1132 2186 5

1010 2197 1149 2238 Triginta
1163 2201 1294 2228 rectores
1310 2195 1442 2226 Athenis
1467 2195 1500 2224 in
1515 2199 1664 2236 tyrannos

970 2239 1158 2280 degenerant
1179 2250 1210 2276 V,
1226 2242 1257 2274 8,
1273 2241 1294 2268 9

1011 2281 1105 2311 Trina
1133 2281 1215 2311 bella
1253 2280 1324 2321 (pro
1354 2278 1466 2320 tribus)
1503 2277 1556 2314 xli,
1586 2280 1618 2315 1,
1644 2281 1664 2310 7

970 2323 1110 2354 Freinsh.

1013 2365 1179 2400 Trinacria,
1194 2374 1263 2404 quae
1269 2362 1334 2404 jam
1350 2362 1453 2393 Sicilia
1475 2362 1518 2398 iv,
1534 2365 1565 2398 2,
1583 2365 1600 2393 1

1013 2407 1220 2447 Triptolemus
1234 2407 1354 2445 frugum
1369 2410 1503 2446 repertor
1527 2404 1560 2439 ii,
1576 2407 1609 2439 6,
1624 2406 1665 2435 12

1015 2449 1210 2490 Tripudianti
1225 2448 1331 2478 similis
1354 2448 1395 2484 xi,
1410 2452 1442 2483 5,
1467 2450 1506 2478 10
1539 2447 1668 2487 (Tripu-

973 2491 1057 2521 dium
1073 2498 1130 2527 est,
1146 2491 1312 2530 interprete
1327 2490 1415 2520 Livio
1437 2490 1460 2527 i,
1475 2492 1528 2526 20,
1545 2492 1588 2524 8.,
1619 2499 1668 2518 so-

974 2533 1073 2565 lennis
1090 2533 1233 2573 saltatus)
1250 2533 1389 2563 Freinsh.

1016 2576 1165 2607 Triremes
1189 2576 1231 2611 vi,
1246 2578 1311 2611 2,2
1560 2614 1566 2620 .
1600 2614 1607 2621 .
1645 2614 1652 2621 ⁸

1017 2618 1122 2649 Tristis
1150 2618 1295 2648 memoria
1329 2617 1371 2652 xi,
1401 2618 1453 2651 13,
1474 2618 1495 2646 9
1532 2619 1670 2645 tnstrons

976 2661 1085 2691 mentis
1101 2665 1312 2701 argumentum
1340 2659 1394 2695 xii,
1411 2662 1463 2695 15,
1479 2660 1498 2688 3

1018 2703 1153 2733 Tristitia
1175 2703 1216 2739 vi,
1232 2707 1263 2737 5,
1280 2705 1300 2733 8
1648 2740 1656 2747 ·

1018 2745 1173 2776 Trivium:
1196 2746 1228 2775 in
1243 2744 1330 2774 trivio
1346 2744 1456 2773 docere
1471 2751 1581 2783 pueros
1608 2750 1669 2776 xxi,

977 2792 1008 2825 5,
1024 2791 1044 2819 8

1019 2830 1235 2870 Triumphatus
1263 2827 1399 2869 (proprie
1437 2830 1493 2862 est,
1533 2825 1572 2855 de
1608 2833 1670 2864 quo

977 2873 1196 2913 triumphatum
1225 2872 1288 2911 est)
1319 2871 1353 2906 ii,
1371 2874 1422 2905 15,
1440 2871 1479 2900 12
1502 2867 1670 2908 triumpha-

979 2921 1027 2948 tus
1043 2916 1116 2959 (pro
1131 2913 1271 2955 devicto)
1294 2912 1346 2950 xli,
1363 2915 1394 2949 1,
1409 2915 1427 2943 5
1451 2910 1586 2941 Freinsh.
