2174 3424
507 323 591 364 686
960 333 1103 363 No'rAE

551 429 569 468 ξ
600 430 637 458 ll
676 427 944 467 Qualitercumque
979 426 1207 467 praeliantibus]

511 478 631 508 Monet
646 477 754 517 Bong.
771 476 804 507 in
830 486 895 507 uno
912 477 978 507 Ms.
996 486 1031 507 se
1060 477 1206 517 reperis-

511 538 561 567 se,
577 538 606 568 q.
627 528 793 568 proeliatis.
829 527 931 560 Quod
945 537 1020 558 cum
1037 527 1110 567 ipse
1127 536 1206 568 quo-

511 587 576 619 que
590 578 624 608 in
641 577 813 619 antiquiss,
832 577 992 608 Fuldens.
1004 576 1207 607 membranis

510 628 709 667 invenerim,
732 627 813 658 nihil
831 627 983 658 dubitem
1008 627 1055 657 ita
1079 627 1206 668 legere.

512 678 585 710 Cic.
602 678 643 709 ad
661 677 736 709 Att.
758 678 767 695 ⁴
786 677 923 709 Acriter
938 681 973 709 et
989 678 1208 709 vehementer

513 729 685 768 praeliatus
716 727 813 759 sum.²
847 729 934 760 Mod.
989 727 1208 769 Antiquiores

513 779 606 819 typis
623 778 784 819 expressi,
806 789 835 818 q.
859 777 1093 819 praeliarentur:
1117 777 1209 818 quod

513 839 580 860 non
594 830 700 861 minus
712 829 850 870 elegans
863 833 898 860 et
910 828 1053 860 fortasse
1066 833 1209 859 rectum.

520 880 592 912 Vor.

558 932 574 970 ξ
594 933 632 961 14
657 929 749 961 Nihil
773 932 841 960 erat
865 929 1002 971 difficile]
1037 929 1116 960 Sen.
1145 930 1210 969 Ep.

516 983 548 1011 4.
572 980 581 996 4
598 980 758 1020 Quisquis
775 980 876 1010 vitam
902 989 996 1010 suam
1019 979 1216 1018 contemsit,

515 1034 597 1060 tunc
613 1029 765 1060 dominus
780 1029 857 1061 est!
891 1030 937 1060 Et
950 1030 1028 1060 Sen.
1042 1029 1214 1069 tragoedus

518 1080 623 1111 Herc.
650 1079 721 1111 OEt.
753 1083 762 1097 ‘
788 1080 977 1111 Contemsit
1006 1089 1121 1111 omnes
1147 1080 1216 1118 ille,

516 1130 574 1171 qui
591 1134 731 1160 mortem
749 1129 868 1170 prius.’
892 1130 990 1161 Bern.

562 1181 579 1220 ς
609 1183 647 1210 15
681 1180 797 1211 Statim
825 1189 912 1210 arma
937 1179 1077 1219 capiunt]
1111 1177 1213 1218 Angl.

517 1231 636 1271 raptim
663 1241 693 1262 a.
721 1241 748 1262 c.
787 1231 920 1263 Placet.
939 1231 1069 1262 Auctor
1087 1230 1129 1261 ad
1146 1231 1215 1261 He-

520 1290 616 1312 reun.
638 1282 647 1298 ⁴
666 1280 745 1321 Ipse
762 1290 796 1312 se
816 1281 940 1322 raptim
964 1281 1100 1312 domum
1122 1291 1213 1312 suam

518 1329 681 1370 conjicit!
708 1330 814 1368 Schef.

562 1381 726 1421 Sexcentz']
742 1383 751 1399 ⁴
764 1380 991 1421 Quingentos’
1003 1380 1105 1411 habet
1116 1380 1218 1412 Diod.

521 1440 572 1461 ru.
598 1434 629 1462 2.
658 1440 756 1472 quem
781 1430 815 1461 in
837 1431 900 1462 hac
925 1430 1118 1461 narratione
1144 1429 1218 1460 fere

519 1480 725 1520 expressisse
756 1479 887 1511 Auctor
920 1484 1037 1510 noster
1074 1479 1217 1510 videtur.

521 1530 591 1562 Cic.
607 1531 682 1562 Fin.
696 1541 736 1562 11.
759 1534 811 1561 30.
834 1532 843 1546 4
862 1535 1032 1561 trecentos
1045 1529 1064 1560 :'
1089 1535 1125 1560 et
1140 1530 1217 1560 Sen.

520 1581 618 1612 SuaS.
650 1590 688 1612 11.
721 1585 756 1612 et
786 1581 906 1612 AElian.
928 1589 983 1611 111.
1012 1580 1053 1610 V.
1086 1580 1130 1611 H.
1165 1583 1219 1611 25.

521 1631 618 1671 cujus
650 1631 818 1671 interpres
845 1630 1035 1672 τριακοσίους
1062 1631 1219 1670 imperite

522 1682 628 1712 vertit
639 1682 784 1721 tr1'gintu.
800 1682 969 1721 BongarS.
999 1682 1008 1698 ⁴
1022 1679 1222 1711 Trecentos'

522 1733 602 1762 item
619 1732 722 1763 habet
747 1732 876 1763 Herod.
896 1741 958 1763 vu.
975 1734 1051 1762 224.
1075 1735 1111 1761 et
1128 1731 1222 1761 Piut.

524 1782 650 1814 l'arall.
667 1792 740 1823 cap.
756 1785 788 1813 4.
812 1783 821 1798 ⁴
839 1782 953 1813 Mille’
981 1787 1091 1812 autem
1118 1781 1221 1811 Lacc-

523 1833 705 1864 daemouios
730 1833 888 1865 eduxisse
912 1833 1020 1873 primo
1037 1831 1221 1863 Leonidam

524 1882 596 1912 siue
621 1883 733 1922 sociis,
768 1883 875 1913 refert
915 1882 1019 1913 Diod.
1049 1890 1097 1911 xr.
1126 1884 1156 1912 4.
1187 1885 1222 1911 et

525 1933 632 1963 Isocr.
644 1933 832 1965 Panatlien.
845 1938 880 1964 et
892 1933 1108 1964 Archidamo.
1126 1932 1222 1962 Rern.

570 1983 668 2021 Regis
690 1982 886 2022 praetorium]
909 1982 1014 2012 Diod.
1042 1990 1093 2012 Χῐ.
1112 1984 1145 2011 9.
1166 1980 1223 2017 τὴν

525 2032 581 2061 τοῦ
596 2031 747 2067 βασιλέως
772 2030 899 2068 σκηνήν.
922 2032 1078 2069 Bongars.
1125 2030 1222 2061 Curt.

527 2091 581 2112 111.
616 2085 667 2112 11.
692 2085 744 2113 38.
772 2084 782 2099 4
800 2081 1071 2112 tabernaculum'
1102 2084 1222 2111 vocat:

526 2132 677 2171 itemque
697 2132 706 2148 ⁴
727 2132 937 2172 praetorium'
961 2141 990 2163 v.
1005 2135 1036 2162 2.
1055 2134 1105 2162 ll.
1124 2132 1224 2162 Rern.

570 2182 588 2221 ξ
600 2184 639 2212 16
653 2181 822 2221 Tumultus,
832 2181 901 2222 ἐγὼ]
912 2183 1000 2212 Saxo
1015 2190 1096 2212 xm.
1109 2191 1140 2221 p.
1149 2184 1223 2212 2-11.

529 2233 582 2262 36.
597 2232 606 2248 ⁴
621 2232 773 2272 Cumque
790 2232 869 2263 totis
881 2233 913 2262 in
929 2231 1048 2263 castris
1064 2232 1225 2262 tumultus

528 2281 743 2312 exoriretur!

573 2332 590 2371 ξ
605 2334 643 2361 17
662 2330 754 2370 Diei]
772 2332 838 2362 Ms.
852 2331 913 2370 die,
926 2331 1062 2371 antique
1074 2340 1135 2371 pro
1150 2330 1226 2362 diei.

534 2381 613 2411 Sall.
639 2382 698 2414 Ju.
722 2384 775 2412 97.
792 2385 822 2412 3.
847 2383 856 2398 4
874 2382 942 2411 vix
965 2381 1097 2412 decima
1126 2385 1224 2420 parte

530 2430 588 2461 die
615 2431 764 2472 reliqua.'
808 2431 888 2462 Vid.
917 2441 992 2472 quae
1015 2434 1112 2461 notat
1135 2430 1227 2462 Geli.

535 2490 587 2513 ix.
614 2485 665 2513 14.
700 2491 773 2522 quae
804 2481 969 2512 Priscian.
997 2481 1056 2512 lib.
1085 2490 1149 2511 vu.
1184 2489 1226 2510 ex

532 2531 640 2571 prima
656 2530 807 2562 Historia
822 2531 989 2570 Sallustii,
1002 2535 1038 2562 et
1054 2540 1129 2572 quae
1143 2530 1227 2562 Pro-

533 2581 593 2612 bus
608 2582 641 2612 in
658 2581 853 2613 Catholicis.
878 2582 984 2620 Bong.

574 2632 591 2672 ξ
611 2634 649 2662 18
669 2632 742 2663 Νοη
756 2632 843 2671 victi,
857 2631 926 2672 Sym]
947 2631 1005 2662 Sic
1020 2631 1029 2648 ‘
1045 2630 1230 2661 Athenien·

534 2693 585 2714 ses
602 2683 769 2714 consumti
784 2683 891 2724 magis
918 2691 1018 2723 quam
1044 2680 1143 2712 victi’
1170 2678 1229 2711 inf.

537 2742 572 2764 v.
587 2737 616 2764 1.
640 2736 691 2764 10.
708 2737 744 2765 et
761 2732 860 2764 Oros.
876 2741 917 2764 ¹1.
934 2736 986 2764 15.
1008 2734 1018 2750 ‘
1036 2732 1146 2763 Nemo
1163 2735 1231 2761 tre-

535 2789 651 2815 centos
674 2784 794 2816 Fabios
810 2785 919 2815 victos
944 2783 1041 2823 dicit,
1066 2782 1125 2814 sed
1143 2782 1232 2813 occi-

536 2843 609 2864 sos:
633 2840 667 2864 ct
685 2834 832 2875 Regulus
849 2838 971 2874 captus
996 2838 1049 2865 est
1070 2842 1090 2863 a
1106 2831 1232 2870 l'oenis,

535 2892 599 2913 non
617 2884 740 2917 victus:
765 2889 799 2916 et
818 2884 965 2926 quisquis
983 2883 1076 2923 alins,
1091 2882 1231 2914 sa‘vien-

1137 333 1399 365 VARIORUM
1434 337 1485 366 IN

1257 426 1299 457 tis
1316 426 1460 459 fortuna?
1487 429 1518 459 vi
1540 439 1578 460 ac
1595 428 1743 470 pondere
1760 437 1954 470 oppressus,

1256 487 1322 508 non
1340 479 1509 510 submittit
1528 480 1694 511 animum.'
1737 480 1816 511 Seu.
1830 478 1953 511 Benef.

1257 537 1289 559 v.
1305 531 1335 560 3.
1369 529 1530 561 Similiter
1542 530 1799 561 Bernhard.111.
1817 530 1858 561 de
1869 530 1956 560 Con-

1258 578 1322 609 sid.
1348 578 1389 609 de
1414 579 1531 620 Apost.
1554 582 1562 598 ⁴
1587 580 1859 619 Occumbebant‚
1888 589 1955 611 non

1256 631 1545 662 succumbebant!
1567 632 1701 663 Bernec.
1745 631 1868 662 Nullus
1896 630 1956 661 du-

1258 679 1331 711 bito
1365 681 1420 712 hic
1456 681 1620 712 excidisse
1654 691 1753 712 unam
1780 679 1958 721 syllabam,

1259 740 1357 772 quam
1382 741 1521 772 sequens
1543 731 1683 762 eal-und.
1706 731 1880 762 literarum
1902 730 1958 761 ab·

1258 780 1397 820 sorpsit,
1420 785 1458 812 ut
1474 790 1564 821 saepe
1579 779 1718 812 factum.
1761 780 1854 811 Victi
1868 779 1958 810 enim

1261 830 1397 862 tandem
1412 836 1490 863 sunt
1506 831 1635 871 utique,
1658 831 1736 872 quia
1753 839 1866 861 omnes
1882 834 1960 861 sunt

1261 881 1352 912 caesi.
1387 881 1536 921 Legend.
1553 881 1657 920 igitur
1674 889 1748 911 cnm
1763 879 1957 911 Gronovio:

1260 932 1313 962 Ad
1326 934 1422 970 postr.
1438 941 1497 961 non
1511 932 1542 961 vi
1557 930 1645 961 victi.
1672 931 1788 962 Graev.

1305 981 1393 1011 Inter
1407 981 1550 1019 ingentes
1573 983 1741 1010 stratorum
1764 979 1896 1010 hostium
1910 989 1961 1010 ca-

1263 1030 1380 1070 tervas]
1403 1031 1501 1061 Hanc
1527 1030 1607 1061 lect.
1632 1029 1810 1061 confirmat
1832 1030 1961 1061 Lucan.

1264 1091 1303 1112 11.
1331 1084 1403 1112 135.
1436 1082 1446 1099 ⁴
1470 1080 1540 1113 Aut
1570 1081 1701 1112 Collina
1727 1081 1807 1112 tulit
1836 1084 1961 1111 stratas

1265 1140 1396 1172 quoque
1409 1135 1507 1171 porta
1522 1130 1701 1163 catervas.’
1747 1132 1792 1162 Et
1809 1130 1882 1162 Liv.
1897 1138 1963 1161 vn.

1265 1182 1319 1211 36.
1349 1181 1358 1197 ⁴
1382 1180 1481 1211 Circa
1500 1180 1675 1221 jacentem
1699 1180 1819 1211 ducem
1849 1184 1965 1211 sterne

1266 1228 1439 1260 Gallorum
1462 1229 1642 1261 catervas!
1671 1231 1806 1261 Gronov.
1851 1229 1928 1260 Hoc
1945 1238 1965 1259 a

1268 1278 1376 1309 doctis
1405 1279 1603 1320 hominibus,
1644 1280 1700 1320 qui
1731 1284 1809 1310 ante
1838 1289 1892 1309 me
1921 1279 1964 1310 ad

1267 1329 1358 1361 Just.
1387 1329 1609 1370 scripserunt,
1636 1329 1810 1360 emendari
1838 1329 1966 1360 decuit.

1269 1379 1361 1418 Lego
1384 1379 1408 1411 z'.
1427 1380 1450 1410 i.
1467 1390 1491 1410 s.
1507 1381 1688 1410 cadaverum
1715 1379 1810 1421 [Q.?]
1833 1389 1967 1419 acervos,

1267 1434 1454 1460 nouantem
1468 1434 1616 1460 catervas.
1636 1430 1724 1460 Nam
1735 1430 1744 1446 ⁴
1755 1429 1910 1460 caterva’
1924 1429 1967 1460 de

1261 1479 1472 1520 jacentibus,
1496 1485 1554 1511 aut
1570 1479 1709 1511 mortuis
1731 1489 1796 1511 non
1823 1478 1967 1518 dicitur-3

1269 1530 1279 1546 ⁴
1297 1530 1454 1560 acervus'
1478 1534 1589 1561 autem
1605 1539 1749 1570 semper.
1793 1529 1969 1569 Exemplis

1271 1589 1387 1620 parco,
1410 1581 1456 1611 1111
1484 1581 1572 1611 enim
1604 1579 1825 1621 frequentius.
1853 1579 1968 1611 Faber.

1272 1630 1356 1660 Mihi
1373 1639 1504 1671 quoque
1520 1631 1572 1661 1110
1587 1630 1609 1662 1.
1625 1630 1682 1660 (1111
1698 1629 1764 1660 fuit
1778 1633 1969 1670 suspectus.

1272 1680 1400 1711 Noram
1431 1681 1531 1719 enim,
1563 1679 1653 1721 quod
1682 1680 1715 1710 111
1743 1680 1969 1710 Romanorum

1272 1730 1377 1770 copiis
1394 1736 1482 1761 esset
1506 1731 1515 1747 ⁴
1533 1729 1675 1768 coliors,'
1697 1728 1730 1759 id
1749 1728 1816 1759 dici
1840 1728 1874 1759 in
1897 1728 1972 1758 bar-

1274 1780 1429 1811 bararum
1445 1781 1592 1818 gentium
1611 1779 1764 1810 exercitu
1787 1779 1796 1796 ⁴
1809 1777 1972 1810 caterva.’

1272 1830 1338 1860 Sed
1357 1836 1473 1870 postea
1489 1836 1600 1861 tamen
1615 1829 1821 1870 deprehendi
1838 1831 1847 1846 4
1863 1834 1971 1860 cater-

1273 1881 1363 1912 vam’
1387 1882 1488 1912 etiam
1512 1880 1668 1920 usurpari
1691 1880 1733 1910 de
1754 1879 1973 1910 multitudine

1274 1940 1453 1969 caesorum,
1484 1940 1509 1961 s.
1538 1935 1754 1961 mortuorum.
1798 1930 1886 1960 Stat.
1911 1929 1973 1960 Τ11.

1274 1989 1340 2011 xii.
1364 1981 1372 1997 ‘
1390 1981 1467 2012 Non
1484 1981 1618 2019 longum
1636 1979 1728 2010 caede
1754 1979 1881 2009 recenti
1900 1979 1973 2009 Lae-

1275 2034 1364 2060 tatus
1379 2029 1470 2061 videt
1485 2029 1665 2059 innumeris
1680 2027 1812 2058 fervere
1826 2028 1975 2058 catervis

1275 2080 1462 2119 Tellurem,
1480 2084 1582 2119 atque
1608 2088 1672 2109 una
1699 2083 1836 2119 gentem
1861 2077 1976 2118 exspi-

1277 2139 1351 2160 rare
1369 2129 1486 2160 ruina.'
1512 2130 1619 2159 Groev.

1319 2180 1335 2219 ξ
1352 2182 1392 2209 19
1416 2178 1544 2209 Duobus
1561 2176 1749 2217 vulneribus]
1775 2177 1831 2209 Sic
1852 2177 1875 2209 1.
1893 2186 1927 2209 v.
1943 2186 1976 2209 c.

1277 2232 1308 2260 6.
1330 2229 1339 2245 4
1355 2230 1437 2260 Plus
1461 2228 1606 2259 vulneris
1631 2237 1671 2258 co
1697 2228 1817 2268 praelio
1843 2228 1977 2268 accipe-

1279 2282 1368 2318 rent,
1400 2288 1498 2319 quam
1529 2277 1759 2318 superioribus
1787 2277 1977 2310 dedcrant.'

1278 2330 1366 2361 Item
1385 2332 1520 2361 Χ1,1ι.4.
1540 2332 1589 2359 ll.
1611 2329 1620 2346 ⁴
1638 2329 1712 2360 Nec
1727 2329 1793 2360 ullo
1808 2329 1898 2361 bello
1911 2339 1980 2361 ma-

1273 2380 1332 2420 jus
1350 2380 1470 2410 vulnus
1487 2379 1716 2419 acceperunt!
1753 2379 1804 2410 lta
1819 2380 1828 2396 ⁴
1841 2380 1979 2411 vulnns‘

1280 2440 1342 2470 pro
1358 2430 1455 2460 clade
1470 2429 1589 2460 bellica
1605 2434 1640 2460 et
1652 2429 1791 2460 interitu
1805 2430 1978 2461 exercitus

1281 2486 1346 2512 est.
1404 2481 1450 2511 Et
1472 2480 1481 2497 ⁴
1502 2480 1623 2510 vulnus
1654 2480 1830 2519 accipcrc'
1851 2479 1979 2511 dicitur

1280 2530 1321 2570 is,
1355 2530 1449 2570 cujus
1478 2529 1648 2560 exercitus
1684 2534 1749 2568 est;
1780 2529 1836 2570 qui
1867 2529 1979 2570 perit:

1280 2583 1289 2597 ‘
1305 2579 1408 2610 darc'
1433 2588 1514 2610 vero
1540 2579 1579 2619 is,
1604 2578 1661 2619 qui
1685 2579 1874 2610 exercitum
1899 2580 1980 2610 alte-

1282 2630 1352 2660 rius
1369 2628 1493 2659 fundit.
1540 2627 1652 2658 Etiam
1674 2628 1810 2668 proprie
1836 2633 1980 2669 accepta

1283 2680 1369 2720 ῥῆσις
1398 2679 1462 2709 ista
1493 2676 1653 2718 frequens
1684 2682 1756 2708 est:
1791 2677 1978 2719 dicuntque

1281 2730 1291 2745 4
1318 2729 1436 2760 vuinus
1463 2727 1618 2767 accipere
1647 2726 1681 2756 in
1707 2726 1845 2766 capite!
1902 2727 1982 2758 Alia

1283 2788 1398 2810 rursus
1429 2776 1626 2817 metaphora
1656 2779 1718 2814 est,
1744 2776 1832 2816 quod
1864 2777 1981 2817 Nepos

1284 2829 1403 2861 scribit
1414 2827 1543 2859 Dione:
1561 2826 1570 2843 ‘
1584 2825 1732 2865 Accepit
1746 2826 1979 2865 gravissimum

1285 2889 1405 2921 parens
1423 2878 1543 2909 vulnus
1559 2880 1668 2908 morte
1685 2874 1768 2908 filii?
1798 2876 1870 2907 l'or.
