2101 3419
401 343 488 385 852

391 445 557 486 fatigatis,
581 455 735 477 occursum
747 449 802 477 est.
826 446 951 478 Faber.
995 445 1097 476 Ratio

400 496 563 528 orationis
580 497 731 537 postulat
747 496 827 537 quid
845 496 926 528 tale.
956 496 1097 527 Mallem

398 546 439 577 iis
454 546 570 577 securis
584 547 618 577 in
630 547 752 577 itinere.
776 546 893 577 Schef.

444 598 489 628 Et
502 597 668 637 pervigilio
685 597 798 637 noctis]
821 598 883 628 Est
898 607 941 628 ex
956 597 1099 637 impres-

400 647 459 686 sis,
486 647 543 688 qui
572 647 697 678 habent
724 650 753 678 et
775 647 954 687 pervigilia.
1000 647 1100 678 Unde

399 698 571 738 cogitand.
595 707 675 728 num
701 697 835 737 legend.
864 696 969 727 fuerit
992 700 1022 727 et
1046 706 1101 736 per

399 748 521 786 vigilia.
567 747 656 779 Nam
683 749 780 779 Vett.
808 747 1001 788 ‘vigilium'
1026 747 1100 777 dix-

399 808 469 830 ere.
512 797 614 829 Unde
645 797 905 838 ‘pervigilium,’
928 797 1018 838 quod
1046 806 1100 828 oc-

400 849 510 880 currit
522 858 626 890 saepe.
650 850 701 880 Id.

444 900 461 939 ξ
477 902 496 930 7
519 899 559 929 In
574 909 607 930 co
630 899 740 939 proelio
759 897 967 939 Polyperchon
986 897 1099 928 occidi-

400 949 468 990 tur]
513 950 559 981 H.
583 950 605 980 1.
636 950 876 990 Polyperchon
913 948 1099 986 occiditur;

401 1010 471 1042 seq.
504 1010 585 1032 vero
611 1001 700 1032 libro
725 1000 963 1030 Macedoniam
988 999 1101 1030 redire

402 1051 575 1082 scribitur.
632 1052 709 1082 Nisi
740 1051 845 1092 igitur
870 1050 914 1081 sit
939 1050 1101 1090 hysteron

400 1106 576 1142 proteron,
603 1111 670 1142 quo
695 1106 797 1142 pacto
824 1102 916 1131 locus
945 1101 1101 1131 excusari

400 1156 516 1192 queat,
531 1152 659 1183 nescio.
683 1151 739 1182 Ad
757 1151 815 1182 fin.
832 1156 945 1182 autem
958 1151 1026 1192 huj.
1043 1151 1099 1182 lib.

401 1203 570 1233 Eumenes
587 1203 693 1233 hostis
720 1202 915 1233 declaratur
941 1212 1017 1233 cum
1043 1201 1102 1233 tri-

402 1251 464 1282 bus
481 1252 587 1292 hisce,
602 1252 771 1292 Pliytone‚
783 1252 917 1292 Illyrio,
933 1258 968 1282 et
980 1251 1103 1282 Alceta

401 1302 508 1333 fratre
521 1302 812 1342 Perdiccae,idem
830 1307 1006 1343 postquam
1020 1302 1102 1332 Per-

402 1352 502 1383 dicca
525 1353 568 1384 ab
595 1353 750 1384 exercitu
772 1362 878 1382 caesus
895 1358 969 1390 est;
993 1351 1102 1392 Argy-

401 1404 555 1444 raspides
580 1404 669 1434 enirn
708 1403 907 1434 occiderant
936 1412 1024 1441 eum,
1064 1406 1103 1432 ut

403 1453 573 1484 Eumenes
603 1462 674 1493 seq.
706 1452 765 1483 lib.
793 1452 875 1492 ipsis
905 1452 1101 1492 exprobrat.

402 1503 646 1543 Distinguend.
663 1502 768 1542 igitur
785 1507 837 1533 est
851 1506 928 1542 post
951 1503 959 1519 ‘
973 1501 1102 1532 exerci-

403 1554 500 1593 tum,’
525 1559 562 1585 et
580 1558 668 1584 totus
683 1554 773 1583 locus
790 1553 839 1583 ita
854 1552 1017 1592 legendus
1030 1556 1100 1583 est:

401 1605 452 1635 Ad
464 1608 648 1644 postremum
661 1608 776 1642 tamen,
793 1603 943 1633 Perdicca
958 1602 1054 1633 occiso
1065 1602 1103 1632 ab

402 1656 554 1693 crercitu,
570 1655 666 1685 hostis
680 1665 749 1685 cum
767 1654 921 1694 Phytone,
939 1653 1104 1693 Illyrio‚‹1c

401 1706 512 1736 Alc-clu
532 1704 639 1742 fratre
659 1704 818 1735 Perdiccae
842 1703 1016 1743 appellatur
1039 1703 1104 1743 (sc.

401 1754 597 1794 Eumenes),
621 1755 789 1794 bellumque
811 1754 958 1783 adversus
975 1762 1024 1783 eos
1040 1754 1104 1784 An-

403 1807 510 1845 tigono
526 1806 715 1836 decernitur.
742 1805 836 1835 Glar.

446 1855 673 1896 Polyperchon]
699 1856 846 1885 Crateros
861 1851 999 1893 legend.
1017 1862 1104 1893 esse,

404 1910 632 1947 praeterquam
645 1915 685 1935 ex
699 1904 805 1935 Diod.
819 1913 926 1934 xvnl.
943 1906 994 1934 30.
1009 1903 1103 1934 Plut.

405 1957 437 1986 in
459 1956 607 1986 Eumene
623 1965 654 1986 c.
666 1958 698 1985 9.
715 1958 750 1984 et
768 1953 883 1984 Probo
897 1953 929 1983 in
941 1954 1104 1991 Eumene,

405 2007 507 2036 ctiam
523 2014 563 2035 ex
583 2014 659 2036 xn'.
676 2008 708 2036 5.
725 2007 755 2034 1.
770 2007 926 2034 constat:
951 2004 960 2019 ‘
975 2003 1024 2033 Ut
1041 2002 1106 2032 Po-

404 2056 631 2095 lyperclionta
645 2064 663 2085 a
680 2054 818 2085 Graecia
834 2053 946 2084 redire
972 2052 1006 2082 in
1032 2051 1107 2083 Ma-

404 2105 582 2136 cedoniam
608 2104 766 2144 cognovit
780 2103 799 2134 :⁵
823 2113 888 2134 non
913 2103 1018 2143 igitur
1044 2103 1107 2134 hoc

405 2155 524 2195 praelio
539 2153 726 2192 ceciderat,
742 2153 892 2194 quamvis
904 2152 1003 2183 eand.
1015 2153 1106 2183 illam

405 2207 487 2237 lect.
504 2208 664 2246 sequutus
686 2204 730 2234 sit
756 2203 857 2234 Oros.
873 2211 929 2234 111.
946 2205 998 2233 23.
1020 2203 1106 2233 Bon-

404 2264 490 2294 gars.
533 2253 758 2286 ‘Craterum'
794 2253 900 2284 etiam
924 2253 993 2293 huj.
1030 2251 1109 2283 libri

866 351 1008 382 NOTAE
1042 350 1307 381 VARIORUM
1342 350 1394 381 [N

1153 444 1325 483 Prologus
1354 442 1477 473 habet:
1507 452 1571 483 quo
1599 441 1709 472 minus
1732 445 1786 472 est
1809 440 1852 472 de

1151 494 1214 524 hac
1229 493 1466 524 emendatione
1479 491 1658 522 dubitand.
1671 491 1855 522 Berneccer.

1151 545 1269 585 Ipsum
1283 545 1430 584 Trogum
1455 552 1521 574 non
1538 542 1579 573 de
1596 541 1854 582 Polyperchonte,

1154 596 1210 626 sed
1229 596 1271 626 de
1292 596 1421 626 Cratero
1438 599 1518 626 tunc
1545 593 1656 625 occiso
1681 592 1856 632 scripsisse

1155 658 1198 679 ex
1214 653 1333 680 vetere
1349 647 1575 688 Prologohnj.
1591 645 1745 677 lib.scire
1762 645 1855 676 licet.

1156 699 1275 730 Habet
1305 700 1395 730 enim
1419 699 1482 737 sic,
1508 698 1664 728 ‘Bellum
1695 705 1760 738 quo
1788 696 1855 726 Eu-

1154 760 1269 781 menes
1285 750 1528 790 Neptolemum
1544 752 1580 779 et
1603 748 1782 779 Craterum
1799 755 1856 777 oc-

1155 800 1266 831 cidit!
1309 801 1377 831 Vix
1405 804 1517 831 tamen
1547 798 1699 829 adducor
1722 801 1760 827 ut
1785 806 1857 828 cre-

1155 850 1281 881 damin
1307 850 1381 890 ipso
1406 850 1495 881 Just.
1523 848 1682 880 mendum
1706 856 1794 885 esse,
1821 850 1857 878 et

1154 911 1216 940 pro
1233 901 1442 941 Polyperchon
1455 899 1590 941 legend.
1606 908 1681 930 esse.
1697 898 1859 929 Craterus.

1154 951 1263 981 Video
1280 951 1370 981 enim
1386 949 1645 991 Polyperchontis
1670 957 1793 979 nomen
1821 951 1858 978 et

1155 1001 1373 1038 antecedere,
1398 1005 1501 1041 atque
1517 1000 1568 1031 ita
1583 999 1616 1030 in
1633 1008 1708 1039 cap.
1724 999 1789 1030 hoc
1805 997 1857 1029 bis

1156 1061 1347 1091 apparere;
1374 1055 1409 1082 et
1436 1050 1594 1081 Orosium
1619 1058 1765 1090 quoque,
1788 1049 1858 1090 qui,

1155 1106 1194 1132 ut
1210 1106 1341 1138 notum,
1366 1101 1539 1133 Justinum
1566 1099 1764 1139 exscripsit,
1791 1108 1859 1130 non

1156 1152 1256 1182 aliter
1284 1151 1423 1182 habere.
1468 1150 1587 1181 Fuerit
1613 1149 1717 1189 igitur
1741 1150 1858 1189 lapsus

1156 1202 1342 1242 memoriae,
1357 1206 1392 1232 et
1409 1201 1545 1243 quidem
1562 1200 1717 1231 crassior.
1750 1200 1860 1230 Prox-

1157 1253 1223 1283 ime
1241 1253 1329 1283 enim
1342 1263 1412 1293 seq.
1429 1252 1505 1283 libri
1523 1262 1554 1283 c.
1571 1255 1602 1283 5.
1627 1251 1669 1282 de
1692 1250 1860 1290 Polyper-

1158 1302 1282 1333 chonte
1299 1307 1458 1344 tanquam
1486 1302 1595 1333 adhuc
1620 1301 1698 1332 vivo
1714 1300 1858 1338 scribit;

1157 1362 1233 1383 eum
1250 1353 1351 1384 videl.
1377 1362 1396 1383 a
1419 1352 1557 1384 Graecia
1572 1351 1713 1383 rediisse
1730 1350 1765 1381 in
1785 1350 1859 1381 Ma-

1157 1402 1347 1434 cedoniam.
1375 1403 1451 1434 Vor.

1199 1454 1216 1494 ξ
1235 1456 1274 1484 10
1292 1453 1444 1484 Perdicca
1457 1451 1570 1492 occiso]
1592 1452 1649 1483 De
1660 1451 1733 1491 huj.
1749 1454 1861 1482 morte

1157 1502 1396 1534 dissentientes
1412 1502 1588 1543 opiniones
1602 1501 1742 1532 Diodori
1753 1509 1862 1532 xvur.

1157 1557 1209 1585 36.
1227 1558 1262 1585 et
1279 1553 1384 1584 Probi
1401 1553 1435 1583 in
1452 1553 1617 1590 Eumene,
1644 1550 1714 1582 vid.
1731 1560 1785 1590 ap.
1811 1550 1862 1591 ip.

1159 1613 1212 1634 sos
1230 1603 1412 1634 Auctor-es.
1450 1601 1529 1633 vid.
1545 1605 1580 1632 et
1603 1601 1706 1631 Paus.
1723 1599 1862 1642 Atticis,

1160 1658 1195 1685 et
1214 1654 1315 1684 Oros.
1331 1662 1388 1684 111.
1406 1655 1458 1683 23.
1482 1652 1588 1690 Bong.

1204 1703 1340 1734 Philone
1354 1705 1383 1733 et
1401 1701 1526 1742 Illyrio]
1563 1699 1696 1731 Horum
1711 1708 1779 1730 non
1792 1708 1861 1731 me-

1159 1752 1258 1783 minit
1275 1752 1379 1783 Diod.
1403 1752 1495 1783 Plut.
1515 1759 1595 1781 vero
1611 1753 1645 1780 et
1659 1748 1808 1790 Appian.
1826 1749 1862 1780 in

1158 1802 1301 1842 Syriaca
1319 1801 1411 1832 Hist.
1429 1801 1614 1831 Eumenem
1642 1799 1749 1830 solum
1773 1808 1863 1830 com-

1159 1857 1336 1883 memorat.
1382 1852 1390 1868 ‘
1404 1850 1529 1881 Pliiton
1541 1850 1549 1863 '
1575 1849 1602 1880 is
1620 1854 1685 1889 est,
1709 1849 1764 1890 qui
1781 1858 1864 1881 x111.

1159 1906 1192 1934 4.
1208 1905 1261 1933 21.
1305 1900 1477 1942 ‘Pithon‚’
1502 1898 1608 1932 Diod.
1637 1907 1715 1930 xlx,
1730 1901 1784 1931 95.
1808 1897 1863 1930 ni-

1160 1954 1227 1982 θων.
1251 1952 1356 1990 Bong-

1204 2001 1352 2040 Pillwne]
1377 2000 1434 2031 Ita
1449 1999 1620 2031 scribend.
1636 2008 1702 2030 non
1717 1998 1861 2039 Philone,

1160 2055 1218 2082 aut
1235 2051 1391 2091 Phylmw,
1408 2053 1446 2081 ut
1462 2050 1564 2089 vulgo
1587 2049 1711 2080 editur.
1758 2049 1856 2089 Legi-

1161 2105 1216 2132 tur
1233 2101 1281 2131 ita
1297 2104 1333 2131 et
1350 2108 1435 2130 xm.
1450 2102 1482 2130 4.
1501 2102 1554 2130 21.
1576 2108 1640 2130 nec
1657 2108 1724 2129 non
1742 2103 1778 2130 et
1804 2108 1859 2139 ap.

1161 2151 1258 2182 Curt.
1275 2159 1309 2181 x.
1324 2153 1375 2180 10.
1392 2153 1423 2182 7.
1455 2150 1499 2180 Et
1513 2149 1666 2181 Diodoro
1683 2149 1764 2181 item
1781 2157 1858 2180 xlx.

1161 2204 1213 2233 95.
1230 2205 1283 2232 est
1298 2199 1407 2231 Πίθων.
1438 2199 1511 2231 Vor.

924 2547 1144 2595 LIBER
1189 2545 1339 2593 XIV.

454 2677 585 2709 CAP.1.
641 2677 659 2717 ς
691 2678 708 2706 l
745 2673 910 2714 Eumenes]
947 2672 1109 2715 Legenda

412 2728 481 2768 ejus
494 2727 565 2758 vita
581 2736 636 2767 ap.
654 2726 748 2757 Plut.
766 2730 801 2756 et
823 2725 987 2756 Probum.
1032 2723 1110 2754 His-

413 2777 510 2808 toriae
548 2781 661 2808 autem
690 2776 794 2808 series
825 2774 976 2815 petenda
1005 2777 1058 2804 est
1091 2782 1111 2804 e

413 2828 519 2859 Diod.
546 2827 650 2866 Bong.

461 2877 551 2908 L'ltro
564 2887 599 2908 ea
612 2877 765 2909 militibus
779 2876 852 2917 suis,
865 2875 933 2915 Sym]
957 2874 1014 2906 Ita
1031 2874 1111 2906 Gal-

1163 2672 1207 2704 ba
1235 2670 1396 2714 quasdam
1419 2667 1584 2700 defecisse
1611 2665 1760 2707 legiones
1777 2664 1865 2695 ultro

1165 2722 1233 2753 suis
1250 2723 1436 2759 asseverat,
1457 2718 1466 2735 ‘
1480 2727 1523 2749 ne
1551 2715 1765 2748 dissimulata
1780 2714 1868 2746 sedi-

1166 2772 1214 2803 tio
1236 2772 1268 2802 in
1285 2770 1393 2811 majus
1407 2766 1634 2800 crederetur.'
1678 2766 1761 2797 Tac.
1776 2774 1801 2796 1.
1818 2764 1866 2797 Η.

1169 2824 1219 2853 18.
1235 2821 1340 2863 quiet
1357 2829 1412 2852 ln.
1429 2819 1474 2850 H.
1485 2821 1537 2849 54.
1551 2816 1727 2849 Vitellium
1743 2815 1867 2856 arguit,

1167 2871 1256 2914 quod
1284 2869 1404 2902 fractis
1433 2878 1490 2910 ap.
1522 2868 1723 2899 Cremonam
1752 2864 1864 2906 rebus,
