2174 3424
573 345 767 377 JUSTINI
803 345 898 376 Lm.
931 345 981 375 11.
1013 346 1119 378 CAP.
1150 337 1220 377 10.

180 450 257 472 num
273 448 404 481 quoque
426 438 551 471 debere
565 439 703 471 habere.
747 439 872 470 Docet·

178 501 243 532 qne
255 491 317 521 hoc
332 491 407 530 ipsa
423 499 554 530 quoque
572 488 765 530 oppositio3
788 498 874 529 prae-

178 541 273 573 cedit
286 549 431 581 namque
456 540 498 571 de
521 544 606 572 cett.
621 543 630 557 ‘
648 550 714 571 non
730 550 874 580 regnum

180 591 245 622 sibi
274 590 448 621 vindicare
477 589 602 630 posse,’
640 590 695 621 cui
734 590 874 630 proinde

179 645 338 682 tanquam
363 640 534 671 diversum
562 639 709 671 debebat
739 639 875 680 subjici,

181 700 217 722 se
239 700 381 731 regnum
396 690 569 721 vindicare
592 699 692 730 posse
714 689 792 729 sibi,
808 699 875 721 non

180 750 274 781 vero,
290 750 326 772 se
353 751 372 772 a
397 750 477 781 rege
499 744 615 771 natum
637 749 720 771 esse.
764 739 877 780 Subji-

179 791 289 822 cietur
303 795 429 829 autem,
445 790 472 821 si
488 800 548 831 pro
563 790 596 820 in
615 799 711 829 regno
726 790 876 829 legemus

180 840 215 871 in
226 850 366 880 regnum.
412 840 500 871 Nam
525 840 662 871 sublatus
682 840 715 870 in
735 850 876 880 regnum,

181 895 245 930 est,
264 890 416 922 sublatus
445 895 588 931 propter
608 900 760 931 regnum,
781 892 878 931 regni

181 950 294 980 cansa,
317 945 356 972 ut
385 944 519 981 regnet,
548 941 655 982 qualis
679 941 795 982 utique
816 941 878 972 sibi

183 1000 264 1022 vere
279 990 451 1022 vindicare
467 995 583 1032 potest
599 1000 750 1030 regnum.
775 992 879 1022 Error

182 1040 318 1072 videtur
341 1045 440 1072 natus
467 1051 510 1071 ex
535 1050 589 1080 e0,
609 1042 688 1082 quia
711 1041 789 1072 olim
813 1040 879 1073 fnit

183 1093 347 1133 scriptum
376 1093 409 1123 in
433 1102 561 1131 regnom
588 1101 649 1132 pro
677 1091 712 1122 in
736 1101 881 1132 regnum,

183 1145 319 1173 vetusta
333 1141 590 1181 consuetudine,
600 1141 686 1182 qnod
699 1141 807 1172 scriba
823 1141 881 1172 im-

183 1192 313 1232 peritus
328 1192 519 1232 intelligere
541 1201 605 1222 non
623 1192 745 1232 potuit.
779 1191 881 1230 Schef.

184 1241 282 1274 Junt.
298 1251 430 1283 quoqne
447 1242 479 1273 in
493 1252 632 1282 regnum.
658 1241 775 1273 Graev.

226 1292 242 1332 §
256 1294 275 1322 8
299 1292 345 1322 Et
363 1292 436 1323 siin
451 1293 550 1333 aequo]
574 1293 792 1335 Antiquiores
807 1292 883 1328 edd,

183 1341 218 1372 in
242 1342 428 1385 omittunt:
463 1343 665 1385 videturque
692 1344 726 1375 id
751 1344 884 1383 elegan-

185 1392 262 1424 tius.
288 1393 392 1424 Vorst.
436 1392 539 1434 Angl.
564 1394 668 1434 itaque
688 1394 726 1425 si.
759 1394 797 1425 F.
805 1394 883 1434 jun—

186 1442 286 1483 gend.
306 1448 499 1485 utrumque,
521 1445 625 1484 itaque
647 1447 677 1475 et
699 1445 737 1475 si.
768 1444 882 1476 Schef.

186 1492 330 1525 Juntina
346 1503 478 1534 quoque
493 1496 526 1525 in
543 1495 665 1526 omisit.
690 1495 798 1526 Groev.

231 1543 376 1574 Materno
392 1547 494 1575 tamen
505 1554 536 1575 se
542 1544 631 1584 jure]
656 1545 764 1576 Immo
774 1545 882 1585 magis

187 1593 340 1632 potentia
367 1594 497 1634 matrss,
517 1604 615 1636 quam
634 1595 734 1635 jure:
759 1599 797 1626 ut
812 1595 884 1635 jam

188 1642 338 1673 ostendit
353 1643 399 1674 H.
416 1643 556 1675 Grotius
571 1653 610 1675 11.
627 1644 669 1675 de
683 1644 718 1676 J.
736 1646 776 1676 B.
793 1650 828 1676 et
844 1645 886 1676 P.

188 1695 219 1722 7.
237 1695 288 1722 19.
318 1692 417 1723 Gron.

227 1742 245 1781 ς
260 1744 280 1772 9
303 1741 659 1783 Hoc....Artaphernem]
674 1743 805 1775 Herod.
819 1754 884 1775 vn.

188 1791 230 1822 ab
246 1791 356 1830 initio,
371 1792 418 1823 ait
434 1793 574 1824 Darium
591 1799 737 1833 patrem,
757 1799 834 1825 ante
850 1795 885 1825 in

188 1842 356 1875 Graeciam
372 1843 636 1884 expeditionem,
661 1845 703 1875 de
728 1845 792 1876 hac
807 1854 885 1876 con-

188 1893 340 1924 tentione
378 1894 557 1934 protulisse
593 1895 810 1934 sententiam,
845 1905 884 1927 ac

191 1942 344 1974 Xerxem
368 1943 559 1975 declarasse
583 1954 709 1985 regem,
731 1946 812 1976 nihil
842 1945 885 1977 de

188 1992 403 2034 Artapherne
415 2003 677 2025 commemorans
690 2006 698 2033 ;
712 1995 800 2035 quod
814 1996 885 2037 qui-

189 2044 266 2075 dem
281 2048 332 2075 est
345 2045 451 2085 magis
469 2045 661 2077 verisimile.
685 2045 772 2076 Glur.

229 2095 471 2136 Artaphernem]
496 2096 551 2127 Ita
567 2105 610 2127 ex
625 2096 756 2127 Herod.
772 2106 885 2128 emen-

190 2145 280 2178 davi.
311 2146 408 2176 Vett.
426 2145 552 2176 habent
566 2146 776 2187 Ariasernem,
791 2146 885 2178 facili

189 2196 298 2236 lapsu.
342 2196 411 2227 Uni
435 2206 526 2236 supr.
555 2197 729 2237 scriptum,
751 2198 886 2239 legend.

189 2255 262 2277 esse
281 2246 507 2287 Tisaphernem.
543 2247 654 2287 Bong.

233 2298 308 2338 §10
334 2296 482 2336 Credula]
507 2297 659 2328 Freinsh.
682 2297 787 2328 crebra
809 2298 888 2328 mal-

190 2347 257 2379 let:
281 2357 356 2379 cum
381 2352 539 2388 suspecta
558 2348 712 2388 jucunda
732 2357 806 2379 esse
822 2358 886 2379 non

191 2398 334 2439 possint.
371 2399 407 2430 Si
424 2403 537 2430 tamen
553 2400 674 2430 credula
690 2398 887 2439 retinemus,

191 2450 299 2481 videri
314 2455 418 2492 queat
439 2450 487 2481 ita
509 2449 644 2490 legend.
660 2449 800 2488 jucunda
814 2460 887 2490 quo-

191 2509 247 2541 que
261 2500 344 2532 inter
357 2511 401 2540 se,
412 2510 472 2531 non
485 2501 581 2531 solum
595 2500 728 2530 credula.
764 2500 867 2530 Bern.

234 2551 378 2582 Jucunda
403 2560 518 2591 quoque
539 2550 622 2581 inter
646 2560 689 2590 se,
711 2560 770 2581 non
791 2550 888 2581 solum

191 2603 329 2643 credula]
361 2602 417 2633 Ita
443 2611 558 2633 rursus
583 2601 786 2642 antiquiores
811 2602 888 2633 edd.

192 2652 301 2693 Bong.
326 2652 439 2683 nescio
461 2661 527 2693 qua
550 2651 592 2682 de
619 2661 720 2682 causa
744 2652 889 2683 mutavit

194 2703 263 2734 sic:
279 2703 310 2741 J'.
325 2714 354 2743 q.
369 2704 392 2733 i.
415 2712 446 2733 se
468 2712 529 2733 non
548 2703 657 2741 solum,
676 2703 728 2732 sed
752 2703 887 2741 credula,

193 2753 332 2784 convivia
345 2752 526 2784 habuerunt.
570 2752 728 2785 Jucunda
749 2751 838 2783 inter
853 2762 889 2783 se

195 2803 347 2834 convivia
357 2803 481 2834 habere
491 2802 625 2833 omnino
637 2803 711 2843 plus
723 2806 777 2833 est
789 2811 888 2843 quam

197 2853 333 2884 credula
348 2853 485 2885 habere.
529 2854 678 2884 Possunt
701 2853 790 2884 enim
816 2863 888 2884 ‹tre-

197 2903 276 2935 dula
288 2913 374 2945 esse,
385 2914 460 2945 quae
477 2913 543 2935 non
560 2904 798 2945 adeojucunda
811 2904 887 2936 sint.

1535 336 1620 378 679

925 438 973 470 At
995 439 1150 478 jucunda
1177 449 1250 470 esse
1280 444 1466 481 nequeunt,
1492 441 1556 471 nisi
1585 446 1622 473 et

925 489 1065 520 credula
1080 490 1159 521 sint.
1204 491 1318 523 Quare
1335 492 1459 522 rectius
1477 491 1515 522 τὸ
1530 495 1538 509 ‘
1553 502 1622 524 non

927 539 1052 570 solum'
1080 541 1124 579 τῷ
1148 542 1271 571 credula
1299 551 1398 582 quam
1424 543 1468 581 τῷ
1483 543 1623 581 jucunda

926 588 1099 630 adjectum
1123 591 1310 630 putabitur.
1338 592 1438 622 Vorst.
1474 592 1577 633 Angl.
1593 596 1623 623 et

918 639 948 677 j.
976 650 1001 679 q.
1026 640 1047 671 ι’.
1072 650 1104 671 se
1128 650 1186 671 non
1210 642 1317 679 solum,
1338 643 1390 671 sed
1411 641 1518 672 crebra
1539 653 1624 675 conv.

925 689 1018 729 Scio,
1046 690 1213 730 quomodo
1238 690 1293 721 hic
1318 692 1442 721 credula
1470 701 1555 723 conv.
1587 696 1625 723 ut

926 740 1057 780 vulgati
1085 740 1225 779 habent,
1250 741 1432 781 accipiant.
1484 742 1550 772 Sed
1582 753 1625 774 an

926 789 974 820 sic
1001 790 1113 821 Latini
1134 801 1280 832 unquam
1302 792 1550 831 usurpaverint,
1564 792 1627 824 hoc

928 850 1008 871 vero
1029 841 1153 872 nescio.
1197 841 1334 872 Deinde
1360 841 1500 872 credula
1523 841 1627 873 fuisse

928 890 1083 921 convivia
1114 891 1146 922 h.
1186 900 1285 922 sensu
1321 901 1380 922 cur
1410 891 1626 931 significand.

928 939 1042 981 fuerit,
1056 950 1121 971 non
1146 941 1257 980 video,
1276 950 1351 972 cum
1368 941 1544 973 antecedd.
1561 952 1630 973 om-

929 990 985 1021 nia
1000 995 1201 1030 monstrent,
1221 991 1300 1022 odia
1314 991 1403 1022 inter
1418 991 1507 1032 ipsos
1525 991 1628 1023 fuisse

929 1040 1033 1079 nulla,
1063 1045 1098 1071 et
1130 1041 1256 1072 idcirco
1291 1042 1401 1071 nullas
1431 1040 1629 1073 diffidentiae

931 1090 1046 1130 alicuj.
1061 1100 1205 1121 caussas·
1231 1090 1355 1131 Itaque
1371 1090 1474 1131 Angl.
1493 1092 1629 1123 rectius.

932 1140 1150 1180 Habuerunt,
1177 1142 1236 1180 ait‚
1260 1150 1326 1172 uon
1354 1142 1459 1172 solum
1480 1142 1630 1182 jucunda

931 1191 1021 1222 inter
1044 1201 1080 1222 se
1107 1192 1274 1232 convivia,
1301 1192 1360 1222 sed
1377 1192 1630 1232 jucunditatem

932 1239 1023 1272 illam
1050 1241 1171 1273 crebro
1201 1241 1466 1284 frequenterque
1490 1252 1631 1275 renova-

933 1296 1012 1323 runt
1037 1293 1200 1323 conviviis
1225 1293 1392 1333 repetitis.
1419 1293 1521 1329 Schef.
1564 1293 1631 1325 Pe-

934 1343 1032 1374 dibus
1048 1354 1130 1384 ergo
1151 1354 1285 1385 quoque
1301 1345 1335 1374 in
1350 1345 1435 1376 hanc
1455 1344 1537 1375 irem
1559 1354 1632 1375 sen-

934 1394 1090 1433 tentiam,
1106 1398 1142 1424 et
1157 1393 1427 1426 emendationem
1448 1394 1633 1425 eruditissi-

934 1443 979 1474 mi
994 1444 1214 1475 Freinshemii
1231 1445 1475 1484 amplecterer3
1501 1445 1527 1474 is
1544 1445 1631 1475 enim

934 1494 1060 1534 primus
1077 1494 1224 1535 conjecit
1250 1495 1384 1534 legend.
1407 1504 1481 1524 esse
1503 1494 1633 1529 crebra,-

933 1543 960 1573 si
976 1543 1053 1574 libr.
1071 1548 1156 1575 vett.
1172 1548 1372 1575 annuerent.
1417 1543 1485 1575 Sed
1502 1554 1578 1575 cum
1598 1545 1633 1575 in

933 1592 1098 1632 omnibus,
1128 1603 1209 1634 quos
1239 1594 1349 1633 Bong.
1382 1593 1477 1625 Mod.
1507 1594 1633 1634 aliique

934 1644 1147 1682 evolverunt,
1162 1653 1225 1674 nec
1242 1653 1308 1673 non
1326 1645 1358 1674 in
1373 1643 1470 1675 Juut.
1487 1644 1633 1675 meliori-

935 1691 997 1723 bus
1014 1692 1090 1723 edd.
1106 1692 1178 1723 aliis
1201 1698 1395 1725 constanter
1413 1694 1547 1734 legatur
1569 1704 1633 1726 cre-

934 1743 1021 1780 dula,
1044 1752 1108 1773 non
1126 1747 1207 1782 puto
1223 1743 1258 1773 id
1279 1743 1457 1784 rejiciend.
1481 1745 1632 1785 quamvis

935 1793 1165 1823 translationis
1181 1793 1248 1833 huj.
1263 1793 1305 1823 ab
1322 1794 1508 1825 hominibus
1523 1795 1564 1825 ad
1580 1805 1634 1826 res

934 1843 1090 1882 exempla
1106 1843 1138 1873 in
1154 1842 1218 1874 ista
1240 1853 1323 1874 voce
1347 1844 1402 1874 vix
1419 1844 1499 1875 alibi
1515 1854 1633 1876 occur-

935 1898 1020 1925 rant.
1063 1893 1142 1924 Alia
1157 1894 1258 1933 ratio,
1274 1903 1350 1934 quae
1367 1900 1493 1934 praeter
1507 1895 1634 1935 signifi-

935 1945 1104 1976 cationem
1130 1944 1220 1974 vocis
1245 1942 1400 1983 affertur,
1427 1953 1486 1975 cur
1510 1946 1634 1976 credula

935 1997 1061 2028 debeat
1076 1996 1259 2036 immutari,
1275 1996 1355 2027 mihi
1376 2006 1443 2027 non
1459 1997 1633 2037 probatur.

935 2047 1096 2080 Quamvis
1110 2047 1198 2077 enim
1211 2047 1253 2077 de
1268 2056 1373 2087 regno
1390 2047 1634 2087 ambigentium

935 2097 1091 2128 videatur
1118 2097 1246 2127 animus
1271 2095 1376 2127 fuisse
1399 2106 1555 2136 concors,
1571 2106 1634 2137 pro

935 2148 1067 2188 ingenio
1083 2152 1195 2179 tamen
1209 2147 1354 2178 humano
1372 2147 1482 2178 solent
1499 2156 1635 2188 compe-

935 2199 1056 2229 titores
1074 2197 1238 2239 imprimis
1259 2197 1356 2237 regni
1381 2207 1516 2237 semper
1537 2198 1636 2228 alteri

936 2248 1102 2289 diffidere,
1117 2253 1153 2280 et
1181 2248 1306 2287 vereri,
1331 2258 1374 2279 ne
1401 2249 1486 2279 alter
1514 2250 1523 2266 ‘
1539 2258 1633 2289 spem

937 2300 1032 2331 vultu
1047 2300 1194 2338 simulet,
1214 2304 1350 2339 premat
1371 2299 1441 2329 alto
1457 2299 1560 2330 corde
1577 2299 1636 2330 do-

935 2351 1066 2391 lorem,'
1096 2356 1132 2382 et
1156 2351 1252 2381 malit
1276 2360 1476 2391 quacunque
1503 2351 1634 2381 ratione

936 2401 1018 2431 licet
1032 2399 1146 2431 fronte
1163 2400 1334 2431 laetissima
1352 2400 1530 2431 molestum
1548 2400 1633 2431 riva-

935 2452 1003 2483 lem
1031 2460 1198 2489 amovere,
1222 2460 1321 2491 quam
1345 2449 1478 2481 incerto
1501 2455 1636 2482 contro-

936 2501 1054 2532 versiae
1101 2501 1196 2532 exitu
1241 2509 1439 2541 suspensum
1475 2501 1633 2533 cruciari.

939 2551 1047 2582 Graev.

979 2600 1150 2635 Judicium,
1161 2598 1463 2640 850.]Vincent.111.
1475 2602 1529 2630 36.
1537 2601 1545 2617 ‘
1554 2600 1633 2632 Sine

939 2651 1075 2682 arbitris
1091 2651 1144 2681 vel
1157 2660 1186 2681 c.
1200 2649 1233 2681 f.'
1262 2650 1351 2681 Saxo
1369 2658 1422 2681 111.
1439 2660 1474 2690 p.
1488 2653 1564 2682 213.
1581 2654 1633 2684 39.

939 2702 947 2718 ‘
965 2701 1074 2741 Igitur
1096 2699 1258 2731 fraternae
1278 2701 1502 2731 contentionis
1524 2706 1634 2732 certa-

937 2760 1014 2782 men
1039 2750 1110 2781 sine
1134 2749 1271 2780 arbitris
1290 2754 1349 2780 aut
1366 2749 1537 2789 judicibus
1553 2752 1632 2783 solis

938 2802 1084 2843 partium
1099 2799 1266 2841 suffragiis
1281 2801 1488 2840 gerebatur!

979 2853 995 2893 ᾗ
1012 2855 1048 2882 ll
1076 2852 1174 2882 Tanto
1187 2851 1382 2891 moderatius,
1392 2851 1461 2891 ἔξω]
1479 2851 1566 2883 Usus
1581 2858 1633 2884 est

938 2903 1011 2935 eod.
1029 2902 1122 2945 quasi
1139 2901 1412 2943 epiphonemate,
1427 2906 1519 2934 certe
1533 2902 1633 2934 simili
