2101 3419
351 353 438 396 890

351 456 425 488 vius
449 466 515 488 non
541 457 643 498 vulgo
672 458 839 499 vulgatus,
869 459 930 491 sed
955 469 1049 492 meus

350 516 450 538 manu
471 513 631 539 exaratus
653 508 696 539 ad
721 509 804 540 illud
819 510 953 551 Virgilii
974 512 1048 542 AEn.

351 566 378 588 1.
394 559 469 589 344.
492 558 502 575 ‘
517 558 703 599 Imperium
729 560 819 592 Dido
834 561 940 602 Tyria
962 563 1048 603 regit

350 607 434 638 urbe
450 607 635 648 profecta2’
665 609 799 650 ‘Dido,'
814 611 936 652 inquit,
950 613 1046 642 ‘vero

349 657 487 688 nomine
512 659 620 690 Elissa
643 664 745 691 antea
769 660 862 692 dicta
888 666 961 692 est:
986 661 1047 693 sed

349 712 426 747 post
440 708 614 740 interitum
639 719 659 740 a
685 710 798 741 Poenis
822 711 913 742 Dido
930 711 1046 752 appel-

348 759 422 790 lata
444 758 520 799 fuit,
544 761 578 791 id
602 765 668 800 est,
690 761 817 803 virago,
839 763 970 794 Puniea
986 763 1046 793 lin-

349 817 434 849 gua:
458 810 561 850 quod,
577 820 653 841 cum
671 821 690 842 a
705 812 773 842 suis
795 811 925 843 civibus
947 822 1045 852 coge-

349 864 444 891 retur
454 860 587 891 cuidam
599 861 641 892 de
651 861 743 893 Afris
754 862 886 903 regibus
898 863 1026 893 nubere
1036 873 1045 902 ;

350 913 388 940 et
415 911 536 950 prioris
565 912 676 942 mariti
712 922 824 944 amore
853 918 1045 952 teneretur;

346 959 429 991 forti
451 970 487 990 se
510 961 620 992 animo
646 966 681 993 et
705 961 928 1002 interfecerit,
952 968 987 994 et
1010 962 1045 993 in

347 1019 468 1050 pyram
484 1010 654 1051 injecerit,
668 1022 769 1053 quam
790 1021 825 1043 se
849 1013 891 1043 ad
907 1013 1045 1053 expian-

346 1059 410 1091 dos
433 1060 553 1101 prioris
579 1062 691 1093 mariti
715 1071 828 1094 manes
853 1062 1043 1094 extruxisse

346 1108 523 1150 fingebat.'
546 1111 636 1142 Mod.

389 1161 408 1201 ᾖ
433 1163 454 1191 9
476 1161 687 1201 Septuaginta
708 1161 824 1192 duobus
847 1161 952 1202 annis]
974 1161 1043 1193 Hic

345 1211 527 1251 plurimum
552 1212 685 1243 variant
711 1216 883 1243 auctores:
906 1212 1043 1253 quidam

344 1264 423 1292 aute
434 1261 566 1302 Trojam
579 1266 714 1301 captam
728 1261 898 1292 conditam
915 1262 1044 1299 volunt,

343 1311 436 1342 inter
465 1321 547 1353 quos
572 1312 737 1343 Philistus
767 1322 822 1352 ap.
852 1311 976 1343 Euseb.
1007 1316 1044 1342 et.

344 1360 540 1401 Appianus:
565 1361 699 1403 quidam
717 1367 794 1402 post
810 1367 947 1402 captam
961 1362 1043 1393 Tro-

337 1411 422 1452 jam,
452 1416 635 1453 antequam
673 1412 782 1443 Roma
816 1412 1041 1444 conderetur:

342 1470 453 1503 neque
469 1462 502 1492 hi
518 1462 552 1493 in
569 1472 707 1493 numero
724 1472 886 1493 annorum
903 1472 1042 1494 consen-

343 1512 443 1544 tiunt.
487 1512 692 1544 Patercnlus
709 1522 732 1544 1.
754 1516 786 1544 6.
808 1515 840 1544 4.
862 1522 966 1544 annos
989 1516 1043 1545 65.

344 1567 424 1594 ante
440 1563 602 1595 Romam:
627 1563 714 1595 Livii
730 1564 824 1604 Epit.
839 1564 898 1595 lib.
914 1573 959 1596 m.
985 1575 1043 1596 an-

342 1622 402 1644 nos
417 1615 492 1644 700.
510 1614 646 1645 stetisse
660 1613 897 1654 Carthaginem
916 1613 1039 1646 refert:

341 1663 931 1696 eversaautemestannoUrbis607.
956 1665 1042 1696 Fue-

342 1720 396 1746 rat
411 1724 493 1755 ergo
510 1719 590 1746 ante
606 1715 724 1746 urbem
748 1714 919 1746 conditam
938 1725 1042 1747 annos

341 1768 395 1797 93.
410 1765 545 1797 Solinus
554 1775 628 1806 cap.
638 1768 690 1797 30.
701 1775 806 1796 annos
814 1768 887 1797 737.
898 1766 1041 1797 velutin

341 1816 450 1847 veteri
467 1816 541 1847 cod.
561 1816 679 1847 Vineti
702 1816 824 1856 legitur
839 1819 914 1848 677.
937 1817 1041 1847 Euse-

340 1865 415 1897 bius
437 1866 570 1898 venisse
591 1866 626 1897 in
649 1871 858 1906 potestatem
875 1867 1040 1898 Romano-

340 1925 413 1948 rum
426 1925 511 1947 anno
521 1926 540 1947 a
551 1909 746 1947 conditione
759 1915 809 1946 sui
820 1918 895 1947 673.
912 1916 975 1957 (ita
985 1920 1039 1947 est

340 1966 376 1997 in
387 1966 470 2005 Ms.)
480 1966 534 1997 vel
544 1970 582 1996 ut
594 1965 650 1997 alii
662 1965 831 1996 affirmant
838 1969 912 1997 748.
937 1967 1038 1997 Prior

340 2025 500 2046 numerus
517 2025 585 2046 uno
602 2024 688 2046 anno
714 2015 789 2055 plus
810 2015 924 2054 habet,
938 2025 1038 2056 quam

340 2065 516 2097 Paterculi
543 2065 639 2096 ratio.
680 2065 752 2096 Cic.
779 2074 804 2096 1.
833 2065 875 2096 de
903 2064 1039 2106 Repub-

339 2116 422 2147 lica:
445 2116 540 2147 ‘Nec
564 2119 694 2146 tantum
712 2115 884 2155 Carthago
905 2115 1038 2146 habuis-

339 2171 395 2197 set
416 2175 518 2206 opum
544 2169 725 2196 sexcentos
748 2163 820 2195 fere
836 2174 952 2203 annOS,
967 2165 1037 2195 sine

339 2215 488 2248 consiliis
507 2219 543 2246 et
566 2213 768 2255 disciplina?
812 2214 880 2245 Sed
896 2214 968 2245 haec
983 2224 1037 2245 ac·

340 2267 490 2298 curatius
507 2264 728 2305 explicabunt
743 2264 898 2295 Bochelli
912 2264 978 2295 mei
994 2264 1037 2296 ad

338 2316 462 2348 Euseb.
472 2315 770 2347 Obss.Chronicae.
783 2315 940 2354 Bongars.
953 2315 1038 2347 Con-

338 2367 497 2398 sulendus
510 2371 545 2397 et
556 2366 710 2406 Scaliger
723 2365 898 2398 Animadv.
912 2366 1036 2397 Euseb.

337 2417 381 2448 ad
396 2426 471 2448 anu.
494 2419 590 2448 1167.
612 2420 647 2446 et
670 2419 764 2448 1871.
788 2416 933 2447 maxime
954 2426 1035 2448 vero

338 2467 529 2499 canonibus
545 2466 741 2507 Isagogicis.
782 2468 865 2499 Cum
882 2467 1035 2499 Auctore

336 2523 454 2550 nostro
479 2517 636 2557 congruit
660 2517 799 2549 traditio
823 2518 962 2550 Catonis
977 2528 1033 2559 ap.

335 2569 433 2600 Serv,
448 2568 490 2599 ad
506 2568 624 2608 Virgil.
638 2567 714 2599 AEu.
726 2577 750 2600 ι.
764 2571 836 2600 271.
849 2573 884 2600 et
897 2578 945 2600 ιν.
957 2572 1033 2601 459.

336 2618 414 2650 Vid.
437 2619 575 2650 Cluver.
601 2618 693 2649 Sicil.
717 2628 750 2659 p.
765 2621 818 2650 43.
834 2617 859 2650 f.
882 2624 917 2651 et
940 2622 994 2651 46.
1009 2619 1033 2651 f.

338 2674 375 2701 et
390 2672 465 2700 485.
490 2669 589 2699 Bern.

378 2721 396 2761 ᾗ
413 2723 451 2751 11
471 2720 514 2750 Et
525 2719 636 2751 scelere
648 2729 705 2760 pro
721 2720 870 2761 remedio]
893 2721 934 2752 In
950 2722 1033 2755 Mss.

336 2771 496 2812 plusculis
513 2771 637 2811 legitur
650 2771 807 2804 scelerum.
843 2772 911 2803 Sed
923 2773 1033 2812 religio

334 2822 478 2852 scelerum
501 2821 676 2852 commode
700 2831 766 2853 nou
790 2821 926 2854 videtur
951 2823 1030 2854 dici.

337 2870 389 2901 An
407 2871 543 2912 scripsit
557 2874 585 2902 et
599 2873 710 2903 scelere
726 2875 792 2904 tam
806 2882 862 2913 pro
877 2872 1032 2907 remedio?

334 2923 446 2956 Schef.

805 365 946 397 No'rAE
979 367 1240 399 VARIORUM
1287 367 1340 399 IN

1154 463 1172 503 ξ
1203 465 1242 493 12
1278 462 1430 493 Homines
1457 465 1492 493 ut
1522 458 1676 500 victimas]
1710 458 1791 491 Vid.

1101 511 1196 544 Curt.
1214 521 1265 543 ιν.
1282 515 1312 544 3.
1329 515 1380 544 38.
1405 513 1562 551 Bongars.
1608 512 1653 542 Et
1667 510 1725 541 Sil.
1740 518 1792 539 1v.

1099 566 1173 595 767.
1219 564 1430 603 Quanquam,
1465 567 1590 602 praeter
1618 558 1794 600 Carthagi—

1098 614 1242 652 nienses,
1257 613 1318 644 hoc
1332 613 1552 643 immanitatis
1568 610 1651 642 dirae
1668 608 1796 640 sacrifi-

1097 664 1184 696 cium
1195 664 1337 704 Dionys.
1347 672 1370 694 1.
1380 665 1431 694 38.
1455 663 1570 694 Gallos
1582 661 1685 692 etiam
1695 659 1795 690 alias·

1097 724 1161 755 que
1188 718 1309 754 gentes
1336 713 1564 744 occidentales
1591 721 1650 741 sua
1672 709 1792 741 etiam-

1098 765 1175 794 dum
1197 768 1310 802 aetate,
1333 763 1394 794 sub
1416 762 1561 802 Augusti
1584 760 1791 802 principatu,

1097 815 1242 846 tenuisse
1257 815 1387 855 scribit,
1398 815 1631 845 consentiente
1647 812 1735 843 Caes.
1748 811 1790 841 B.

1097 866 1140 897 G.
1154 875 1203 897 VI.
1218 868 1269 897 16.
1283 870 1317 896 et
1333 865 1422 897 Plin.
1436 874 1523 897 xxx.
1535 867 1564 895 1.
1581 863 1639 894 fin.
1674 861 1740 893 Sed
1754 865 1791 892 et

1096 915 1137 947 de
1153 916 1336 956 majoribus
1350 916 1474 947 nostris
1488 916 1569 945 Tac.
1587 914 1631 944 G.
1644 915 1675 944 9.
1713 912 1790 944 Quo

1096 976 1176 997 vero
1203 966 1270 996 ritu
1299 965 1396 996 Poeni
1422 965 1544 996 liberos
1574 961 1790 1000 immolarint,

1095 1015 1200 1047 refert
1221 1016 1315 1047 Plut.
1340 1016 1373 1046 in
1394 1015 1452 1046 lib.
1477 1015 1520 1045 de
1543 1012 1790 1054 Superstitione

1094 1069 1147 1097 21.
1161 1071 1196 1097 et
1212 1066 1312 1097 Diod.
1328 1075 1390 1097 xx.
1407 1068 1457 1096 14.
1492 1065 1671 1096 Rationem
1686 1062 1790 1094 habet

1093 1117 1200 1147 Varro
1224 1125 1300 1147 xvr.
1324 1115 1439 1147 Divin.
1464 1115 1547 1147 Rer.
1570 1114 1699 1146 citante
1720 1113 1790 1144 Au-

1093 1172 1182 1207 gust.
1198 1176 1262 1197 vu.
1277 1169 1328 1197 19.
1343 1166 1414 1197 Civ.
1435 1167 1444 1183 ‘
1457 1165 1542 1196 Ideo
1556 1175 1576 1195 a
1591 1163 1788 1205 quibusdam

1095 1216 1191 1256 pueri
1217 1216 1365 1246 Saturno
1392 1214 1481 1246 soliti
1506 1217 1584 1244 sunt
1611 1212 1790 1253 immolari,

1093 1266 1182 1297 sicut
1198 1276 1217 1296 a
1234 1265 1360 1305 Poenis,
1382 1269 1418 1296 et
1439 1275 1458 1295 a
1473 1263 1670 1306 quibusdam
1686 1262 1789 1293 etiam

1092 1317 1250 1357 majores,
1267 1316 1355 1347 sicut
1371 1326 1390 1347 a
1403 1315 1528 1347 Gallis:
1545 1314 1624 1355 quia
1641 1313 1789 1344 omnium

1093 1366 1254 1397 seminum
1278 1366 1442 1407 optimum
1467 1368 1520 1395 est
1543 1373 1648 1404 genus
1674 1363 1789 1393 huma-

1092 1416 1195 1448 num.’
1253 1417 1414 1448 Ceterum
1443 1416 1589 1446 humana
1623 1411 1790 1445 sacrificia

1092 1467 1239 1499 facunde
1260 1470 1458 1498 exsecratur
1478 1463 1676 1497 Lactantius
1694 1471 1717 1494 Ι.
1733 1465 1788 1493 21.

1092 1518 1184 1549 Add.
1223 1518 1322 1551 Joan.
1358 1518 1507 1548 Wierum
1543 1515 1586 1546 de
1625 1514 1787 1554 Praestig.

1092 1569 1203 1599 Daem.
1216 1578 1241 1600 1.
1254 1571 1286 1599 7.
1302 1571 1337 1599 et
1350 1566 1571 1599 Freinshemii
1582 1566 1717 1597 Florum
1729 1573 1788 1596 ιιι.

1091 1621 1122 1650 4.
1136 1621 1166 1650 2.
1182 1619 1214 1650 d.
1249 1619 1348 1650 Bern-

1134 1667 1308 1709 Impuberes
1329 1667 1393 1698 aris
1416 1665 1630 1706 admovebant]
1654 1665 1787 1696 Morem

1090 1718 1179 1750 hunc
1206 1718 1303 1748 Poeni
1329 1717 1400 1748 sine
1428 1715 1531 1747 dubio
1557 1715 1651 1756 Tyro
1677 1718 1714 1746 et
1742 1724 1786 1746 ex

1090 1769 1267 1801 Phoenicia
1293 1778 1408 1800 secum
1438 1767 1638 1799 attulerunt.
1683 1766 1786 1798 Certe

1090 1820 1270 1852 Phoenices
1299 1820 1446 1859 aliasque
1479 1817 1638 1849 finitimas
1668 1820 1786 1858 gentes

1089 1881 1129 1902 ea
1145 1870 1179 1901 in
1196 1879 1231 1901 re
1249 1869 1315 1910 ipsi
1339 1877 1471 1910 quoque
1494 1866 1661 1899 Israelitae
1683 1875 1785 1898 aemu-

1089 1921 1149 1952 lati
1167 1919 1316 1951 fuerunt.
1344 1919 1447 1950 Vorst.

1132 1971 1241 2001 Etiam.
1256 1968 1401 2008 hostium]
1425 1968 1481 1999 Ita
1495 1966 1570 1998 fere
1587 1975 1690 1999 xxvr.
1705 1969 1736 1999 2.
1749 1970 1782 1998 5.

1088 2021 1187 2052 Bern.

1131 2072 1246 2102 Pacem
1274 2068 1428 2108 Deorum]
1466 2067 1613 2108 Proprie
1642 2066 1782 2099 verbum

1087 2126 1139 2153 est
1162 2120 1387 2152 Pontificale:
1414 2118 1544 2150 Nonius
1568 2118 1782 2159 propitiatio-

1087 2180 1163 2202 nem
1187 2171 1447 2210 interpretatur.
1493 2168 1549 2199 Ita
1574 2168 1646 2199 Liv.
1662 2176 1729 2198 vu.
1748 2170 1781 2199 2.

1087 2225 1118 2254 l.
1139 2222 1148 2238 ‘
1164 2221 1262 2253 Pacis
1287 2222 1399 2252 Deum
1423 2219 1647 2260 exposcendae
1670 2228 1784 2260 causa,

1087 2271 1332 2303 lectisternium
1350 2269 1438 2301 fuit!
1474 2269 1588 2300 Plaut.
1606 2268 1781 2310 Amphitr.

1088 2331 1124 2353 v.
1142 2325 1172 2353 l.
1188 2324 1240 2352 75.
1278 2324 1287 2338 ‘
1303 2320 1350 2351 Ut
1364 2319 1459 2352 Jovis
1482 2319 1642 2360 supremi,
1664 2318 1781 2351 multis

1085 2372 1216 2411 hostiis,
1245 2380 1365 2411 pacem
1400 2369 1579 2410 expetam.'
1629 2370 1689 2402 Sil.
1718 2378 1781 2401 xv.

1084 2426 1160 2454 439.
1200 2421 1426 2454 ‘Gi-amineas
1461 2429 1580 2461 pacem
1613 2419 1781 2460 Superum

1085 2472 1250 2514 poscebat
1265 2471 1307 2502 ad
1324 2470 1418 2502 aras.'
1448 2471 1546 2501 Bern.

1129 2523 1214 2554 cm».
1231 2530 1294 2552 vu.
1320 2522 1337 2561 ς
1354 2523 1369 2551 1
1387 2520 1551 2560 Adversis]
1573 2520 1698 2551 Melius
1714 2521 1782 2561 pri-

1084 2582 1147 2604 mae
1158 2571 1370 2603 edd.aversis.
1391 2570 1514 2610 Virgil.
1533 2571 1542 2586 ‘
1553 2570 1680 2601 Aversa
1692 2571 1778 2602 Deae

1084 2622 1202 2655 mens!
1246 2622 1332 2654 Inde
1349 2622 1358 2639 ‘
1372 2621 1521 2652 aversari
1537 2620 1692 2662 facinus‚'
1712 2623 1777 2653 &c.

1083 2672 1162 2704 Fab.

1126 2723 1194 2755 Diu
1206 2720 1363 2761 feliciter]
1385 2721 1464 2752 Duo
1488 2720 1572 2752 Mss.
1588 2724 1623 2752 et
1637 2721 1780 2762 vulgati,

1083 2778 1119 2805 et
1142 2774 1243 2806 Oros.
1264 2782 1312 2804 ιν.
1335 2775 1366 2803 6.
1391 2771 1578 2809 infeliciter:
1601 2771 1689 2813 quod
1711 2781 1777 2804 non

1083 2824 1208 2865 probo:
1233 2823 1386 2864 sequitur
1409 2822 1498 2853 enim
1531 2823 1540 2839 ‘
1554 2822 1678 2853 Sicilia!
1700 2832 1777 2863 par-

1082 2880 1149 2906 tem
1164 2872 1383 2906 domuerant.’
1403 2873 1558 2912 Bongars.
1581 2872 1677 2904 Facit
1691 2883 1776 2914 prae-

1081 2925 1178 2967 cipue
1203 2933 1346 2966 sequens
1369 2932 1458 2955 num.
1474 2926 1505 2954 7.
1530 2926 1564 2954 et
1589 2925 1638 2954 13.
1661 2923 1718 2955 ubi
1733 2923 1776 2955 de
