2101 3419
542 382 739 413 Jus‘rmt
774 381 866 411 [ΑΒ.
901 381 1005 411 xm.
1037 379 1142 410 cAP.
1174 369 1214 410 2.

180 487 296 510 mensa
319 475 535 518 camporum'
561 475 693 507 Auctor
716 476 817 515 dixit,
838 479 878 507 ut

182 530 257 562 Cic.
272 538 313 560 ιι.
329 529 371 559 de
388 529 432 559 N.
452 528 495 558 D.
513 530 566 558 39.
588 527 596 543 ‘
622 526 875 557 Itnmensitates

180 589 374 620 camporum
388 577 408 609 :’
443 581 477 608 et
495 579 545 608 64.
568 576 577 592 ‘
594 575 767 606 Immensa
788 585 878 606 cam·

182 629 325 671 porum.’
349 629 448 659 Gran.

223 680 335 711 Ardua
351 676 513 716 montium]
529 677 607 707 Tac.
623 685 672 707 Χῐ.
687 679 719 707 9.
742 675 751 693 ‘
770 674 877 706 ardua

182 727 437 760 castellorum?
469 733 504 758 et
520 727 618 757 Varr.
639 735 680 756 11.
706 725 749 755 de
773 725 813 755 R.
836 725 875 755 R.

179 780 189 796 ‘
204 780 368 810 montium
385 776 588 807 arduitatem
600 775 608 788 '
625 774 723 805 dixit.
748 775 846 805 Idem.

223 830 240 869 ξ
258 831 297 859 12
320 825 610 867 Pleraquefinium]
626 824 877 865 Vocemfim'um

179 879 374 921 glossatoris
393 883 475 918 puto
493 887 580 916 esse,
597 882 739 908 tractam
752 877 816 906 huc
833 886 876 906 ex

178 928 422 969 superioribus,
442 928 451 944 ‘
468 928 568 958 Fines
594 926 740 958 deinde.’
771 926 875 965 Schef.

181 978 252 1009 Nix
267 977 396 1008 uncinis
412 977 556 1007 includit
573 977 635 1007 Ed.
655 977 760 1016 Bong.

224 1028 312 1059 CAP.
328 1036 370 1058 η.
399 1028 416 1067 ξ
440 1030 456 1058 1
491 1027 679 1058 Administr.
694 1027 762 1067 lym]
783 1026 877 1057 Saxo

180 1087 257 1110 xlv.
275 1088 308 1119 p.
329 1081 405 1109 260.
427 1080 481 1108 41.
503 1079 512 1094 ‘
530 1077 631 1109 Adm.
658 1076 780 1108 deinde
803 1086 879 1117 pro-

178 1129 297 1160 vineiae
314 1128 374 1159 sub
389 1127 514 1158 nostris
530 1137 602 1168 reg.
619 1137 694 1158 esse
711 1125 838 1167 coepit!

227 1179 411 1219 Papularum
436 1179 508 1208 ordo
534 1177 594 1217 est]
617 1178 725 1208 Scrib.
746 1177 878 1217 optima-

181 1231 248 1259 tum
259 1238 286 1261 ο.
297 1232 354 1259 est.
379 1237 403 1258 1.
417 1231 449 1259 9.
466 1229 476 1245 ‘
494 1227 640 1259 Ostanes
656 1227 878 1268 optimatibus

181 1278 365 1309 Persarum
389 1287 460 1309 rein
489 1277 648 1309 indicat:'
670 1282 705 1308 et
729 1286 819 1308 XL11.
845 1281 876 1308 5.

181 1327 224 1358 de
242 1328 432 1359 Phrahate:
456 1327 465 1344 ‘
484 1328 568 1358 Cum
585 1326 727 1358 infestos
741 1327 804 1358 sibi
821 1337 879 1367 op·

181 1377 316 1408 timates
333 1383 475 1418 propter
490 1377 624 1408 assidua
641 1378 772 1408 scelera
786 1377 878 1408 vide·

181 1426 260 1457 ret.'
289 1427 366 1457 Vid.
382 1426 494 1458 Strab.
511 1435 563 1458 xt.
587 1436 620 1467 p.
642 1429 717 1457 515.
743 1426 878 1457 Gronov.

182 1475 269 1506 Mihi
284 1476 366 1506 nihil
382 1475 521 1514 certius,
536 1485 635 1516 quam
651 1484 769 1506 vocem
784 1485 878 1515 popu-

181 1527 279 1557 lorum
309 1535 385 1556 esse
415 1525 582 1557 vitiosam.
636 1525 762 1557 Quales
788 1526 878 1556 enim

180 1575 230 1607 illi
247 1575 375 1615 populi,
397 1578 431 1606 et
447 1574 520 1615 quis
537 1584 681 1616 unquam
703 1574 713 1591 ‘
729 1575 876 1606 ordinis'

182 1625 383 1656 vocabulum
391 1625 569 1665 usurpavit
578 1625 619 1656 de
631 1625 774 1665 populo?
789 1625 879 1658 Quid

181 1685 263 1706 vero
279 1674 441 1706 substitui
463 1685 523 1715 pro
548 1685 587 1706 eo
612 1675 747 1714 debeat,
764 1676 797 1706 in
812 1676 878 1708 hoc

182 1724 323 1756 defectu
346 1725 492 1755 liistoriae
519 1725 707 1763 Parthicae,
731 1725 877 1756 nondum

182 1775 279 1815 potui
307 1774 434 1805 videre.
480 1775 556 1805 Nisi
580 1775 763 1816 optimatum
783 1775 879 1816 velis,

182 1834 224 1856 ex
242 1833 330 1856 xml.
344 1827 376 1855 5.
393 1827 424 1855 2.
448 1824 552 1863 Schef.

225 1876 242 1915 ς
259 1878 278 1905 3
298 1875 341 1905 Et
354 1875 507 1915 utrisque]
530 1876 567 1908 F.
586 1885 625 1906 ex
639 1879 703 1907 uir.
726 1876 877 1908 Freinsh.

181 1924 321 1955 Mallem
335 1925 499 1965 utrimque.
522 1925 629 1956 Gron.

224 1975 270 2005 Et
294 1975 430 2015 utrisque
455 1975 586 2015 mixtus]
618 1975 674 2006 Ita
703 1976 814 2017 Bong.
841 1980 877 2008 et

181 2030 258 2065 post
282 2034 357 2055 eum
385 2024 440 2055 alii
470 2024 620 2056 edidere.
656 2026 739 2066 Maj.
769 2031 806 2057 et
831 2026 878 2057 Si-

180 2074 296 2106 chard.
320 2073 501 2105 ediderant
526 2078 556 2105 et
579 2085 618 2105 ex
644 2078 783 2116 utroque.
828 2075 878 2107 At

180 2125 324 2155 Bechar.
338 2124 516 2164 utriusque.-
532 2125 619 2165 quod
633 2124 675 2155 ad
687 2124 724 2155 τὸ
739 2126 878 2166 utrisque

180 2174 317 2214 propius
344 2174 490 2205 accedit.
535 2175 607 2214 Ego
628 2184 702 2206 cum
721 2176 876 2208 Freinsh.

177 2223 312 2264 legend.
330 2228 411 2264 puto
426 2234 466 2254 ex
480 2225 628 2265 utrisque.
657 2227 772 2257 Solent
788 2228 877 2258 enim

180 2273 190 2289 ‘
207 2272 356 2313 utrique'
375 2273 494 2312 plurali
516 2283 654 2304 numero
670 2275 784 2305 dicere
802 2285 876 2316 pro,

181 2326 335 2363 uterque.
387 2323 544 2362 Exempli
574 2323 683 2363 gratia
711 2324 721 2340 ‘
743 2325 877 2366 utrique

181 2371 354 2412 Dionysii'
392 2381 468 2411 pro,
502 2377 646 2413 uterque
680 2373 876 2415 Dionysius.

181 2420 260 2451 Vid.
290 2420 368 2451 Ind.
396 2421 430 2450 iu
461 2421 551 2461 Nep.
589 2423 687 2453 Vorst.
743 2425 878 2464 Legunt

183 2470 239 2501 alii
254 2480 294 2501 ex
308 2470 455 2510 utrisque.
500 2471 755 2512 Putojunxisse
771 2474 878 2505 Justi-

182 2530 273 2561 niun,
309 2526 343 2552 et
381 2521 556 2562 scripsisse
593 2526 624 2554 et
653 2533 693 2553 ex
728 2524 877 2565 utrisque.

182 2571 298 2603 Schef.

226 2622 243 2661 ξ
265 2623 285 2651 4
314 2621 412 2652 Vestis
426 2621 509 2661 olim,
528 2621 594 2661 mn]
617 2621 771 2654 Julianus
789 2623 804 2654 ὁ
820 2636 877 2654 πα-

181 2670 328 2711 ραβάτης,
356 2671 389 2701 in
420 2672 584 2703 Oratione
612 2672 654 2703 de
685 2673 879 2704 Constantii

182 2722 315 2752 Gestis:
338 2720 529 2760 Διασώζουσι
543 2721 593 2752 καὶ
609 2722 827 2760 ἀπομιμοῦνται
837 2723 878 2755 τὰ

182 2770 327 2810 Περσικὰ,
342 2770 396 2801 οὐκ
410 2770 571 2811 ἀξιοῦντες,
595 2772 659 2810 ἐμοὶ
681 2774 773 2813 δοκεῖ,
795 2778 877 2814 Παρ-

182 2821 278 2850 θυαῖοι
303 2818 482 2859 νομίζεσθαι,
505 2820 616 2861 Πέρσαι
640 2821 672 2852 δὲ
694 2822 768 2854 εἶναι
783 2834 876 2864 προσ-

182 2868 363 2909 ποιούμενοι,
383 2869 482 2901 ταῦτά
496 2883 543 2902 τοι
564 2872 616 2902 καὶ
635 2875 735 2915 στολῇ
755 2876 878 2916 Μηδικῇ

182 2919 330 2960 χαίρουσι.
373 2920 498 2951 Statim
525 2927 602 2962 post
628 2933 683 2965 ap.
706 2925 798 2957 Just.
823 2934 876 2957 se-

1518 365 1631 406 1013

929 474 1064 515 quitur:
1088 473 1097 490 ‘
1121 472 1302 504 Armorum
1327 471 1460 512 patrius
1485 481 1524 502 ac
1548 470 1631 510 Scy-

930 524 1041 554 thicus
1071 522 1167 553 mos?
1235 521 1335 554 Quod
1365 521 1391 552 f.
1422 520 1529 560 Trogi
1559 529 1633 550 aevo

929 584 1044 604 verum
1060 572 1136 611 fuit,
1149 572 1207 603 sed
1219 573 1345 604 Juliani
1362 581 1427 602 non
1444 571 1536 602 item'.
1570 569 1632 600 Ait

928 624 1017 655 enim
1034 624 1104 661 ille,
1118 622 1207 663 quod
1226 622 1344 653 Parthi
1361 622 1391 652 ἐς
1403 620 1509 660 μάχας
1524 619 1634 661 ἔρχον-

926 685 991 712 ται,
1005 673 1101 711 ὅμοιοι
1116 671 1240 710 Μήδοις,
1252 671 1359 702 ὅπλοις
1372 683 1409 702 τε
1423 669 1632 709 ἀγαλλόμενοι

926 723 1087 762 τοιούτοις,
1108 722 1159 754 καὶ
1185 721 1338 760 ἐσθήμασι
1356 720 1556 760 ἐπιχρύσοις,
1581 718 1632 749 καὶ

928 772 1102 814 ἁλουργέσι.
1130 773 1218 804 Voss.
1264 772 1357 803 Hinc
1375 771 1522 811 Apuleio
1538 770 1632 800 Flor.

927 828 955 856 5.
975 824 1135 855 dicuntur
1150 823 1159 840 ‘
1173 821 1255 853 fluxi
1271 822 1415 852 vestium
1432 818 1631 851 Arsacidae.'

926 874 936 891 ‘
953 874 1184 914 Posteaquam
1200 881 1373 903 accessere
1389 869 1496 910 opes,'
1511 879 1558 901 sc.
1574 869 1629 908 iis,

928 923 1018 965 quod
1031 924 1207 963 eleganter
1217 921 1424 961 subintelligi
1439 921 1537 952 solet.
1551 919 1632 951 Vid.

929 975 1039 1006 Avum
1058 975 1100 1005 ad
1118 975 1192 1005 Liv.
1210 981 1375 1004 xxxvm.
1391 975 1443 1003 17.

973 1025 1104 1065 Fluida]
1125 1024 1211 1055 Tac.
1229 1024 1273 1055 G.
1291 1026 1344 1054 17.
1360 1023 1369 1039 ⁴
1387 1022 1496 1053 Veste
1512 1020 1634 1051 distin-

928 1081 1086 1116 guuntur,
1100 1084 1167 1105 non
1179 1073 1348 1110 fluitante,
1361 1072 1450 1103 sicut
1465 1071 1633 1102 Sarmatae

929 1136 969 1157 ac
984 1125 1114 1164 Parthi,
1127 1125 1185 1155 sed
1203 1122 1348 1155 stricta!
1372 1121 1560 1153 Herodian.
1578 1129 1632 1151 tv.

928 1179 981 1207 20.
997 1176 1038 1206 de
1055 1174 1193 1206 Parthis
1210 1172 1374 1204 Antonini
1398 1171 1475 1201 dolo
1492 1179 1633 1210 oppres-

929 1226 994 1256 sis:
1018 1228 1027 1242 ‘
1046 1225 1120 1256 Nec
1133 1223 1279 1255 evadere
1293 1221 1375 1261 fuga
1391 1224 1562 1261 poterant,
1576 1219 1634 1249 im-

929 1276 1089 1316 pediente
1102 1283 1237 1305 cursum
1253 1271 1343 1303 fluxa
1358 1276 1452 1302 veste
1466 1270 1507 1301 ad
1526 1270 1634 1310 pedes

928 1324 1102 1356 deducta!
1128 1325 1256 1355 Lucan.
1273 1331 1358 1353 vul.
1375 1324 1449 1352 367.
1473 1321 1482 1338 ‘
1500 1320 1576 1350 Illic
1594 1323 1632 1350 et

928 1376 1022 1406 laxas
1045 1378 1169 1412 vestes,
1194 1377 1229 1404 et
1254 1371 1344 1403 fluxa
1364 1371 1513 1402 virorum
1527 1370 1632 1400 Vela-

927 1429 1043 1456 menta
1059 1423 1176 1454 vides.'
1220 1423 1273 1453 De
1298 1421 1426 1452 vestitu
1449 1422 1632 1452 Persarum

929 1485 968 1506 ac
983 1474 1178 1513 Medorum,
1202 1472 1292 1503 unde
1312 1472 1434 1502 Parthi
1458 1481 1553 1502 suum
1575 1480 1632 1501 ac-

928 1535 1067 1565 cepere,
1090 1524 1198 1554 multa
1223 1523 1374 1553 Brisson.
1402 1522 1508 1562 Regu.
1534 1521 1631 1552 Pers.

928 1586 969 1608 11.
994 1576 1094 1606 Bern.

972 1626 989 1666 ς
1013 1629 1030 1656 5
1055 1623 1236 1663 Servorum]
1259 1622 1342 1653 Mss.
1359 1619 1550 1661 praeferunt
1564 1630 1631 1650 ser-

928 1675 1085 1706 vitiorum.
1110 1673 1210 1707 Quod
1224 1672 1344 1713 probo.
1368 1672 1424 1702 Ita
1439 1670 1527 1701 enim
1544 1679 1630 1700 sem-

929 1735 991 1767 per
1013 1726 1101 1756 solet
1129 1724 1219 1756 Just.
1247 1723 1333 1754 Voss.
1378 1722 1476 1754 Junt.
1500 1725 1536 1751 et
1560 1720 1632 1751 Ms.

926 1776 1136 1807 servitiorum.
1182 1774 1239 1805 Sic
1259 1773 1398 1813 scripsit
1412 1772 1504 1804 Just.
1531 1780 1629 1802 xx11.

927 1829 958 1858 6.
983 1827 992 1844 ‘
1008 1826 1138 1856 Eodem
1154 1824 1324 1864 congestis
1338 1823 1440 1853 etiam
1456 1819 1632 1861 servitiis:

927 1877 959 1907 h.
977 1886 1006 1908 e.
1019 1875 1138 1906 servis.
1183 1875 1240 1905 Ita
1256 1878 1291 1905 et
1306 1874 1315 1889 ‘
1332 1870 1542 1907 ministeria‚’
1566 1880 1630 1911 pro

926 1926 1101 1966 ministris,
1114 1925 1198 1956 Tac.
1216 1932 1299 1955 xut-
1324 1923 1453 1963 Opera,
1466 1931 1527 1962 pro
1545 1929 1629 1961 ope-

926 1976 1040 2014 rariis,
1058 1975 1180 2006 Horat.
1203 1974 1212 1991 ‘
1232 1972 1389 2004 Accedas
1416 1981 1522 2011 opera
1546 1980 1629 2011 agro

926 2036 1014 2057 nona
1029 2023 1178 2056 Sabino!
1194 2024 1203 2040 ‘
1216 2021 1429 2060 Famulatio,'
1446 2030 1507 2062 pro
1524 2019 1631 2050 faniu-

926 2077 977 2112 lis,
996 2076 1095 2116 Apul.
1116 2084 1166 2106 Vl.
1192 2075 1241 2104 M.
1266 2078 1302 2104 et
1319 2071 1451 2103 Graecis
1474 2069 1629 2111 θεραπεία,

927 2128 1054 2159 Matth.
1066 2135 1169 2158 ΧΧιν.
1180 2128 1232 2156 45.
1243 2134 1304 2164 pro
1319 2121 1510 2164 θεράποντες.
1532 2122 1541 2138 ⁴
1557 2121 1629 2152 Ma-

925 2176 1099 2209 trimonia’
1115 2176 1205 2208 Just.
1230 2183 1299 2205 xu.
1316 2176 1347 2204 3.
1363 2182 1424 2212 pro
1448 2170 1623 2209 uxoribus,

926 2233 962 2259 et
986 2228 1077 2258 mille
1102 2226 1196 2257 talia.
1231 2225 1339 2254 Groev.
1377 2222 1460 2253 Mss.
1486 2221 1628 2251 sert-itio-

925 2288 1014 2308 rum:
1040 2274 1217 2306 familiaris
1239 2272 1375 2305 Justino
1398 2269 1558 2312 loquendi
1576 2279 1627 2300 ra-

927 2328 986 2358 tio.
1012 2327 1054 2357 Et
1071 2324 1163 2355 docti
1179 2323 1349 2354 viderunt.
1369 2321 1480 2352 Faber.
1516 2319 1627 2350 Codd.

926 2376 1065 2418 quidam
1097 2375 1181 2404 Mss.
1213 2381 1296 2412 quos
1326 2372 1436 2410 Bong.
1465 2369 1563 2408 vidit,
1591 2373 1627 2399 et

925 2427 1022 2458 Junt.
1051 2423 1262 2455 servitiorum:
1299 2420 1334 2451 id
1366 2420 1455 2461 quod
1486 2428 1506 2450 a
1537 2419 1626 2460 stylo

925 2475 1053 2508 Justini
1068 2473 1204 2504 minime
1221 2471 1391 2501 abhorret.
1419 2470 1522 2500 Vorst.

971 2525 1120 2566 Equitare
1133 2526 1161 2554 et
1176 2520 1346 2561 sagittare]
1379 2521 1424 2550 Et
1439 2519 1502 2549 hoc
1519 2528 1560 2549 ex
1577 2518 1626 2549 in-

926 2576 1047 2607 stituto
1069 2574 1250 2604 Persarum
1271 2571 1426 2607 hausere,
1441 2569 1484 2599 de
1502 2568 1624 2609 quibus

927 2624 1057 2656 Herod.
1075 2633 1099 2654 1.
1118 2625 1190 2653 136.
1211 2623 1219 2637 ‘
1239 2620 1374 2651 Liberos
1392 2628 1481 2657 suos,
1496 2627 1515 2648 a
1531 2618 1626 2658 quin·

927 2681 963 2707 to
988 2684 1074 2706 anno
1095 2672 1298 2712 incipientes
1323 2679 1426 2710 usque
1444 2670 1483 2699 ad
1503 2669 1624 2699 vicesi-

926 2736 1029 2764 mum,
1046 2724 1154 2756 tribus
1170 2727 1301 2754 tantum
1319 2719 1512 2755 instituunt,
1528 2718 1623 2758 equi-

927 2781 1012 2814 tare,
1028 2784 1106 2805 arcu
1123 2772 1264 2812 sagittas
1281 2774 1454 2807 excutere,
1477 2778 1557 2799 vera
1572 2769 1622 2800 lo-

927 2825 1009 2868 qui!
1055 2825 1176 2862 Porro,
1200 2831 1241 2852 ne
1268 2820 1341 2860 quis
1369 2819 1411 2849 de
1432 2817 1621 2849 Latinitate

927 2874 1022 2906 verbi
1048 2874 1057 2889 ‘
1074 2870 1253 2912 sagittare'
1281 2868 1427 2902 dubitet,
1452 2867 1560 2898 utitur
1579 2876 1620 2898 eo

927 2934 1060 2967 quoque
1078 2924 1174 2955 Curt.
1190 2929 1260 2952 vn.
1276 2924 1304 2952 5.
1321 2922 1373 2952 64.
1396 2919 1494 2950 Bern.
