2101 3419
355 363 441 406 984

356 469 554 512 provenisse
568 470 646 502 olim
663 470 800 511 scimus,
815 471 863 502 ita
886 474 922 502 et
944 471 979 503 in
1001 472 1060 505 Ju-

355 523 444 562 daea,
458 526 495 554 at
509 523 756 555 vetustioribus
779 524 880 564 paulo
897 523 1060 564 tempori-

356 572 441 603 bus:
480 572 514 603 id
551 573 641 614 quod
671 584 715 605 ex
752 574 882 606 Genesi
911 575 1060 615 probare

356 623 464 663 possis
480 623 513 654 in
530 623 672 655 historia
694 624 830 665 Jacobi,
854 625 911 656 ubi
930 625 972 656 de
988 636 1060 657 mu-

357 673 494 704 neribus
515 674 558 704 ad
579 674 770 715 Josephum
797 675 974 706 mittendis
990 675 1060 715 agi-

357 727 425 755 tur.
473 723 574 755 Unde
604 729 749 765 apparet
771 728 853 756 tune
877 725 911 756 in
936 725 1061 758 Judaea

357 773 508 804 crevisse
531 772 734 814 balsamum,
756 774 790 805 in
818 774 967 815 AEgypto
994 785 1059 806 non

357 824 520 855 crevisse.
565 824 627 863 At,
650 834 751 866 quum
779 824 964 856 balsamum
993 825 1060 857 Ga-

356 873 556 905 laaditicum
581 879 790 906 memoratur
816 875 848 906 in
872 876 1059 917 Scripturis

357 925 481 964 Sacris,
516 925 582 956 hoc
611 925 801 956 meminisse
838 930 949 966 poteS,
987 936 1061 967 pro-

357 974 495 1015 phetam
511 975 617 1015 illum,
631 975 688 1016 qui
705 975 784 1006 mihi
807 975 841 1006 iu
863 975 975 1007 animo
997 981 1062 1016 est,

357 1024 474 1055 multis
503 1029 580 1065 post
608 1024 776 1057 Jacobum
805 1026 928 1057 seculis
956 1027 1061 1067 scrip-

358 1075 465 1114 sisse3
488 1079 570 1107 tune
598 1080 725 1115 autem,
752 1080 790 1107 ut
818 1076 918 1107 valde
945 1077 1062 1108 verisi-

358 1125 437 1157 mile
453 1130 519 1166 est‚
535 1126 568 1157 in
583 1126 707 1159 Judaea
722 1126 871 1167 Propria
887 1126 1064 1159 defecerat

358 1176 567 1208 Balsamum.
612 1177 668 1208 De
688 1176 720 1207 h.
743 1181 944 1217 argumento
966 1178 1064 1209 libel-

357 1228 430 1259 lum
451 1227 628 1268 egregium
652 1228 816 1268 Prosperi
841 1227 958 1268 Alpini
983 1229 1065 1270 legi-

360 1287 449 1309 mus.
481 1277 594 1310 Faber.

403 1328 444 1358 In
463 1327 512 1358 his
533 1330 654 1359 tantam
668 1328 859 1370 regionibus]
900 1329 957 1360 Ita
982 1339 1064 1361 sane

361 1381 444 1409 tunc
475 1377 592 1410 fuerit.

360 1428 504 1469 stirpem
527 1438 602 1460 eam
625 1428 659 1460 in
680 1429 865 1472 AEgyptum
890 1430 1065 1471 transisse,

361 1483 464 1520 atque
496 1479 565 1511 illic
601 1480 761 1513 crevisse.
819 1481 999 1513 Claudian.
1031 1482 1065 1513 in

362 1529 594 1569 Epithalamio
625 1530 800 1562 Palladii:
838 1531 848 1548 ‘
873 1531 1066 1563 Gemmatis

361 1579 418 1610 alii
435 1588 496 1620 per
519 1583 628 1611 totum
651 1580 800 1612 balsama
822 1584 951 1612 tectum
972 1580 1065 1612 Effu-

362 1628 445 1660 dere
462 1629 570 1670 cadis,
594 1630 679 1662 duro
700 1641 776 1672 quae
799 1632 934 1663 saucius
952 1642 1065 1673 ungue

364 1680 517 1712 Niliacus
535 1681 649 1722 pingui
665 1681 813 1714 desudat
835 1683 975 1714 vulnere
995 1693 1067 1714 cor-

362 1730 448 1762 tex.'
492 1732 720 1763 Perseverare
743 1732 847 1764 etiam
865 1732 934 1764 illic
951 1737 1066 1765 nostro

363 1791 450 1823 aevo,
464 1783 520 1824 qui
543 1783 750 1824 peregrinati
774 1787 866 1824 sunt,
887 1783 1067 1817 affirmant.

365 1832 499 1872 Lipsius
516 1833 599 1865 Not.
618 1836 670 1865 15.
687 1833 730 1864 ad
744 1834 827 1866 Tac.
845 1844 877 1866 v.
895 1835 942 1866 H.
967 1836 1066 1867 Rern.

407 1884 425 1923 ξ
457 1885 477 1914 2
504 1883 648 1915 Ducenta
667 1883 798 1924 jugera,
828 1884 950 1915 nomine
979 1895 1068 1916 arcus

362 1932 494 1972 dicitur]
529 1934 630 1973 Vulg.
652 1935 785 1965 ducenta
811 1935 911 1966 millia
930 1935 1068 1975 jugera:

363 1982 518 2013 immanis
530 1987 566 2014 et
581 1983 766 2024 sup.fi‹lem
777 1994 947 2018 numerus.
969 1986 1068 2019 Vett.

365 2032 521 2074 plerique
547 2034 678 2065 ducenta
691 2033 809 2073 jugera
831 2036 953 2066 nomine
980 2046 1070 2068 arcus

365 2083 494 2114 dicitur.
540 2083 632 2116 Quid
658 2083 685 2114 si
713 2085 863 2124 legamus
886 2086 1004 2124 viginti
1019 2087 1070 2126 ju-

364 2143 476 2173 gerum
494 2133 664 2164 Hierichus
686 2132 828 2165 dicitur?
851 2135 897 2165 Et
920 2134 953 2165 id
978 2135 1069 2168 Plin.

370 2193 436 2215 xu-
459 2187 513 2215 25.
543 2187 578 2215 et
601 2184 708 2216 Solin.
730 2187 783 2216 38.
807 2183 1010 2217 confirmat:
1034 2191 1071 2218 et

368 2233 481 2265 Strab.
500 2242 577 2265 XVI.
594 2244 628 2274 p.
646 2236 720 2265 525.
746 2237 798 2265 10.
836 2234 978 2275 Ἰερικοῦς
1003 2236 1071 2268 ἐστι

367 2283 471 2315 πεδίον
490 2283 593 2323 κύκλῳ
607 2284 824 2324 περιεχόμενον
837 2284 933 2327 ὀρεινῇ
946 2298 1006 2318 τινι
1020 2287 1072 2318 καί

368 2347 427 2366 που
448 2334 500 2365 καὶ
513 2336 706 2373 θεατροειδῶς
719 2335 793 2376 πρὸς
808 2336 883 2367 αὐτὸ
898 2337 1072 2380 κεκλιμένῃ.

368 2385 404 2416 ls
428 2390 542 2417 tamen
565 2385 712 2427 spatium
735 2386 801 2418 loci
827 2386 910 2418 facit
934 2394 1072 2421 centum

371 2435 569 2467 stadiorum.
596 2436 752 2476 Bongars.
797 2438 850 2468 Ex
881 2437 944 2469 hoc
978 2439 1073 2470 Stra-

370 2487 468 2519 bonis
501 2488 576 2519 loco
614 2489 895 2521 considerandum
941 2492 1073 2524 monuit

370 2539 636 2578 Freinshemius,
661 2549 702 2570 an
730 2539 755 2572 f.
785 2541 913 2572 Noster
938 2541 980 2572 ad
1007 2541 1073 2573 for-

371 2599 458 2620 mam
482 2589 548 2620 loci
571 2589 684 2630 potius
707 2600 807 2632 quam
830 2600 951 2623 nomen
968 2592 1073 2633 respi-

371 2640 453 2671 ciat.
494 2640 677 2671 Theatrum
699 2641 789 2672 enim
819 2651 895 2672 cum
922 2652 1003 2674 arcu
1031 2643 1074 2674 si-

372 2690 596 2722 militudinem
631 2692 800 2733 quandam
834 2693 948 2726 habet.
1006 2695 1074 2727 Sed

373 2742 484 2781 potius
500 2746 552 2772 est
566 2746 604 2772 ut
619 2743 817 2774 Salmasium
834 2744 1020 2784 audiamus,
1041 2745 1074 2776 in

375 2792 497 2823 Exere.
523 2792 564 2822 ad
587 2793 693 2824 Solin.
716 2803 748 2834 p.
764 2796 839 2825 583.
861 2803 891 2825 c.
910 2797 939 2826 1.
965 2795 1074 2826 locum

374 2841 406 2872 Ιι.
424 2841 472 2872 ita
489 2842 748 2874 restituentem:
772 2842 920 2883 Spatium
941 2844 998 2875 loci
1020 2846 1077 2876 ‹Iu-

374 2895 494 2922 centum
507 2891 656 2930 jugerum
674 2892 800 2923 Jericus
813 2894 940 2925 dicitur.
986 2895 1076 2927 Nam

375 2941 463 2984 quod
481 2942 670 2982 Bongarsio
688 2951 730 2974 ex
748 2943 838 2975 Plin.
856 2953 922 2977 xn.
943 2947 996 2976 25.
1022 2955 1075 2986 pr.

649 1378 777 1410 Postea
806 1388 875 1410 non
913 1379 1065 1420 dubium,
1079 1412 1084 1416 ,

816 377 955 407 NOTAE
990 377 1259 409 VARIORUM
1293 379 1346 410 IN

1109 472 1217 504 visum
1233 477 1286 505 est
1301 472 1586 514 vigintijugerum‚
1600 472 1633 505 id
1651 473 1693 505 ad
1709 483 1812 507 unum

1110 527 1243 555 tantum
1282 525 1518 564 balsameum,
1553 529 1686 566 partem
1715 526 1814 558 vallis

1110 583 1176 605 non
1192 584 1359 615 magnam,
1382 585 1402 606 a
1423 575 1536 606 Plinio
1560 575 1720 607 refertur.
1764 575 1816 608 At

1110 623 1255 655 Auctori
1271 629 1387 656 nostro
1412 624 1454 655 de
1481 625 1586 656 totius
1607 625 1706 656 vallis
1727 625 1816 657 Jeri-

1111 673 1221 704 cuntis
1246 673 1460 714 longitudine
1487 683 1597 705 sermo
1627 679 1690 714 est,
1714 684 1813 715 quam

1110 732 1176 754 non
1194 724 1268 764 plus
1283 723 1385 764 spatii
1409 724 1563 755 habuisse
1580 734 1677 766 quam
1694 724 1816 765 viginti

1106 774 1277 815 jugerum,
1289 784 1354 806 nou
1366 779 1418 806 est
1434 775 1611 807 credibile.
1628 776 1814 808 Berueccer.

1110 824 1132 856 J
1137 830 1208 857 unt.
1225 825 1368 866 Spatium
1383 827 1442 858 loci
1455 828 1585 858 ducenta
1598 827 1816 866 milliajugera

1110 875 1232 906 nomine
1261 876 1419 916 Hyericho
1450 876 1577 908 dicitur.
1636 877 1814 907 Praeclare

1111 926 1252 957 Salmas.
1277 926 1318 957 ad
1334 927 1439 958 Solin.
1468 926 1613 967 Spatium
1630 926 1688 957 loci
1703 927 1816 957 ducen-

1111 978 1177 1006 tum
1194 976 1343 1015 jugerum
1365 977 1510 1008 Jerz‘clms
1534 977 1660 1008 dicitur.
1697 976 1815 1008 Graev.

1111 1027 1163 1056 Ex
1188 1026 1300 1058 Sti-ab.
1323 1027 1528 1067 Bongarsius
1544 1037 1606 1067 pro
1622 1036 1711 1057 arcus
1730 1027 1817 1066 legit

1113 1077 1303 1113 Hierakon
1321 1077 1412 1108 loeus
1440 1082 1492 1108 est
1514 1077 1759 1108 celeberrimus
1782 1077 1816 1108 in

1111 1127 1171 1158 lib.
1187 1128 1310 1168 Sacris,
1331 1132 1370 1158 ut
1392 1131 1427 1158 et
1450 1127 1528 1158 urbs
1550 1127 1596 1158 ibi
1612 1128 1705 1158 olim.
1748 1127 1817 1158 Sed

1114 1177 1271 1218 profecto
1287 1178 1369 1209 nihil
1385 1178 1537 1209 mutand.
1554 1182 1649 1219 puto,
1665 1179 1818 1220 quamvis

1114 1228 1217 1259 etiam
1241 1228 1274 1259 in
1300 1228 1458 1270 quibusd.
1489 1228 1595 1269 Impr.
1620 1232 1701 1259 ante
1727 1229 1818 1259 Bon-

1114 1279 1260 1320 garsium
1290 1280 1425 1320 legatur
1451 1279 1615 1311 Hiericho,
1660 1279 1819 1310 Formam

1115 1330 1205 1360 euim
1221 1330 1300 1368 loci,
1323 1339 1390 1360 non
1415 1328 1588 1370 proprium
1611 1338 1748 1368 nomen,
1768 1338 1820 1360 re-

1115 1380 1269 1420 spexisse
1283 1380 1459 1411 Justinum
1476 1379 1640 1410 credibile
1666 1383 1731 1410 est.
1775 1379 1818 1411 In

1115 1429 1191 1460 ead.
1220 1430 1392 1461 sententia
1423 1430 1574 1461 Freinsh.
1598 1429 1702 1461 fnisse
1729 1439 1820 1461 com-

1116 1481 1223 1521 perio.
1276 1481 1439 1512 Ceterum
1475 1479 1609 1512 videtur
1645 1480 1821 1520 ignorasse

1114 1531 1283 1571 Justinus,
1309 1536 1370 1562 aut
1397 1532 1539 1572 Trogus,
1565 1529 1820 1572 opobalsamum

1115 1591 1183 1614 non
1198 1591 1274 1612 esse
1291 1581 1447 1613 arborem
1464 1581 1584 1621 ipsam,
1605 1580 1665 1612 sed
1680 1590 1820 1613 succum

1115 1642 1315 1673 expressum
1331 1636 1367 1664 et
1392 1631 1574 1663 deciduum
1598 1641 1640 1662 ex
1658 1630 1821 1663 balsamo.

1120 1682 1231 1715 Faber.
1276 1682 1356 1722 Sed,
1372 1692 1448 1714 cum
1470 1682 1503 1712 in
1529 1681 1720 1722 Anglicano
1741 1691 1822 1722 quo-

1117 1742 1183 1775 que
1200 1733 1266 1764 Ma.
1281 1732 1449 1764 habeatur
1459 1732 1626 1772 Hiericho,
1639 1741 1704 1762 uon
1721 1730 1821 1762 video

1116 1793 1178 1815 cur
1202 1784 1414 1815 Salmasiana
1438 1783 1608 1814 correctio
1634 1783 1680 1814 sit
1705 1791 1822 1824 respu-

1117 1834 1219 1874 enda,
1246 1834 1437 1875 praesertim
1460 1843 1538 1865 cum
1559 1833 1669 1864 nullus
1693 1843 1712 1864 a
1739 1843 1822 1875 quo-

1118 1894 1218 1926 quam
1234 1888 1516 1916 commemoretur
1532 1884 1636 1924 locus,
1660 1883 1718 1925 qui
1741 1884 1750 1901 ‘
1769 1893 1822 1915 ar-

1119 1935 1194 1966 cus’
1211 1934 1318 1966 fuerit
1334 1935 1539 1976 appellatus.
1576 1935 1655 1967 Non
1672 1934 1760 1966 enim
1778 1933 1822 1966 de

1119 1985 1227 2018 forma
1242 1986 1308 2017 loci
1333 1986 1386 2017 liic
1413 1986 1497 2025 agit,
1520 1984 1580 2016 sed
1606 1984 1648 2016 de
1673 1985 1820 2016 nomine.

1121 2037 1267 2076 Nomine,
1282 2036 1403 2078 inquit,
1416 2045 1507 2067 arcus
1519 2036 1646 2068 dicitur.
1669 2035 1788 2066 Graev.

1163 2087 1309 2127 Spatium
1328 2086 1387 2117 loci
1408 2087 1541 2117 ducenta
1555 2086 1686 2125 jugera,
1699 2085 1823 2116 nomine

1121 2137 1295 2168 Hierichus
1318 2135 1450 2176 dicitur]
1484 2136 1652 2169 Quoniam
1674 2136 1708 2166 in
1733 2136 1823 2167 anti·

1120 2186 1294 2228 quioribus
1309 2186 1400 2227 typis
1420 2195 1518 2226 expr.
1540 2185 1642 2216 etiam
1657 2185 1754 2217 Junt.
1770 2189 1824 2217 est

1120 2237 1286 2276 Hiericho,
1309 2241 1346 2268 et
1372 2237 1406 2267 in
1432 2235 1599 2276 plerisque
1625 2235 1708 2267 Mss.
1739 2246 1823 2277 quos

1121 2287 1229 2328 Bong.
1247 2286 1344 2327 vidit,
1357 2295 1464 2317 arcus.-
1487 2285 1606 2326 quidni
1621 2285 1824 2317 Salmasium

1120 2347 1312 2380 sequamur,
1329 2342 1366 2369 et
1388 2336 1523 2377 legend.
1539 2341 1726 2368 statuamus
1743 2338 1824 2369 Hie-

1120 2389 1224 2419 richus
1254 2394 1313 2419 aut
1339 2387 1485 2419 Jericus:
1514 2392 1553 2419 ut
1583 2387 1674 2419 Plin.
1705 2392 1742 2419 et
1766 2388 1824 2420 alii

1123 2439 1324 2480 appellant?
1352 2438 1427 2470 Vor.

1167 2490 1220 2530 §3
1246 2489 1285 2519 In
1309 2498 1344 2519 ea
1367 2488 1446 2518 silva
1460 2487 1523 2528 est]
1567 2487 1679 2519 Scrib.
1710 2488 1751 2520 In
1776 2497 1824 2528 eo,

1123 2548 1248 2580 nempe
1272 2539 1396 2579 spatio.
1434 2538 1571 2569 Gronov.
1628 2538 1742 2580 Major
1764 2539 1826 2579 sic,

1124 2590 1164 2620 1η
1193 2599 1229 2620 ea
1250 2589 1328 2620 valle
1352 2588 1430 2619 silva
1459 2592 1516 2620 est.
1571 2589 1616 2620 Et
1638 2598 1719 2620 sane
1747 2590 1828 2621 valle

1125 2639 1260 2670 videtur
1286 2639 1341 2670 vix
1367 2638 1486 2669 abesse
1515 2647 1639 2679 posse;
1673 2639 1764 2680 quod
1791 2640 1826 2671 in

1124 2689 1287 2731 proximis
1301 2687 1531 2730 superioribus
1546 2688 1622 2720 ead.
1640 2698 1705 2720 non
1723 2699 1828 2730 appa-

1125 2746 1189 2772 ret.
1219 2740 1320 2771 Vorst.
1363 2739 1462 2772 Junt.
1484 2748 1615 2780 quoque
1637 2739 1677 2770 In
1698 2749 1734 2770 ea
1750 2741 1828 2771 valle

1124 2790 1201 2823 silva
1213 2793 1269 2821 est.
1292 2790 1408 2821 Graev.

1171 2839 1386 2882 Opobalsama]
1419 2840 1612 2872 Balsamum
1626 2841 1766 2883 proprie
1782 2841 1826 2874 de

1126 2891 1260 2930 arbore,
1296 2890 1551 2931 opobalsamum
1591 2901 1670 2922 vero
1707 2892 1826 2934 (quasi

1125 2940 1198 2973 ὀπὸς
1212 2941 1268 2975 τοῦ
1281 2939 1459 2982 βαλσάμου,
1480 2941 1567 2973 sicut
1591 2940 1747 2982 ὁποπάναξ
1771 2947 1827 2975 est
