2101 3419
405 339 490 380 9-18

409 446 571 483 suspecta
598 441 762 472 Romanis
790 450 829 471 ac
859 440 980 480 invisa,
1007 449 1107 480 quam

410 496 672 532 quantacunque
698 490 918 531 promtitndo.
971 489 1019 520 Ut
1049 489 1107 519 vix

409 541 566 573 dubitare
582 541 720 581 possim,
737 540 785 571 ita
807 540 980 580 scripsisse
1001 539 1107 571 Justi-

409 601 501 622 num.
535 591 672 630 Propius
687 590 880 620 maluerunt
894 589 965 629 alii,
978 588 1020 619 de
1037 588 1108 629 qui-

411 641 473 673 bus
488 641 657 672 Vorstius.
686 639 790 677 Scires.

456 693 473 732 ξ
488 694 510 722 6
526 690 659 722 Gratius
670 688 848 728 habituras]
871 688 909 720 F.
922 689 1045 727 gratius
1057 688 1110 718 ha·

411 741 558 773 biturum.
574 740 724 772 Gronov.
748 740 830 770 Mss.
842 738 968 769 habent
977 738 1112 777 gratias,

415 792 505 834 quod
535 792 662 823 rectius
696 790 845 821 videtur.
905 789 992 820 Nam
1029 787 1111 818 illud

410 842 537 882 gratius
566 841 798 881 comparative
828 843 942 879 potest
971 837 1113 877 intelligi

415 892 459 922 de
475 902 528 930 eo,
542 890 634 933 quod
649 890 757 920 minus
773 894 827 920 est
840 889 1018 928 ingratum.
1064 886 1113 917 At

413 942 478 972 hoc
504 950 570 972 non
598 939 757 971 convenit
784 937 908 969 ceteris
937 937 1008 977 huj.
1035 936 1115 975 loci,

416 996 476 1022 aut
501 989 681 1022 sententiae
706 987 882 1019 Demetrii.
928 987 1004 1017 Hoc
1031 985 1115 1016 dicit

417 1042 544 1082 potius,
559 1050 594 1071 se
611 1049 677 1070 non
701 1038 802 1069 modo
825 1037 952 1067 donare
980 1035 1028 1066 illi
1051 1035 1114 1065 hoc

419 1104 573 1135 regnum,
589 1092 648 1124 sed
665 1092 805 1131 insuper
821 1093 857 1120 et
873 1093 1026 1119 acturum
1043 1095 1116 1117 esse

418 1144 556 1185 gratias,
571 1143 598 1174 si
612 1142 646 1173 id
663 1146 819 1181 ereptum
835 1138 994 1170 Romanis
1012 1138 1117 1178 possit

419 1195 549 1226 videre.
575 1192 680 1230 Schef.

457 1247 506 1285 §8
525 1244 574 1275 Ne
585 1244 689 1275 eodem
700 1245 846 1280 tempore,
856 1238 925 1278 εγὼ]
941 1238 1022 1277 Sup.
1035 1237 1120 1268 Not.

421 1304 473 1326 vr.
504 1297 533 1325 1.
559 1296 590 1324 2.
629 1296 666 1323 et
706 1291 821 1322 Livius
858 1297 962 1320 xxix.
988 1290 1041 1318 30.
1068 1289 1121 1318 ll.

424 1345 523 1375 Bern.

467 1392 581 1424 Multis
595 1391 680 1422 bellis
690 1388 896 1429 detineretur]
920 1388 1030 1427 Magis
1047 1397 1122 1428 pro-

423 1443 501 1474 bem
524 1442 599 1473 dist.
642 1442 685 1472 In
711 1439 866 1481 quibusd.
892 1440 1048 1479 impress.
1073 1441 1122 1468 ta-

423 1503 501 1525 men
522 1494 614 1533 legas
632 1494 829 1532 gravaretur,
849 1489 938 1530 quod
962 1493 998 1520 et
1012 1488 1121 1528 ipsum

423 1554 490 1575 non
504 1543 627 1575 malum
640 1547 704 1581 est,
717 1547 751 1573 et
765 1552 783 1572 a
796 1550 897 1571 mann
910 1539 1035 1571 Justini
1049 1548 1122 1569 esse

425 1593 643 1633 crediderim,
665 1592 715 1623 ita
737 1596 775 1622 ut
797 1590 879 1621 illud
894 1590 958 1621 det.
975 1589 1018 1619 sit
1033 1589 1123 1619 illius

426 1645 603 1685 glossema.
647 1642 748 1674 Unde
772 1642 860 1673 enim
886 1645 983 1672 tanta
1000 1639 1125 1671 discre-

427 1695 546 1736 pantia
569 1693 747 1734 scripturae
770 1697 852 1723 nata
877 1691 988 1722 esset?
1012 1690 1124 1721 Faber.

427 1747 523 1779 Jnnt.
539 1755 576 1776 ne
591 1745 698 1775 multis
710 1744 798 1774 bellis
810 1743 875 1773 eod.
892 1745 916 1773 t.
929 1744 1126 1779 gravaretur.

430 1796 498 1827 Sed
514 1799 659 1837 praestat
680 1804 756 1826 cum
780 1793 890 1824 Fabro
914 1792 1126 1823 distineretur.

428 1847 484 1877 Sic
515 1850 552 1877 et
580 1845 715 1885 legend.
748 1852 853 1874 xxm.
882 1845 910 1873 1.
957 1843 965 1858 ‘
984 1842 1037 1872 Ne
1064 1849 1130 1871 uno

431 1902 586 1936 tempore
601 1894 731 1935 duplici
748 1893 839 1924 bello
864 1892 1024 1923 Romanae
1043 1891 1130 1921 vires

432 1943 695 1983 distinerentur‚’
729 1943 762 1973 h.
793 1951 822 1971 e.
849 1941 1130 1971 distraherentur.

432 1993 537 2025 Aliud
554 1997 607 2024 est
624 1993 632 2009 ‘
646 1991 814 2030 detineri‚’
831 1990 920 2021 aliud
935 1990 944 2005 ⁴
956 1988 1132 2021 distineri.’

432 2044 635 2074 Detinemur
651 2042 752 2082 longo
769 2041 856 2071 bello
873 2044 931 2070 aut
946 2038 1134 2078 obsidione,

433 2093 634 2124 distinemur
649 2091 778 2123 duobus
803 2089 999 2131 pluribusve
1026 2089 1133 2120 bellis.

436 2144 545 2174 Groev.

477 2194 566 2224 CAP.
581 2201 636 2223 111.
660 2193 676 2232 ξ
693 2194 712 2222 2
732 2190 845 2221 Omnia
860 2190 914 2220 illa
930 2188 1135 2228 leviasuisse]

434 2244 491 2274 Ita
512 2243 641 2274 habent
663 2241 817 2272 disertim
839 2240 940 2270 etiam
958 2240 1041 2271 Mss.
1058 2239 1137 2278 mei,

434 2299 472 2324 nt
489 2303 605 2324 verum
618 2292 750 2323 fatear:
768 2291 865 2322 labor
883 2295 994 2321 tamen
1012 2294 1049 2320 ut
1066 2290 1136 2320 vul-

439 2349 551 2384 gatam
576 2343 656 2374 olim
680 2342 882 2382 scripturam
906 2339 1136 2379 recipiendam

436 2395 544 2426 videri
561 2404 729 2431 censeam,
751 2394 804 2423 sed
826 2392 928 2423 omnia
954 2392 1008 2421 illa
1033 2391 1138 2421 ludum

428 2445 542 2483 faisse,
557 2450 595 2475 ut
611 2444 697 2475 dixit
709 2444 743 2474 in
757 2441 919 2474 Eunucho
933 2450 992 2471 sua
1006 2450 1046 2471 11.
1061 2443 1092 2473 3.
1107 2443 1138 2472 7.

435 2495 637 2526 Terentius:
661 2495 670 2511 ‘
687 2493 818 2524 Ludum
831 2492 1016 2532 jocumque
1033 2491 1138 2521 Dices

437 2545 539 2576 fuisse
573 2545 665 2576 illum
702 2544 858 2577 alterum,
890 2545 1004 2582 praeut
1040 2540 1138 2581 hujus

439 2596 547 2627 rabies
564 2604 641 2636 qnae
658 2593 779 2625 dabit.'
802 2593 889 2623 Mod.
935 2591 1045 2623 Nobis
1061 2591 1140 2622 lei-ia

438 2657 506 2687 prae
520 2646 648 2676 comico
661 2645 717 2675 illo
729 2644 855 2685 placet.
881 2643 1013 2674 Bermec.
1036 2642 1140 2673 Meri-

421 2702 474 2728 .to
508 2695 644 2726 Modius
682 2694 841 2735 probavit
877 2697 1029 2724 veterum
1059 2691 1137 2722 edd.

439 2746 633 2784 lectionem,
648 2754 749 2785 quain
762 2749 798 2774 ct
812 2743 908 2775 Jnnt.
923 2752 992 2783 pra‘
1006 2752 1041 2771 se
1053 2741 1137 2772 fert:

440 2795 541 2825 onznia
570 2795 624 2825 illa
655 2793 892 2831 ladamsuisse:
928 2798 963 2822 (ft
992 2791 1140 2831 pluribus

442 2844 585 2874 assernit
612 2843 807 2875 Gronovius
833 2842 916 2873 Obs.
944 2851 992 2872 tv.
1018 2844 1067 2872 10.
1096 2851 1139 2872 ex

444 2895 515 2925 Cic.
534 2894 608 2924 Liv.
627 2893 709 2924 aliis.
738 2892 844 2923 Groev.
892 2892 930 2923 ln
946 2891 1017 2923 aliis
1034 2891 1138 2933 liupr.

862 344 1003 375 NOTAE
1036 341 1300 374 VARIORUM

1336 341 1384 372 ΙΝ

1158 437 1348 478 praesertim
1370 439 1404 468 in
1427 436 1522 469 Junt.
1544 434 1670 476 legitur
1684 432 1786 465 omnia
1800 433 1856 465 illa

1157 488 1264 519 ludum
1282 487 1393 527 fuisse,
1419 497 1494 528 quae
1521 486 1640 517 veriss.
1668 485 1748 516 lect.
1779 487 1855 523 est3

1159 547 1278 579 eaque,
1300 537 1365 568 nisi
1387 537 1458 578 jam
1487 546 1506 567 a
1532 536 1683 568 Gronov.
1709 533 1858 574 probata

1159 595 1261 628 esset,
1277 587 1441 628 exemplis
1455 587 1657 618 Graecorum
1670 588 1706 615 et
1719 583 1859 615 Latino-

1160 649 1233 670 rum
1250 639 1461 679 probaretur.
1486 636 1599 668 Faber.
1655 635 1779 667 Ludum
1801 634 1859 665 ha-

1160 689 1243 720 bent
1259 688 1465 729 antiquiores
1479 686 1569 728 typis
1586 695 1684 726 expr.
1702 685 1859 726 interque

1162 743 1293 769 ceteros
1309 737 1470 770 Juntinus
1485 745 1618 777 quoque
1634 739 1723 766 teste
1740 733 1858 765 GraeV.

1161 788 1228 820 Sed
1258 788 1368 828 Bong.
1395 797 1458 828 pro
1488 796 1528 818 eo
1555 785 1733 817 substituit
1759 784 1859 816 levia.-

1163 839 1343 880 placetque
1359 838 1449 869 idem
1465 842 1501 869 et
1513 838 1746 874 Berneccer03
1769 835 1862 877 quod

1164 898 1229 919 vox
1250 889 1260 906 ‘
1275 888 1362 919 ludi'
1387 889 1421 919 in
1446 887 1571 919 talibus
1587 896 1606 918 a
1621 886 1699 918 solis
1715 885 1861 917 Cornicis

1165 942 1329 979 usurpata
1355 938 1421 978 ipsi
1450 937 1619 968 videatur.
1663 935 1787 967 Locuti
1813 938 1863 966 ta·

1166 999 1244 1020 men
1260 989 1309 1019 ita
1323 991 1356 1018 et
1369 988 1441 1019 Cic.
1453 992 1492 1018 ut
1504 996 1566 1028 pro
1578 987 1690 1018 Flacc.
1711 985 1722 1003 ‘
1734 984 1865 1018 Quibus

1163 1037 1400 1079 jusjurandum
1424 1037 1524 1077 jocus
1545 1041 1610 1075 est,
1636 1035 1864 1067 testimonium

1168 1088 1290 1120 ludus.'
1311 1087 1400 1118 Item
1413 1087 1486 1118 Liv.
1500 1094 1661 1117 xxxvm.
1691 1085 1700 1102 ‘
1714 1085 1779 1116 Nae
1791 1084 1867 1125 tibi,

1169 1139 1212 1169 P.
1229 1138 1377 1177 Corneli,
1389 1147 1463 1168 cum
1480 1146 1523 1168 ex
1536 1137 1605 1167 alto
1619 1135 1774 1167 Africam
1787 1144 1868 1166 con·

1169 1188 1332 1229 spexeris,
1346 1187 1444 1218 ludus
1460 1191 1496 1217 et
1507 1187 1609 1227 jocus
1624 1184 1727 1216 fuisse
1743 1184 1868 1225 Hispa·

1170 1239 1233 1270 niae
1247 1243 1315 1270 tuae
1328 1236 1554 1269 videbantur!
1583 1237 1628 1267 Et
1637 1235 1714 1267 Val.
1726 1235 1777 1266 M.
1790 1244 1824 1266 v.
1837 1237 1871 1265 1.

1171 1290 1181 1307 ‘
1196 1289 1270 1321 Nisi
1286 1289 1399 1319 vinum
1417 1298 1477 1319 nos
1500 1286 1693 1324 defecisset,
1711 1286 1778 1317 ista
1793 1295 1869 1328 quae

1172 1339 1235 1371 tibi
1260 1339 1368 1370 relata
1394 1342 1485 1377 sunt,
1505 1347 1577 1378 prae
1602 1337 1643 1368 iis
1667 1346 1742 1378 quae
1767 1336 1811 1368 de
1834 1340 1871 1368 te

1172 1389 1318 1421 locuturi
1334 1398 1476 1428 eramus,
1490 1388 1582 1419 lusus
1602 1397 1641 1419 ac
1664 1387 1764 1428 jocus
1789 1386 1872 1418 fuis-

1174 1440 1273 1471 sent.’
1320 1439 1411 1471 Illud
1437 1439 1528 1477 levia,
1550 1437 1641 1480 quod
1662 1438 1696 1468 in
1711 1436 1872 1479 quibusd.

1174 1490 1275 1521 codd.
1292 1489 1379 1521 Mss.
1399 1489 1526 1521 Justini
1551 1492 1615 1527 est,
1639 1487 1786 1519 habend.
1809 1496 1873 1528 pro

1174 1541 1493 1580 interpretamento,
1521 1538 1608 1580 quod
1638 1548 1680 1569 ex
1710 1547 1814 1578 marg.
1839 1538 1875 1569 in

1175 1596 1306 1622 textum
1319 1590 1503 1630 irrepserit.
1526 1589 1630 1620 Vorst.
1663 1587 1876 1620 Saresb.v11.

1175 1644 1228 1672 25.
1257 1650 1290 1681 p.
1318 1643 1393 1671 520.
1438 1640 1447 1656 ‘
1460 1639 1537 1678 Illa,
1567 1648 1641 1680 quae
1672 1638 1735 1670 tibi
1765 1637 1876 1668 relata

1177 1695 1266 1731 sunt,
1283 1700 1351 1731 prae
1368 1690 1432 1728 his,
1447 1699 1522 1730 quae
1546 1689 1752 1727 dixeramus,
1773 1687 1875 1719 ludus

1177 1751 1217 1772 ac
1229 1742 1329 1781 jocus
1345 1738 1512 1771 fuissent.'

1222 1792 1261 1822 In
1275 1791 1371 1822 Italia
1383 1789 1559 1829 concurrat]
1570 1789 1657 1820 Mss.
1673 1787 1877 1819 Italiamcon-

1177 1844 1294 1873 cursat.
1337 1841 1419 1880 Leg.
1438 1840 1564 1871 Italiam
1579 1838 1746 1870 concutiat.
1767 1837 1877 1869 Gron.

1223 1893 1239 1932 ξ
1262 1896 1282 1923 4
1308 1892 1402 1922 Feros
1423 1891 1524 1929 igitur
1550 1889 1679 1928 animos,
1692 1885 1762 1928 Sym]
1800 1886 1878 1918 Hoc

1179 1942 1220 1973 ad
1235 1942 1326 1972 iliam
1340 1945 1453 1971 notam
1470 1938 1667 1980 pertinebit,
1683 1947 1759 1978 quae
1772 1940 1825 1968 est
1835 1936 1880 1967 ad

1181 2002 1258 2032 cap.
1273 1994 1304 2022 2.
1323 1991 1462 2031 scripta.
1499 1989 1557 2020 Sic
1572 1992 1685 2019 autem
1698 1986 1788 2026 dico,
1803 1986 1880 2017 Ma-

1182 2041 1354 2073 cedoniam
1372 2049 1437 2071 nou
1454 2038 1555 2070 modo
1569 2047 1635 2068 non
1660 2036 1878 2067 remotiorem

1183 2102 1268 2130 esse,
1280 2091 1340 2122 sed
1355 2096 1387 2122 et
1405 2091 1608 2132 propiorem.
1654 2089 1779 2119 Nonne
1791 2088 1881 2128 Dyr-

1185 2142 1354 2173 rhachium
1399 2139 1611 2172 Macedonia*
1641 2138 1721 2169 urbs
1761 2142 1815 2169 est
1844 2137 1879 2169 in

1184 2196 1371 2232 conspectu
1402 2190 1539 2221 ltaliae?
1594 2189 1718 2220 Nonne
1741 2187 1883 2228 Apollo-

1184 2241 1264 2272 nia?
1308 2240 1358 2271 At
1388 2244 1532 2280 utraque
1559 2238 1638 2269 urbs
1665 2237 1800 2268 navium
1816 2237 1884 2268 Ro-

1183 2299 1358 2321 manarum
1384 2289 1544 2330 appulsus
1573 2298 1601 2319 s.
1629 2291 1748 2329 portus
1774 2291 1884 2318 erant.

1186 2341 1309 2372 Nonne
1340 2339 1385 2370 ibi
1416 2343 1451 2370 et
1479 2338 1618 2369 Aulon?
1662 2337 1789 2378 Itaque
1816 2345 1884 2368 uon

1187 2391 1369 2428 remotior;
1394 2399 1470 2420 nam
1483 2393 1519 2420 et
1531 2398 1573 2418 ex
1589 2387 1712 2428 Virgil.
1727 2391 1763 2418 et
1777 2385 1884 2417 histo·

1187 2441 1237 2472 ria
1252 2440 1361 2472 veteri
1378 2439 1478 2470 facile
1505 2438 1666 2479 conjicias
1696 2447 1765 2468 non
1791 2440 1885 2468 totas

1187 2494 1218 2523 6.
1232 2491 1330 2522 boras
1347 2490 1435 2521 illius
1462 2489 1542 2520 freti
1570 2488 1752 2529 trajectum
1768 2491 1882 2528 postu-

1189 2542 1272 2572 lare.
1334 2542 1426 2581 Ergo
1455 2540 1508 2571 hic
1539 2539 1675 2579 legend.
1702 2539 1888 2579 promptior,

1189 2592 1213 2622 i.
1229 2601 1259 2623 e.
1279 2590 1474 2630 animosior,
1487 2589 1697 2628 fortior,&c.
1721 2588 1800 2620 Fab-

1232 2643 1249 2682 ᾧ
1273 2644 1292 2672 8
1320 2641 1415 2672 Vetus
1428 2640 1632 2671 Macedonum
1646 2637 1759 2669 devicti
1773 2636 1886 2668 Orien-

1189 2692 1231 2722 tis
1239 2691 1357 2731 gloria]
1391 2690 1486 2722 Juut.
1502 2693 1537 2720 et
1558 2689 1633 2720 aliae
1650 2691 1793 2720 vetustae
1806 2686 1886 2719 edd.

1189 2745 1277 2772 vetus
1295 2741 1498 2771 Macedonum
1512 2740 1625 2778 virtus,
1642 2738 1743 2780 quod,
1762 2747 1838 2769 cum
1850 2741 1887 2768 et

1191 2790 1293 2831 Angli
1312 2791 1344 2820 in
1361 2790 1489 2830 optimo
1506 2788 1580 2820 cod.
1596 2791 1811 2829 repererunt,
1822 2795 1889 2818 me-

1190 2841 1256 2871 rito
1281 2849 1356 2870 cum
1383 2839 1448 2869 illis
1472 2839 1610 2879 recipio.
1637 2838 1744 2869 Graev.
1789 2835 1887 2868 Anti-

1191 2891 1325 2931 quiores
1341 2889 1419 2922 edd.
1436 2898 1501 2921 una
1529 2897 1610 2920 voce
1640 2887 1808 2930 pleniores
1837 2885 1886 2918 sie
