<?xml version="1.0" encoding="UTF-8"?>
<!DOCTYPE html PUBLIC "-//W3C//DTD XHTML 1.0 Transitional//EN"
    "http://www.w3.org/TR/xhtml1/DTD/xhtml1-transitional.dtd">
<html xmlns="http://www.w3.org/1999/xhtml" xml:lang="en" lang="en">
 <head>
  <title>
</title>
<meta http-equiv="Content-Type" content="text/html;charset=utf-8" />
  <meta name='ocr-system' content='tesseract 3.04.00' />
  <meta name='ocr-capabilities' content='ocr_page ocr_carea ocr_par ocr_line ocrx_word'/>
</head>
<body>
  <div class='ocr_page' id='page_1' title='image "./historiaephilipp02just/historiaephilipp02just_0261.png"; bbox 0 0 2101 3419; ppageno 0'>
   <div class='ocr_carea' id='block_1_1' title="bbox 599 329 1242 370">
    <p class='ocr_par' dir='ltr' id='par_1_1' title="bbox 599 329 1242 370">
     <span class='ocr_line' id='line_1_1' title="bbox 599 329 1242 370; baseline 0.002 -2"><span class='ocrx_word' id='word_1_1' title='bbox 599 338 793 369; x_wconf 70' lang='lat' dir='ltr'>Jusrmr</span> <span class='ocrx_word' id='word_1_2' title='bbox 828 338 920 367; x_wconf 66' lang='grc' dir='ltr'>ΜΒ.</span> <span class='ocrx_word' id='word_1_3' title='bbox 954 338 1035 367; x_wconf 76' lang='lat' dir='ltr'>xv.</span> <span class='ocrx_word' id='word_1_4' title='bbox 1066 341 1170 369; x_wconf 60' lang='lat' dir='ltr'>cm).</span> <span class='ocrx_word' id='word_1_5' title='bbox 1200 329 1242 370; x_wconf 82' lang='grc'>2.</span> 
     </span>
    </p>
   </div>
   <div class='ocr_carea' id='block_1_2' title="bbox 188 431 895 2938">
    <p class='ocr_par' dir='ltr' id='par_1_2' title="bbox 191 431 893 814">
     <span class='ocr_line' id='line_1_2' title="bbox 194 431 892 474; baseline -0.004 -9"><span class='ocrx_word' id='word_1_6' title='bbox 194 434 253 465; x_wconf 84' lang='lat' dir='ltr'>lit:</span> <span class='ocrx_word' id='word_1_7' title='bbox 282 442 424 474; x_wconf 88' lang='lat' dir='ltr'>eumque</span> <span class='ocrx_word' id='word_1_8' title='bbox 455 431 561 463; x_wconf 88' lang='lat' dir='ltr'>secuti</span> <span class='ocrx_word' id='word_1_9' title='bbox 589 435 668 462; x_wconf 89' lang='lat' dir='ltr'>sunt</span> <span class='ocrx_word' id='word_1_10' title='bbox 688 431 756 462; x_wconf 88' lang='lat' dir='ltr'>alii.</span> <span class='ocrx_word' id='word_1_11' title='bbox 802 431 892 462; x_wconf 90' lang='lat' dir='ltr'>Illud</span> 
     </span>
     <span class='ocr_line' id='line_1_3' title="bbox 191 482 892 522; baseline -0.004 -8"><span class='ocrx_word' id='word_1_12' title='bbox 191 484 200 500; x_wconf 87' lang='lat'>‘</span> <span class='ocrx_word' id='word_1_13' title='bbox 212 493 277 514; x_wconf 91' lang='lat' dir='ltr'>non</span> <span class='ocrx_word' id='word_1_14' title='bbox 289 484 393 514; x_wconf 89' lang='lat' dir='ltr'>solum</span> <span class='ocrx_word' id='word_1_15' title='bbox 403 482 411 494; x_wconf 94' lang='lat'>’</span> <span class='ocrx_word' id='word_1_16' title='bbox 425 487 621 522; x_wconf 80' lang='lat' dir='ltr'>argumento</span> <span class='ocrx_word' id='word_1_17' title='bbox 636 488 687 513; x_wconf 86' lang='lat' dir='ltr'>est</span> <span class='ocrx_word' id='word_1_18' title='bbox 700 491 765 513; x_wconf 89' lang='lat' dir='ltr'>non</span> <span class='ocrx_word' id='word_1_19' title='bbox 777 492 892 521; x_wconf 88' lang='lat' dir='ltr'>unum,</span> 
     </span>
     <span class='ocr_line' id='line_1_4' title="bbox 194 533 891 573; baseline -0.003 -8"><span class='ocrx_word' id='word_1_20' title='bbox 194 534 253 565; x_wconf 87' lang='lat' dir='ltr'>sed</span> <span class='ocrx_word' id='word_1_21' title='bbox 271 534 336 564; x_wconf 89' lang='lat' dir='ltr'>duo</span> <span class='ocrx_word' id='word_1_22' title='bbox 350 533 457 564; x_wconf 82' lang='lat' dir='ltr'>&#39;verba</span> <span class='ocrx_word' id='word_1_23' title='bbox 472 538 633 573; x_wconf 82' lang='lat' dir='ltr'>oportere</span> <span class='ocrx_word' id='word_1_24' title='bbox 649 533 755 573; x_wconf 85' lang='lat' dir='ltr'>sequi.</span> <span class='ocrx_word' id='word_1_25' title='bbox 789 533 891 564; x_wconf 85' lang='lat' dir='ltr'>Vorst.</span> 
     </span>
     <span class='ocr_line' id='line_1_5' title="bbox 194 582 892 614; baseline 0 0"><span class='ocrx_word' id='word_1_26' title='bbox 194 583 328 614; x_wconf 79' lang='lat' dir='ltr'><em>Dimisit</em></span> <span class='ocrx_word' id='word_1_27' title='bbox 345 592 408 613; x_wconf 91' lang='lat' dir='ltr'>non</span> <span class='ocrx_word' id='word_1_28' title='bbox 423 583 518 613; x_wconf 86' lang='lat' dir='ltr'>estin</span> <span class='ocrx_word' id='word_1_29' title='bbox 531 582 627 614; x_wconf 81' lang='lat' dir='ltr'>Junt.</span> <span class='ocrx_word' id='word_1_30' title='bbox 645 583 703 613; x_wconf 88' lang='lat' dir='ltr'>sed</span> <span class='ocrx_word' id='word_1_31' title='bbox 719 583 892 614; x_wconf 70' lang='lat' dir='ltr'>honoravit.</span> 
     </span>
     <span class='ocr_line' id='line_1_6' title="bbox 193 632 893 663; baseline 0 0"><span class='ocrx_word' id='word_1_32' title='bbox 193 634 320 663; x_wconf 88' lang='lat' dir='ltr'>Verum</span> <span class='ocrx_word' id='word_1_33' title='bbox 350 642 424 663; x_wconf 91' lang='lat' dir='ltr'>cum</span> <span class='ocrx_word' id='word_1_34' title='bbox 452 642 515 663; x_wconf 89' lang='lat' dir='ltr'>nec</span> <span class='ocrx_word' id='word_1_35' title='bbox 541 632 575 662; x_wconf 94' lang='lat' dir='ltr'>in</span> <span class='ocrx_word' id='word_1_36' title='bbox 601 633 666 663; x_wconf 88' lang='lat' dir='ltr'>suis</span> <span class='ocrx_word' id='word_1_37' title='bbox 690 633 893 663; x_wconf 82' lang='lat' dir='ltr'>membranis</span> 
     </span>
     <span class='ocr_line' id='line_1_7' title="bbox 193 683 892 724; baseline 0.001 -10"><span class='ocrx_word' id='word_1_38' title='bbox 193 685 302 724; x_wconf 79' lang='lat' dir='ltr'>Bong.</span> <span class='ocrx_word' id='word_1_39' title='bbox 329 694 392 715; x_wconf 91' lang='lat' dir='ltr'>nec</span> <span class='ocrx_word' id='word_1_40' title='bbox 410 683 512 724; x_wconf 77' lang='lat' dir='ltr'>Angli</span> <span class='ocrx_word' id='word_1_41' title='bbox 529 683 561 714; x_wconf 90' lang='lat' dir='ltr'>id</span> <span class='ocrx_word' id='word_1_42' title='bbox 584 685 784 715; x_wconf 85' lang='lat' dir='ltr'>vocabulum</span> <span class='ocrx_word' id='word_1_43' title='bbox 802 685 892 715; x_wconf 89' lang='lat' dir='ltr'>inve-</span> 
     </span>
     <span class='ocr_line' id='line_1_8' title="bbox 192 734 892 775; baseline 0.001 -11"><span class='ocrx_word' id='word_1_44' title='bbox 192 734 317 773; x_wconf 87' lang='lat' dir='ltr'>nerint,</span> <span class='ocrx_word' id='word_1_45' title='bbox 333 743 454 764; x_wconf 90' lang='lat' dir='ltr'>vereor</span> <span class='ocrx_word' id='word_1_46' title='bbox 468 743 510 764; x_wconf 89' lang='lat' dir='ltr'>ne</span> <span class='ocrx_word' id='word_1_47' title='bbox 527 734 570 764; x_wconf 82' lang='lat' dir='ltr'>sit</span> <span class='ocrx_word' id='word_1_48' title='bbox 588 743 717 775; x_wconf 87' lang='lat' dir='ltr'>pannus</span> <span class='ocrx_word' id='word_1_49' title='bbox 735 735 820 765; x_wconf 87' lang='lat' dir='ltr'>male</span> <span class='ocrx_word' id='word_1_50' title='bbox 835 734 892 765; x_wconf 87' lang='lat' dir='ltr'>ad-</span> 
     </span>
     <span class='ocr_line' id='line_1_9' title="bbox 194 784 437 814; baseline -0.004 0"><span class='ocrx_word' id='word_1_51' title='bbox 194 790 299 814; x_wconf 81' lang='lat' dir='ltr'>sutus.</span> <span class='ocrx_word' id='word_1_52' title='bbox 328 784 437 814; x_wconf 76' lang='lat' dir='ltr'>Graev.</span> 
     </span>
    </p>

    <p class='ocr_par' dir='ltr' id='par_1_3' title="bbox 192 833 894 973">
     <span class='ocr_line' id='line_1_10' title="bbox 236 833 894 874; baseline 0.002 -10"><span class='ocrx_word' id='word_1_53' title='bbox 236 833 403 864; x_wconf 71' lang='lat' dir='ltr'>Privatum</span> <span class='ocrx_word' id='word_1_54' title='bbox 431 843 518 864; x_wconf 85' lang='lat' dir='ltr'>omne</span> <span class='ocrx_word' id='word_1_55' title='bbox 542 834 795 874; x_wconf 75' lang='lat' dir='ltr'><strong><em>instrumentum]</em></strong></span> <span class='ocrx_word' id='word_1_56' title='bbox 831 834 894 872; x_wconf 82' lang='grc' dir='ltr'>Τὴν</span> 
     </span>
     <span class='ocr_line' id='line_1_11' title="bbox 192 883 892 924; baseline 0.004 -11"><span class='ocrx_word' id='word_1_57' title='bbox 192 883 357 920; x_wconf 81' lang='grc' dir='ltr'>βασιλικὴν</span> <span class='ocrx_word' id='word_1_58' title='bbox 379 883 564 924; x_wconf 77' lang='grc' dir='ltr'>ἀποσκευὴν,</span> <span class='ocrx_word' id='word_1_59' title='bbox 594 884 696 915; x_wconf 85' lang='lat' dir='ltr'><strong>Diod.</strong></span> <span class='ocrx_word' id='word_1_60' title='bbox 727 893 808 916; x_wconf 77' lang='lat' dir='ltr'>xix.</span> <span class='ocrx_word' id='word_1_61' title='bbox 839 888 892 917; x_wconf 88' lang='grc'>25.</span> 
     </span>
     <span class='ocr_line' id='line_1_12' title="bbox 192 934 300 973; baseline 0.009 -9"><span class='ocrx_word' id='word_1_62' title='bbox 192 934 300 973; x_wconf 83' lang='lat' dir='ltr'>Bong.</span> 
     </span>
    </p>

    <p class='ocr_par' dir='ltr' id='par_1_4' title="bbox 188 983 895 1620">
     <span class='ocr_line' id='line_1_13' title="bbox 231 983 892 1024; baseline 0.003 -10"><span class='ocrx_word' id='word_1_63' title='bbox 231 984 373 1023; x_wconf 79' lang='lat' dir='ltr'>Adjecto,</span> <span class='ocrx_word' id='word_1_64' title='bbox 385 983 455 1024; x_wconf 60' lang='lat' dir='ltr'>Sym]</span> <span class='ocrx_word' id='word_1_65' title='bbox 480 984 549 1016; x_wconf 89' lang='lat' dir='ltr'><strong>Cic.</strong></span> <span class='ocrx_word' id='word_1_66' title='bbox 570 994 603 1016; x_wconf 87' lang='lat' dir='ltr'>x.</span> <span class='ocrx_word' id='word_1_67' title='bbox 621 986 714 1015; x_wconf 86' lang='lat' dir='ltr'><strong>Fam.</strong></span> <span class='ocrx_word' id='word_1_68' title='bbox 730 987 781 1016; x_wconf 87' lang='lat'>13.</span> <span class='ocrx_word' id='word_1_69' title='bbox 807 985 816 1002; x_wconf 88' lang='lat'>‘</span> <span class='ocrx_word' id='word_1_70' title='bbox 830 985 892 1016; x_wconf 91' lang='lat' dir='ltr'>Ni-</span> 
     </span>
     <span class='ocr_line' id='line_1_14' title="bbox 192 1033 893 1077; baseline 0.004 -14"><span class='ocrx_word' id='word_1_71' title='bbox 192 1033 236 1064; x_wconf 91' lang='lat' dir='ltr'>hil</span> <span class='ocrx_word' id='word_1_72' title='bbox 250 1034 449 1074; x_wconf 72' lang='lat' dir='ltr'>praetermisi</span> <span class='ocrx_word' id='word_1_73' title='bbox 465 1035 499 1065; x_wconf 88' lang='lat' dir='ltr'>in</span> <span class='ocrx_word' id='word_1_74' title='bbox 515 1034 680 1075; x_wconf 88' lang='lat' dir='ltr'>ornando,</span> <span class='ocrx_word' id='word_1_75' title='bbox 696 1035 785 1077; x_wconf 90' lang='lat' dir='ltr'>quod</span> <span class='ocrx_word' id='word_1_76' title='bbox 804 1036 893 1076; x_wconf 85' lang='lat' dir='ltr'>posi-</span> 
     </span>
     <span class='ocr_line' id='line_1_15' title="bbox 191 1085 892 1125; baseline 0.001 -10"><span class='ocrx_word' id='word_1_77' title='bbox 191 1088 262 1115; x_wconf 89' lang='lat' dir='ltr'>tum</span> <span class='ocrx_word' id='word_1_78' title='bbox 280 1089 332 1115; x_wconf 89' lang='lat' dir='ltr'>est</span> <span class='ocrx_word' id='word_1_79' title='bbox 344 1089 403 1116; x_wconf 85' lang='lat' dir='ltr'>aut</span> <span class='ocrx_word' id='word_1_80' title='bbox 418 1085 451 1115; x_wconf 90' lang='lat' dir='ltr'>in</span> <span class='ocrx_word' id='word_1_81' title='bbox 468 1086 615 1125; x_wconf 88' lang='lat' dir='ltr'>praemiis</span> <span class='ocrx_word' id='word_1_82' title='bbox 632 1086 767 1116; x_wconf 85' lang='lat' dir='ltr'>virtutis</span> <span class='ocrx_word' id='word_1_83' title='bbox 784 1091 842 1116; x_wconf 89' lang='lat' dir='ltr'>aut</span> <span class='ocrx_word' id='word_1_84' title='bbox 859 1087 892 1117; x_wconf 90' lang='lat' dir='ltr'>in</span> 
     </span>
     <span class='ocr_line' id='line_1_16' title="bbox 189 1136 893 1177; baseline 0 -10"><span class='ocrx_word' id='word_1_85' title='bbox 189 1137 221 1167; x_wconf 90' lang='lat' dir='ltr'>h.</span> <span class='ocrx_word' id='word_1_86' title='bbox 237 1136 281 1168; x_wconf 87' lang='lat' dir='ltr'>v.&#39;</span> <span class='ocrx_word' id='word_1_87' title='bbox 304 1136 376 1167; x_wconf 93' lang='lat' dir='ltr'>Liv.</span> <span class='ocrx_word' id='word_1_88' title='bbox 390 1145 524 1168; x_wconf 81' lang='lat' dir='ltr'>xxvrn.</span> <span class='ocrx_word' id='word_1_89' title='bbox 541 1139 572 1168; x_wconf 83' lang='grc'>4.</span> <span class='ocrx_word' id='word_1_90' title='bbox 597 1137 606 1153; x_wconf 88' lang='lat'>‘</span> <span class='ocrx_word' id='word_1_91' title='bbox 621 1137 750 1177; x_wconf 85' lang='lat' dir='ltr'>Scipio,</span> <span class='ocrx_word' id='word_1_92' title='bbox 766 1138 893 1167; x_wconf 88' lang='lat' dir='ltr'>collau-</span> 
     </span>
     <span class='ocr_line' id='line_1_17' title="bbox 192 1187 891 1230; baseline -0.003 -10"><span class='ocrx_word' id='word_1_93' title='bbox 192 1188 273 1220; x_wconf 87' lang='lat' dir='ltr'>dato</span> <span class='ocrx_word' id='word_1_94' title='bbox 289 1187 396 1219; x_wconf 84' lang='lat' dir='ltr'>fratre</span> <span class='ocrx_word' id='word_1_95' title='bbox 409 1198 485 1219; x_wconf 86' lang='lat' dir='ltr'>cum</span> <span class='ocrx_word' id='word_1_96' title='bbox 500 1193 626 1230; x_wconf 80' lang='lat' dir='ltr'>quanto</span> <span class='ocrx_word' id='word_1_97' title='bbox 644 1193 780 1228; x_wconf 86' lang='lat' dir='ltr'>poterat</span> <span class='ocrx_word' id='word_1_98' title='bbox 796 1189 828 1219; x_wconf 89' lang='lat' dir='ltr'>h.</span> <span class='ocrx_word' id='word_1_99' title='bbox 845 1187 891 1219; x_wconf 93' lang='lat' dir='ltr'>v.&#39;</span> 
     </span>
     <span class='ocr_line' id='line_1_18' title="bbox 193 1239 893 1271; baseline -0.001 -1"><span class='ocrx_word' id='word_1_100' title='bbox 193 1241 257 1270; x_wconf 70' lang='grc' dir='ltr'>διε.</span> <span class='ocrx_word' id='word_1_101' title='bbox 284 1247 431 1270; x_wconf 81' lang='lat' dir='ltr'>xxxvn.</span> <span class='ocrx_word' id='word_1_102' title='bbox 452 1241 505 1271; x_wconf 83' lang='lat'>37.</span> <span class='ocrx_word' id='word_1_103' title='bbox 527 1240 535 1255; x_wconf 95' lang='lat'>‘</span> <span class='ocrx_word' id='word_1_104' title='bbox 549 1239 735 1269; x_wconf 85' lang='lat' dir='ltr'>Iliensibus</span> <span class='ocrx_word' id='word_1_105' title='bbox 752 1239 784 1269; x_wconf 90' lang='lat' dir='ltr'>in</span> <span class='ocrx_word' id='word_1_106' title='bbox 802 1239 893 1270; x_wconf 89' lang='lat' dir='ltr'>omni</span> 
     </span>
     <span class='ocr_line' id='line_1_19' title="bbox 192 1289 893 1331; baseline 0.001 -12"><span class='ocrx_word' id='word_1_107' title='bbox 192 1299 303 1321; x_wconf 88' lang='lat' dir='ltr'>rerum</span> <span class='ocrx_word' id='word_1_108' title='bbox 342 1289 587 1331; x_wconf 89' lang='lat' dir='ltr'>verborumque</span> <span class='ocrx_word' id='word_1_109' title='bbox 624 1290 752 1320; x_wconf 86' lang='lat' dir='ltr'>honore</span> <span class='ocrx_word' id='word_1_110' title='bbox 779 1289 821 1320; x_wconf 90' lang='lat' dir='ltr'>ab</span> <span class='ocrx_word' id='word_1_111' title='bbox 857 1299 893 1320; x_wconf 84' lang='lat' dir='ltr'>se</span> 
     </span>
     <span class='ocr_line' id='line_1_20' title="bbox 193 1338 894 1378; baseline 0 -8"><span class='ocrx_word' id='word_1_112' title='bbox 193 1339 351 1370; x_wconf 87' lang='lat' dir='ltr'>oriundos</span> <span class='ocrx_word' id='word_1_113' title='bbox 398 1339 568 1370; x_wconf 84' lang='lat' dir='ltr'>Romanos</span> <span class='ocrx_word' id='word_1_114' title='bbox 610 1338 894 1378; x_wconf 52' lang='lat' dir='ltr'>praeferentibus?</span> 
     </span>
     <span class='ocr_line' id='line_1_21' title="bbox 193 1389 894 1430; baseline 0 -10"><span class='ocrx_word' id='word_1_115' title='bbox 193 1390 290 1421; x_wconf 90' lang='lat' dir='ltr'>Suet.</span> <span class='ocrx_word' id='word_1_116' title='bbox 317 1389 405 1430; x_wconf 87' lang='lat' dir='ltr'>Aug.</span> <span class='ocrx_word' id='word_1_117' title='bbox 425 1392 479 1421; x_wconf 85' lang='lat'>66.</span> <span class='ocrx_word' id='word_1_118' title='bbox 502 1390 510 1406; x_wconf 95' lang='lat'>‘</span> <span class='ocrx_word' id='word_1_119' title='bbox 523 1389 716 1421; x_wconf 83' lang='lat' dir='ltr'>Amicorum</span> <span class='ocrx_word' id='word_1_120' title='bbox 735 1399 894 1429; x_wconf 86' lang='lat' dir='ltr'>suprema</span> 
     </span>
     <span class='ocr_line' id='line_1_22' title="bbox 188 1439 895 1481; baseline -0.001 -11"><span class='ocrx_word' id='word_1_121' title='bbox 188 1439 320 1479; x_wconf 89' lang='lat' dir='ltr'>judicia</span> <span class='ocrx_word' id='word_1_122' title='bbox 335 1440 561 1471; x_wconf 80' lang='lat' dir='ltr'>morosissime</span> <span class='ocrx_word' id='word_1_123' title='bbox 572 1440 768 1481; x_wconf 74' lang='lat' dir='ltr'>pensitavit,</span> <span class='ocrx_word' id='word_1_124' title='bbox 784 1448 895 1480; x_wconf 91' lang='lat' dir='ltr'>neque</span> 
     </span>
     <span class='ocr_line' id='line_1_23' title="bbox 194 1489 894 1529; baseline 0.001 -10"><span class='ocrx_word' id='word_1_125' title='bbox 194 1489 309 1520; x_wconf 89' lang='lat' dir='ltr'>dolore</span> <span class='ocrx_word' id='word_1_126' title='bbox 340 1489 562 1529; x_wconf 88' lang='lat' dir='ltr'>dissimulato,</span> <span class='ocrx_word' id='word_1_127' title='bbox 594 1490 621 1520; x_wconf 89' lang='lat' dir='ltr'>si</span> <span class='ocrx_word' id='word_1_128' title='bbox 655 1489 799 1529; x_wconf 82' lang='lat' dir='ltr'>parcius,</span> <span class='ocrx_word' id='word_1_129' title='bbox 835 1494 894 1520; x_wconf 87' lang='lat' dir='ltr'>aut</span> 
     </span>
     <span class='ocr_line' id='line_1_24' title="bbox 193 1539 892 1581; baseline 0.001 -12"><span class='ocrx_word' id='word_1_130' title='bbox 193 1540 284 1570; x_wconf 87' lang='lat' dir='ltr'>ultra</span> <span class='ocrx_word' id='word_1_131' title='bbox 316 1539 478 1570; x_wconf 85' lang='lat' dir='ltr'>honorem</span> <span class='ocrx_word' id='word_1_132' title='bbox 515 1540 692 1571; x_wconf 86' lang='lat' dir='ltr'>verborum</span> <span class='ocrx_word' id='word_1_133' title='bbox 712 1551 721 1579; x_wconf 81' lang='lat'><em>3</em></span> <span class='ocrx_word' id='word_1_134' title='bbox 757 1540 892 1581; x_wconf 87' lang='lat' dir='ltr'>neque,&#39;</span> 
     </span>
     <span class='ocr_line' id='line_1_25' title="bbox 196 1590 261 1620; baseline 0.015 -1"><span class='ocrx_word' id='word_1_135' title='bbox 196 1590 261 1620; x_wconf 68' lang='grc' dir='ltr'>διο.</span> 
     </span>
    </p>

    <p class='ocr_par' dir='ltr' id='par_1_5' title="bbox 190 1639 894 2576">
     <span class='ocr_line' id='line_1_26' title="bbox 238 1639 893 1681; baseline 0 -12"><span class='ocrx_word' id='word_1_136' title='bbox 238 1640 255 1679; x_wconf 56' lang='grc' dir='ltr'><em>ξ</em></span> <span class='ocrx_word' id='word_1_137' title='bbox 281 1641 302 1669; x_wconf 88' lang='grc'>9</span> <span class='ocrx_word' id='word_1_138' title='bbox 333 1639 474 1670; x_wconf 81' lang='lat' dir='ltr'>Proemia</span> <span class='ocrx_word' id='word_1_139' title='bbox 507 1640 720 1681; x_wconf 79' lang='lat' dir='ltr'>corripuisset]</span> <span class='ocrx_word' id='word_1_140' title='bbox 752 1639 761 1656; x_wconf 93' lang='lat'>‘</span> <span class='ocrx_word' id='word_1_141' title='bbox 784 1640 893 1671; x_wconf 91' lang='lat' dir='ltr'>Corri-</span> 
     </span>
     <span class='ocr_line' id='line_1_27' title="bbox 195 1691 894 1732; baseline 0 -10"><span class='ocrx_word' id='word_1_142' title='bbox 195 1692 293 1732; x_wconf 88' lang='lat' dir='ltr'>pere’</span> <span class='ocrx_word' id='word_1_143' title='bbox 317 1692 347 1722; x_wconf 89' lang='lat' dir='ltr'>h.</span> <span class='ocrx_word' id='word_1_144' title='bbox 366 1692 386 1722; x_wconf 94' lang='lat' dir='ltr'>l.</span> <span class='ocrx_word' id='word_1_145' title='bbox 405 1696 514 1730; x_wconf 87' lang='lat' dir='ltr'>notat,</span> <span class='ocrx_word' id='word_1_146' title='bbox 530 1692 627 1722; x_wconf 88' lang='lat' dir='ltr'>malis</span> <span class='ocrx_word' id='word_1_147' title='bbox 645 1691 775 1722; x_wconf 85' lang='lat' dir='ltr'>artibus</span> <span class='ocrx_word' id='word_1_148' title='bbox 791 1691 894 1722; x_wconf 81' lang='lat' dir='ltr'>inter-</span> 
     </span>
     <span class='ocr_line' id='line_1_28' title="bbox 195 1742 894 1782; baseline 0 -10"><span class='ocrx_word' id='word_1_149' title='bbox 195 1745 339 1773; x_wconf 77' lang='lat' dir='ltr'>vertere.</span> <span class='ocrx_word' id='word_1_150' title='bbox 351 1742 421 1773; x_wconf 88' lang='lat' dir='ltr'>Cic.</span> <span class='ocrx_word' id='word_1_151' title='bbox 433 1752 493 1782; x_wconf 84' lang='lat' dir='ltr'>pro</span> <span class='ocrx_word' id='word_1_152' title='bbox 506 1742 613 1773; x_wconf 89' lang='lat' dir='ltr'>Balbo</span> <span class='ocrx_word' id='word_1_153' title='bbox 622 1745 675 1773; x_wconf 82' lang='lat'>25.</span> <span class='ocrx_word' id='word_1_154' title='bbox 689 1743 697 1759; x_wconf 92' lang='lat'>‘</span> <span class='ocrx_word' id='word_1_155' title='bbox 709 1743 894 1773; x_wconf 85' lang='lat' dir='ltr'>Pecuniam</span> 
     </span>
     <span class='ocr_line' id='line_1_29' title="bbox 194 1792 893 1834; baseline 0 -11"><span class='ocrx_word' id='word_1_156' title='bbox 194 1793 234 1823; x_wconf 89' lang='lat' dir='ltr'>L.</span> <span class='ocrx_word' id='word_1_157' title='bbox 252 1792 411 1831; x_wconf 86' lang='lat' dir='ltr'>Cornelii,</span> <span class='ocrx_word' id='word_1_158' title='bbox 426 1802 501 1833; x_wconf 79' lang='lat' dir='ltr'>quae</span> <span class='ocrx_word' id='word_1_159' title='bbox 518 1802 626 1834; x_wconf 87' lang='lat' dir='ltr'>neque</span> <span class='ocrx_word' id='word_1_160' title='bbox 643 1792 809 1823; x_wconf 83' lang='lat' dir='ltr'>invidiosa</span> <span class='ocrx_word' id='word_1_161' title='bbox 828 1798 893 1832; x_wconf 88' lang='lat' dir='ltr'>est,</span> 
     </span>
     <span class='ocr_line' id='line_1_30' title="bbox 194 1843 894 1884; baseline 0 -11"><span class='ocrx_word' id='word_1_162' title='bbox 194 1847 240 1882; x_wconf 88' lang='lat' dir='ltr'>et,</span> <span class='ocrx_word' id='word_1_163' title='bbox 253 1847 513 1884; x_wconf 80' lang='lat' dir='ltr'>quantacunque</span> <span class='ocrx_word' id='word_1_164' title='bbox 526 1848 591 1880; x_wconf 87' lang='lat' dir='ltr'>est,</span> <span class='ocrx_word' id='word_1_165' title='bbox 602 1843 763 1883; x_wconf 68' lang='lat' dir='ltr'>ejusmodi</span> <span class='ocrx_word' id='word_1_166' title='bbox 780 1848 843 1882; x_wconf 77' lang='lat' dir='ltr'>est,</span> <span class='ocrx_word' id='word_1_167' title='bbox 856 1849 894 1873; x_wconf 90' lang='lat' dir='ltr'>ut</span> 
     </span>
     <span class='ocr_line' id='line_1_31' title="bbox 193 1892 892 1933; baseline 0 -11"><span class='ocrx_word' id='word_1_168' title='bbox 193 1897 393 1923; x_wconf 87' lang='lat' dir='ltr'>conservata</span> <span class='ocrx_word' id='word_1_169' title='bbox 409 1892 514 1931; x_wconf 83' lang='lat' dir='ltr'>magis</span> <span class='ocrx_word' id='word_1_170' title='bbox 529 1902 629 1933; x_wconf 86' lang='lat' dir='ltr'>quam</span> <span class='ocrx_word' id='word_1_171' title='bbox 646 1898 807 1932; x_wconf 76' lang='lat' dir='ltr'>correpta</span> <span class='ocrx_word' id='word_1_172' title='bbox 820 1902 892 1923; x_wconf 89' lang='lat' dir='ltr'>esse</span> 
     </span>
     <span class='ocr_line' id='line_1_32' title="bbox 193 1942 892 1983; baseline 0 -10"><span class='ocrx_word' id='word_1_173' title='bbox 193 1942 382 1974; x_wconf 72' lang='lat' dir='ltr'>videaturx’</span> <span class='ocrx_word' id='word_1_174' title='bbox 407 1946 442 1973; x_wconf 90' lang='lat' dir='ltr'>et</span> <span class='ocrx_word' id='word_1_175' title='bbox 454 1943 547 1974; x_wconf 88' lang='lat' dir='ltr'>Suet.</span> <span class='ocrx_word' id='word_1_176' title='bbox 565 1944 647 1974; x_wconf 82' lang='lat' dir='ltr'>Ner.</span> <span class='ocrx_word' id='word_1_177' title='bbox 663 1946 694 1974; x_wconf 87' lang='lat'>6.</span> <span class='ocrx_word' id='word_1_178' title='bbox 719 1945 727 1960; x_wconf 88' lang='lat'>‘</span> <span class='ocrx_word' id='word_1_179' title='bbox 745 1943 892 1983; x_wconf 87' lang='lat' dir='ltr'>Correp-</span> 
     </span>
     <span class='ocr_line' id='line_1_33' title="bbox 192 1993 893 2033; baseline 0 -10"><span class='ocrx_word' id='word_1_180' title='bbox 192 1993 236 2024; x_wconf 90' lang='lat' dir='ltr'>tis</span> <span class='ocrx_word' id='word_1_181' title='bbox 260 2002 323 2033; x_wconf 89' lang='lat' dir='ltr'>per</span> <span class='ocrx_word' id='word_1_182' title='bbox 352 1993 553 2024; x_wconf 85' lang='lat' dir='ltr'>coheredem</span> <span class='ocrx_word' id='word_1_183' title='bbox 583 1993 700 2024; x_wconf 81' lang='lat' dir='ltr'>Caium</span> <span class='ocrx_word' id='word_1_184' title='bbox 727 1993 893 2024; x_wconf 87' lang='lat' dir='ltr'>universis</span> 
     </span>
     <span class='ocr_line' id='line_1_34' title="bbox 194 2042 891 2075; baseline -0.001 -1"><span class='ocrx_word' id='word_1_185' title='bbox 194 2043 290 2074; x_wconf 89' lang='lat' dir='ltr'>bonis</span> <span class='ocrx_word' id='word_1_186' title='bbox 303 2042 323 2075; x_wconf 92' lang='lat'>:’</span> <span class='ocrx_word' id='word_1_187' title='bbox 335 2048 370 2074; x_wconf 90' lang='lat' dir='ltr'>et</span> <span class='ocrx_word' id='word_1_188' title='bbox 384 2043 513 2074; x_wconf 86' lang='lat' dir='ltr'>Domit.</span> <span class='ocrx_word' id='word_1_189' title='bbox 527 2045 578 2074; x_wconf 92' lang='grc'>12.</span> <span class='ocrx_word' id='word_1_190' title='bbox 605 2044 613 2059; x_wconf 91' lang='lat'>‘</span> <span class='ocrx_word' id='word_1_191' title='bbox 631 2043 728 2074; x_wconf 90' lang='lat' dir='ltr'>Bona</span> <span class='ocrx_word' id='word_1_192' title='bbox 742 2043 891 2073; x_wconf 81' lang='lat' dir='ltr'>vivorum</span> 
     </span>
     <span class='ocr_line' id='line_1_35' title="bbox 193 2093 892 2134; baseline -0.003 -9"><span class='ocrx_word' id='word_1_193' title='bbox 193 2099 229 2125; x_wconf 92' lang='lat' dir='ltr'>et</span> <span class='ocrx_word' id='word_1_194' title='bbox 245 2098 453 2125; x_wconf 90' lang='lat' dir='ltr'>mortuorum</span> <span class='ocrx_word' id='word_1_195' title='bbox 480 2103 719 2134; x_wconf 86' lang='lat' dir='ltr'>usquequaque</span> <span class='ocrx_word' id='word_1_196' title='bbox 740 2093 892 2134; x_wconf 85' lang='lat' dir='ltr'>quolibet</span> 
     </span>
     <span class='ocr_line' id='line_1_36' title="bbox 192 2135 892 2183; baseline -0.001 -9"><span class='ocrx_word' id='word_1_197' title='bbox 192 2148 228 2175; x_wconf 93' lang='lat' dir='ltr'>et</span> <span class='ocrx_word' id='word_1_198' title='bbox 242 2148 439 2175; x_wconf 83' lang='lat' dir='ltr'>accusatore</span> <span class='ocrx_word' id='word_1_199' title='bbox 455 2147 490 2174; x_wconf 85' lang='lat' dir='ltr'>et</span> <span class='ocrx_word' id='word_1_200' title='bbox 505 2143 645 2174; x_wconf 87' lang='lat' dir='ltr'>crimine</span> <span class='ocrx_word' id='word_1_201' title='bbox 661 2135 892 2183; x_wconf 74' lang='lat' dir='ltr'>corripieban-</span> 
     </span>
     <span class='ocr_line' id='line_1_37' title="bbox 192 2193 892 2225; baseline 0 -1"><span class='ocrx_word' id='word_1_202' title='bbox 192 2193 272 2224; x_wconf 68' lang='lat' dir='ltr'>tur!</span> <span class='ocrx_word' id='word_1_203' title='bbox 299 2194 435 2224; x_wconf 83' lang='lat' dir='ltr'>Gronov.</span> <span class='ocrx_word' id='word_1_204' title='bbox 479 2193 556 2224; x_wconf 88' lang='lat' dir='ltr'>Val.</span> <span class='ocrx_word' id='word_1_205' title='bbox 583 2194 633 2224; x_wconf 92' lang='lat' dir='ltr'>M.</span> <span class='ocrx_word' id='word_1_206' title='bbox 657 2202 707 2225; x_wconf 87' lang='lat' dir='ltr'>1x.</span> <span class='ocrx_word' id='word_1_207' title='bbox 734 2196 768 2225; x_wconf 84' lang='grc'>4.</span> <span class='ocrx_word' id='word_1_208' title='bbox 813 2194 892 2224; x_wconf 82' lang='lat' dir='ltr'>Ext.</span> 
     </span>
     <span class='ocr_line' id='line_1_38' title="bbox 190 2243 890 2283; baseline -0.003 -8"><span class='ocrx_word' id='word_1_209' title='bbox 190 2243 332 2275; x_wconf 83' lang='lat' dir='ltr'>‘Anxiis</span> <span class='ocrx_word' id='word_1_210' title='bbox 359 2243 513 2275; x_wconf 88' lang='lat' dir='ltr'>sordibus</span> <span class='ocrx_word' id='word_1_211' title='bbox 537 2253 673 2283; x_wconf 81' lang='lat' dir='ltr'>magnas</span> <span class='ocrx_word' id='word_1_212' title='bbox 690 2252 771 2283; x_wconf 88' lang='lat' dir='ltr'>opes</span> <span class='ocrx_word' id='word_1_213' title='bbox 788 2243 890 2274; x_wconf 92' lang='lat' dir='ltr'>corri-</span> 
     </span>
     <span class='ocr_line' id='line_1_39' title="bbox 192 2293 891 2335; baseline -0.003 -10"><span class='ocrx_word' id='word_1_214' title='bbox 192 2294 298 2335; x_wconf 86' lang='lat' dir='ltr'>pere.’</span> <span class='ocrx_word' id='word_1_215' title='bbox 334 2295 379 2325; x_wconf 88' lang='lat' dir='ltr'>Et</span> <span class='ocrx_word' id='word_1_216' title='bbox 395 2303 445 2325; x_wconf 87' lang='lat' dir='ltr'>1v.</span> <span class='ocrx_word' id='word_1_217' title='bbox 462 2297 494 2326; x_wconf 93' lang='grc'>8.</span> <span class='ocrx_word' id='word_1_218' title='bbox 517 2295 597 2325; x_wconf 81' lang='lat' dir='ltr'>Ext.</span> <span class='ocrx_word' id='word_1_219' title='bbox 615 2297 647 2324; x_wconf 80' lang='lat'>2.</span> <span class='ocrx_word' id='word_1_220' title='bbox 672 2295 681 2310; x_wconf 86' lang='lat'>‘</span> <span class='ocrx_word' id='word_1_221' title='bbox 695 2293 737 2324; x_wconf 89' lang='lat' dir='ltr'>In</span> <span class='ocrx_word' id='word_1_222' title='bbox 751 2302 891 2333; x_wconf 87' lang='lat' dir='ltr'>erogan-</span> 
     </span>
     <span class='ocr_line' id='line_1_40' title="bbox 192 2343 892 2385; baseline 0 -11"><span class='ocrx_word' id='word_1_223' title='bbox 192 2344 236 2375; x_wconf 89' lang='lat' dir='ltr'>da</span> <span class='ocrx_word' id='word_1_224' title='bbox 252 2344 376 2385; x_wconf 85' lang='lat' dir='ltr'>potius,</span> <span class='ocrx_word' id='word_1_225' title='bbox 398 2354 497 2385; x_wconf 90' lang='lat' dir='ltr'>quam</span> <span class='ocrx_word' id='word_1_226' title='bbox 515 2343 732 2385; x_wconf 84' lang='lat' dir='ltr'>corripienda</span> <span class='ocrx_word' id='word_1_227' title='bbox 748 2345 892 2385; x_wconf 91' lang='lat' dir='ltr'>pecunia</span> 
     </span>
     <span class='ocr_line' id='line_1_41' title="bbox 193 2394 890 2435; baseline -0.003 -9"><span class='ocrx_word' id='word_1_228' title='bbox 193 2395 402 2435; x_wconf 65' lang='lat' dir='ltr'>occupatus!</span> <span class='ocrx_word' id='word_1_229' title='bbox 445 2395 501 2426; x_wconf 87' lang='lat' dir='ltr'>Sic</span> <span class='ocrx_word' id='word_1_230' title='bbox 528 2395 616 2426; x_wconf 90' lang='lat' dir='ltr'>enim</span> <span class='ocrx_word' id='word_1_231' title='bbox 632 2394 766 2435; x_wconf 75' lang='lat' dir='ltr'>legend.</span> <span class='ocrx_word' id='word_1_232' title='bbox 784 2394 830 2425; x_wconf 89' lang='lat' dir='ltr'>ibi</span> <span class='ocrx_word' id='word_1_233' title='bbox 857 2395 890 2424; x_wconf 89' lang='lat' dir='ltr'>iu</span> 
     </span>
     <span class='ocr_line' id='line_1_42' title="bbox 194 2444 890 2484; baseline -0.001 -9"><span class='ocrx_word' id='word_1_234' title='bbox 194 2444 294 2475; x_wconf 87' lang='lat' dir='ltr'>Notis</span> <span class='ocrx_word' id='word_1_235' title='bbox 308 2444 351 2475; x_wconf 91' lang='lat' dir='ltr'>ad</span> <span class='ocrx_word' id='word_1_236' title='bbox 367 2454 442 2475; x_wconf 88' lang='lat' dir='ltr'>eum</span> <span class='ocrx_word' id='word_1_237' title='bbox 459 2445 480 2474; x_wconf 94' lang='lat' dir='ltr'>l.</span> <span class='ocrx_word' id='word_1_238' title='bbox 497 2444 683 2475; x_wconf 86' lang='lat' dir='ltr'>docuimus.</span> <span class='ocrx_word' id='word_1_239' title='bbox 715 2445 795 2475; x_wconf 79' lang='lat' dir='ltr'>Tac.</span> <span class='ocrx_word' id='word_1_240' title='bbox 810 2453 890 2484; x_wconf 92' lang='lat' dir='ltr'>quo-</span> 
     </span>
     <span class='ocr_line' id='line_1_43' title="bbox 193 2493 891 2535; baseline -0.001 -10"><span class='ocrx_word' id='word_1_241' title='bbox 193 2504 258 2535; x_wconf 89' lang='lat' dir='ltr'>que</span> <span class='ocrx_word' id='word_1_242' title='bbox 276 2503 355 2525; x_wconf 82' lang='lat' dir='ltr'>vur.</span> <span class='ocrx_word' id='word_1_243' title='bbox 378 2495 387 2510; x_wconf 93' lang='lat'>‘</span> <span class='ocrx_word' id='word_1_244' title='bbox 401 2494 575 2535; x_wconf 88' lang='lat' dir='ltr'>corripere</span> <span class='ocrx_word' id='word_1_245' title='bbox 599 2494 775 2535; x_wconf 86' lang='lat' dir='ltr'>pecunias’</span> <span class='ocrx_word' id='word_1_246' title='bbox 795 2493 891 2525; x_wconf 91' lang='lat' dir='ltr'>dicit.</span> 
     </span>
     <span class='ocr_line' id='line_1_44' title="bbox 199 2544 272 2576; baseline -0.014 0"><span class='ocrx_word' id='word_1_247' title='bbox 199 2544 272 2576; x_wconf 78' lang='lat' dir='ltr'>Vur.</span> 
     </span>
    </p>

    <p class='ocr_par' dir='ltr' id='par_1_6' title="bbox 192 2594 891 2938">
     <span class='ocr_line' id='line_1_45' title="bbox 235 2594 890 2636; baseline -0.003 -10"><span class='ocrx_word' id='word_1_248' title='bbox 235 2594 319 2626; x_wconf 84' lang='lat' dir='ltr'>CAP.</span> <span class='ocrx_word' id='word_1_249' title='bbox 347 2604 389 2626; x_wconf 86' lang='lat'>11.</span> <span class='ocrx_word' id='word_1_250' title='bbox 426 2596 443 2636; x_wconf 50' lang='grc' dir='ltr'>ᾗ</span> <span class='ocrx_word' id='word_1_251' title='bbox 468 2598 485 2626; x_wconf 88' lang='lat' dir='ltr'>l</span> <span class='ocrx_word' id='word_1_252' title='bbox 512 2595 687 2626; x_wconf 79' lang='lat' dir='ltr'>Cassander</span> <span class='ocrx_word' id='word_1_253' title='bbox 711 2594 749 2625; x_wconf 85' lang='lat' dir='ltr'>ab</span> <span class='ocrx_word' id='word_1_254' title='bbox 766 2594 890 2634; x_wconf 78' lang='lat' dir='ltr'>Apollo-</span> 
     </span>
     <span class='ocr_line' id='line_1_46' title="bbox 192 2644 891 2686; baseline 0 -12"><span class='ocrx_word' id='word_1_255' title='bbox 192 2644 260 2684; x_wconf 81' lang='lat' dir='ltr'>nia]</span> <span class='ocrx_word' id='word_1_256' title='bbox 292 2645 418 2676; x_wconf 88' lang='lat' dir='ltr'>Mirum</span> <span class='ocrx_word' id='word_1_257' title='bbox 433 2655 529 2686; x_wconf 88' lang='lat' dir='ltr'>quam</span> <span class='ocrx_word' id='word_1_258' title='bbox 545 2646 650 2676; x_wconf 84' lang='lat' dir='ltr'>multa</span> <span class='ocrx_word' id='word_1_259' title='bbox 666 2645 699 2675; x_wconf 90' lang='lat' dir='ltr'>in</span> <span class='ocrx_word' id='word_1_260' title='bbox 715 2644 747 2675; x_wconf 91' lang='lat' dir='ltr'>h.</span> <span class='ocrx_word' id='word_1_261' title='bbox 765 2644 822 2674; x_wconf 87' lang='lat' dir='ltr'>lib.</span> <span class='ocrx_word' id='word_1_262' title='bbox 837 2653 891 2674; x_wconf 92' lang='lat' dir='ltr'>ca-</span> 
     </span>
     <span class='ocr_line' id='line_1_47' title="bbox 193 2694 891 2736; baseline 0 -12"><span class='ocrx_word' id='word_1_263' title='bbox 193 2694 417 2726; x_wconf 73' lang='lat' dir='ltr'>villationibus</span> <span class='ocrx_word' id='word_1_264' title='bbox 432 2699 583 2735; x_wconf 89' lang='lat' dir='ltr'>pateant,</span> <span class='ocrx_word' id='word_1_265' title='bbox 596 2695 623 2726; x_wconf 87' lang='lat' dir='ltr'>si</span> <span class='ocrx_word' id='word_1_266' title='bbox 636 2695 710 2736; x_wconf 89' lang='lat' dir='ltr'>quis</span> <span class='ocrx_word' id='word_1_267' title='bbox 724 2694 891 2725; x_wconf 81' lang='lat' dir='ltr'>studiosus</span> 
     </span>
     <span class='ocr_line' id='line_1_48' title="bbox 193 2744 891 2785; baseline 0.003 -12"><span class='ocrx_word' id='word_1_268' title='bbox 193 2744 411 2784; x_wconf 79' lang='lat' dir='ltr'>reprehensor</span> <span class='ocrx_word' id='word_1_269' title='bbox 431 2745 579 2785; x_wconf 84' lang='lat' dir='ltr'>existat3</span> <span class='ocrx_word' id='word_1_270' title='bbox 606 2755 683 2776; x_wconf 90' lang='lat' dir='ltr'>cum</span> <span class='ocrx_word' id='word_1_271' title='bbox 708 2745 820 2785; x_wconf 88' lang='lat' dir='ltr'>paullo</span> <span class='ocrx_word' id='word_1_272' title='bbox 839 2754 891 2775; x_wconf 89' lang='lat' dir='ltr'>su-</span> 
     </span>
     <span class='ocr_line' id='line_1_49' title="bbox 194 2794 891 2836; baseline 0.001 -12"><span class='ocrx_word' id='word_1_273' title='bbox 194 2794 308 2834; x_wconf 84' lang='lat' dir='ltr'>perius</span> <span class='ocrx_word' id='word_1_274' title='bbox 330 2795 453 2836; x_wconf 84' lang='lat' dir='ltr'>praedae</span> <span class='ocrx_word' id='word_1_275' title='bbox 470 2796 672 2835; x_wconf 86' lang='lat' dir='ltr'>meminerit,</span> <span class='ocrx_word' id='word_1_276' title='bbox 688 2800 724 2827; x_wconf 90' lang='lat' dir='ltr'>et</span> <span class='ocrx_word' id='word_1_277' title='bbox 740 2795 891 2826; x_wconf 87' lang='lat' dir='ltr'>dividen-</span> 
     </span>
     <span class='ocr_line' id='line_1_50' title="bbox 194 2845 891 2886; baseline 0.003 -12"><span class='ocrx_word' id='word_1_278' title='bbox 194 2845 312 2875; x_wconf 90' lang='lat' dir='ltr'>darum</span> <span class='ocrx_word' id='word_1_279' title='bbox 344 2846 603 2886; x_wconf 86' lang='lat' dir='ltr'>provinciarum,</span> <span class='ocrx_word' id='word_1_280' title='bbox 629 2856 692 2877; x_wconf 91' lang='lat' dir='ltr'>nec</span> <span class='ocrx_word' id='word_1_281' title='bbox 722 2845 818 2877; x_wconf 85' lang='lat' dir='ltr'>addit</span> <span class='ocrx_word' id='word_1_282' title='bbox 848 2845 891 2876; x_wconf 89' lang='lat' dir='ltr'>de</span> 
     </span>
     <span class='ocr_line' id='line_1_51' title="bbox 194 2895 891 2938; baseline 0.001 -12"><span class='ocrx_word' id='word_1_283' title='bbox 194 2904 260 2936; x_wconf 89' lang='lat' dir='ltr'>qua</span> <span class='ocrx_word' id='word_1_284' title='bbox 286 2895 400 2936; x_wconf 82' lang='lat' dir='ltr'>praeda</span> <span class='ocrx_word' id='word_1_285' title='bbox 422 2896 590 2938; x_wconf 86' lang='lat' dir='ltr'>loquatur,</span> <span class='ocrx_word' id='word_1_286' title='bbox 612 2906 673 2929; x_wconf 92' lang='lat' dir='ltr'>nec</span> <span class='ocrx_word' id='word_1_287' title='bbox 701 2896 744 2928; x_wconf 89' lang='lat' dir='ltr'>de</span> <span class='ocrx_word' id='word_1_288' title='bbox 772 2895 891 2938; x_wconf 86' lang='lat' dir='ltr'>quibus</span> 
     </span>
    </p>
   </div>
   <div class='ocr_carea' id='block_1_3' title="bbox 1559 329 1644 373">
    <p class='ocr_par' dir='ltr' id='par_1_7' title="bbox 1559 329 1644 373">
     <span class='ocr_line' id='line_1_52' title="bbox 1559 329 1644 373; baseline 0.047 -4"><span class='ocrx_word' id='word_1_289' title='bbox 1559 329 1644 373; x_wconf 72' lang='lat'>8623</span> 
     </span>
    </p>
   </div>
   <div class='ocr_carea' id='block_1_4' title="bbox 941 432 1646 2935">
    <p class='ocr_par' dir='ltr' id='par_1_8' title="bbox 941 432 1646 1168">
     <span class='ocr_line' id='line_1_53' title="bbox 944 432 1644 474; baseline 0.003 -12"><span class='ocrx_word' id='word_1_290' title='bbox 944 432 1158 472; x_wconf 78' lang='lat' dir='ltr'>regionibus3</span> <span class='ocrx_word' id='word_1_291' title='bbox 1184 434 1237 465; x_wconf 91' lang='lat' dir='ltr'>hic</span> <span class='ocrx_word' id='word_1_292' title='bbox 1271 444 1363 474; x_wconf 83' lang='lat' dir='ltr'>vero,</span> <span class='ocrx_word' id='word_1_293' title='bbox 1393 445 1468 466; x_wconf 88' lang='lat' dir='ltr'>cum</span> <span class='ocrx_word' id='word_1_294' title='bbox 1497 439 1548 466; x_wconf 93' lang='lat' dir='ltr'>tot</span> <span class='ocrx_word' id='word_1_295' title='bbox 1576 434 1644 465; x_wconf 85' lang='lat' dir='ltr'>sint</span> 
     </span>
     <span class='ocr_line' id='line_1_54' title="bbox 944 483 1645 526; baseline 0.007 -13"><span class='ocrx_word' id='word_1_296' title='bbox 944 483 1149 524; x_wconf 70' lang='lat' dir='ltr'>Apollonize,</span> <span class='ocrx_word' id='word_1_297' title='bbox 1179 496 1244 517; x_wconf 92' lang='lat' dir='ltr'>non</span> <span class='ocrx_word' id='word_1_298' title='bbox 1282 487 1440 526; x_wconf 82' lang='lat' dir='ltr'>dignatur</span> <span class='ocrx_word' id='word_1_299' title='bbox 1473 487 1599 526; x_wconf 84' lang='lat' dir='ltr'>dicere,</span> <span class='ocrx_word' id='word_1_300' title='bbox 1624 496 1645 517; x_wconf 85' lang='lat' dir='ltr'>a</span> 
     </span>
     <span class='ocr_line' id='line_1_55' title="bbox 943 533 1645 576; baseline 0.007 -14"><span class='ocrx_word' id='word_1_301' title='bbox 943 543 1008 573; x_wconf 89' lang='lat' dir='ltr'>qua</span> <span class='ocrx_word' id='word_1_302' title='bbox 1031 533 1213 574; x_wconf 86' lang='lat' dir='ltr'>Apollonia</span> <span class='ocrx_word' id='word_1_303' title='bbox 1228 536 1379 576; x_wconf 85' lang='lat' dir='ltr'>redierit,</span> <span class='ocrx_word' id='word_1_304' title='bbox 1391 540 1447 567; x_wconf 88' lang='lat' dir='ltr'>ant</span> <span class='ocrx_word' id='word_1_305' title='bbox 1459 537 1516 567; x_wconf 78' lang='lat' dir='ltr'>ubi</span> <span class='ocrx_word' id='word_1_306' title='bbox 1530 536 1645 567; x_wconf 83' lang='lat' dir='ltr'>Abde-</span> 
     </span>
     <span class='ocr_line' id='line_1_56' title="bbox 943 582 1644 618; baseline 0.007 -6"><span class='ocrx_word' id='word_1_307' title='bbox 943 582 1017 613; x_wconf 80' lang='lat' dir='ltr'>ritae</span> <span class='ocrx_word' id='word_1_308' title='bbox 1036 583 1067 613; x_wconf 90' lang='lat' dir='ltr'>ei</span> <span class='ocrx_word' id='word_1_309' title='bbox 1089 584 1221 614; x_wconf 83' lang='lat' dir='ltr'>obviam</span> <span class='ocrx_word' id='word_1_310' title='bbox 1235 586 1401 617; x_wconf 87' lang='lat' dir='ltr'>venerint.</span> <span class='ocrx_word' id='word_1_311' title='bbox 1448 588 1522 618; x_wconf 91' lang='lat' dir='ltr'>Nec</span> <span class='ocrx_word' id='word_1_312' title='bbox 1534 587 1644 617; x_wconf 88' lang='lat' dir='ltr'>minus</span> 
     </span>
     <span class='ocr_line' id='line_1_57' title="bbox 942 633 1643 674; baseline 0.007 -12"><span class='ocrx_word' id='word_1_313' title='bbox 942 633 1076 672; x_wconf 86' lang='lat' dir='ltr'>mirum,</span> <span class='ocrx_word' id='word_1_314' title='bbox 1110 635 1276 674; x_wconf 88' lang='lat' dir='ltr'>quomodo</span> <span class='ocrx_word' id='word_1_315' title='bbox 1313 636 1505 667; x_wconf 80' lang='lat' dir='ltr'>Cassander</span> <span class='ocrx_word' id='word_1_316' title='bbox 1542 646 1643 667; x_wconf 88' lang='lat' dir='ltr'>unam</span> 
     </span>
     <span class='ocr_line' id='line_1_58' title="bbox 942 683 1645 726; baseline 0.006 -13"><span class='ocrx_word' id='word_1_317' title='bbox 942 683 1117 714; x_wconf 87' lang='lat' dir='ltr'>civitatem</span> <span class='ocrx_word' id='word_1_318' title='bbox 1132 694 1151 714; x_wconf 92' lang='lat' dir='ltr'>a</span> <span class='ocrx_word' id='word_1_319' title='bbox 1167 685 1254 715; x_wconf 91' lang='lat' dir='ltr'>ranis</span> <span class='ocrx_word' id='word_1_320' title='bbox 1271 685 1455 726; x_wconf 83' lang='lat' dir='ltr'>devictam,</span> <span class='ocrx_word' id='word_1_321' title='bbox 1471 696 1511 716; x_wconf 89' lang='lat' dir='ltr'>ne</span> <span class='ocrx_word' id='word_1_322' title='bbox 1527 687 1645 717; x_wconf 83' lang='lat' dir='ltr'>Mace-</span> 
     </span>
     <span class='ocr_line' id='line_1_59' title="bbox 943 733 1644 775; baseline 0.006 -12"><span class='ocrx_word' id='word_1_323' title='bbox 943 733 1074 764; x_wconf 87' lang='lat' dir='ltr'>doniam</span> <span class='ocrx_word' id='word_1_324' title='bbox 1090 739 1292 774; x_wconf 84' lang='lat' dir='ltr'>occuparet,</span> <span class='ocrx_word' id='word_1_325' title='bbox 1303 736 1466 775; x_wconf 83' lang='lat' dir='ltr'>timuerit,</span> <span class='ocrx_word' id='word_1_326' title='bbox 1479 746 1554 767; x_wconf 88' lang='lat' dir='ltr'>cum</span> <span class='ocrx_word' id='word_1_327' title='bbox 1571 741 1644 766; x_wconf 89' lang='lat' dir='ltr'>tan-</span> 
     </span>
     <span class='ocr_line' id='line_1_60' title="bbox 943 783 1644 824; baseline 0.004 -10"><span class='ocrx_word' id='word_1_328' title='bbox 943 787 996 814; x_wconf 89' lang='lat' dir='ltr'>tus</span> <span class='ocrx_word' id='word_1_329' title='bbox 1013 783 1085 824; x_wconf 81' lang='lat' dir='ltr'>ipse</span> <span class='ocrx_word' id='word_1_330' title='bbox 1109 787 1219 814; x_wconf 90' lang='lat' dir='ltr'>terror</span> <span class='ocrx_word' id='word_1_331' title='bbox 1236 785 1382 816; x_wconf 63' lang='lat' dir='ltr'>Graecia.²</span> <span class='ocrx_word' id='word_1_332' title='bbox 1407 790 1512 824; x_wconf 86' lang='lat' dir='ltr'>esset,</span> <span class='ocrx_word' id='word_1_333' title='bbox 1528 790 1564 817; x_wconf 88' lang='lat' dir='ltr'>ut</span> <span class='ocrx_word' id='word_1_334' title='bbox 1582 787 1644 817; x_wconf 89' lang='lat' dir='ltr'>La-</span> 
     </span>
     <span class='ocr_line' id='line_1_61' title="bbox 943 833 1646 875; baseline 0.003 -11"><span class='ocrx_word' id='word_1_335' title='bbox 943 833 1143 865; x_wconf 86' lang='lat' dir='ltr'>cedaemonii</span> <span class='ocrx_word' id='word_1_336' title='bbox 1168 835 1325 875; x_wconf 87' lang='lat' dir='ltr'>Spartam</span> <span class='ocrx_word' id='word_1_337' title='bbox 1348 845 1442 866; x_wconf 86' lang='lat' dir='ltr'>muro</span> <span class='ocrx_word' id='word_1_338' title='bbox 1463 835 1646 875; x_wconf 70' lang='lat' dir='ltr'>eluxerint,</span> 
     </span>
     <span class='ocr_line' id='line_1_62' title="bbox 941 885 1644 925; baseline 0.003 -11"><span class='ocrx_word' id='word_1_339' title='bbox 941 889 979 915; x_wconf 89' lang='lat' dir='ltr'>ut</span> <span class='ocrx_word' id='word_1_340' title='bbox 1009 885 1186 924; x_wconf 86' lang='lat' dir='ltr'>superiore</span> <span class='ocrx_word' id='word_1_341' title='bbox 1213 885 1353 925; x_wconf 82' lang='lat' dir='ltr'>scripsit</span> <span class='ocrx_word' id='word_1_342' title='bbox 1380 885 1439 916; x_wconf 87' lang='lat' dir='ltr'>lib.</span> <span class='ocrx_word' id='word_1_343' title='bbox 1473 886 1562 916; x_wconf 88' lang='lat' dir='ltr'>Item</span> <span class='ocrx_word' id='word_1_344' title='bbox 1588 886 1644 916; x_wconf 85' lang='lat' dir='ltr'>hic</span> 
     </span>
     <span class='ocr_line' id='line_1_63' title="bbox 942 935 1646 977; baseline 0.001 -11"><span class='ocrx_word' id='word_1_345' title='bbox 942 935 1126 966; x_wconf 85' lang='lat' dir='ltr'>Herculem</span> <span class='ocrx_word' id='word_1_346' title='bbox 1153 945 1192 966; x_wconf 84' lang='lat' dir='ltr'>ac</span> <span class='ocrx_word' id='word_1_347' title='bbox 1220 936 1400 975; x_wconf 87' lang='lat' dir='ltr'>Barsinen,</span> <span class='ocrx_word' id='word_1_348' title='bbox 1425 946 1524 977; x_wconf 84' lang='lat' dir='ltr'>quam</span> <span class='ocrx_word' id='word_1_349' title='bbox 1547 946 1646 977; x_wconf 87' lang='lat' dir='ltr'>supe-</span> 
     </span>
     <span class='ocr_line' id='line_1_64' title="bbox 941 986 1646 1026; baseline 0.003 -10"><span class='ocrx_word' id='word_1_350' title='bbox 941 986 1030 1016; x_wconf 87' lang='lat' dir='ltr'>riore</span> <span class='ocrx_word' id='word_1_351' title='bbox 1054 986 1111 1017; x_wconf 84' lang='lat' dir='ltr'>lib.</span> <span class='ocrx_word' id='word_1_352' title='bbox 1134 986 1312 1018; x_wconf 88' lang='lat' dir='ltr'>Roxanem</span> <span class='ocrx_word' id='word_1_353' title='bbox 1328 987 1529 1026; x_wconf 88' lang='lat' dir='ltr'>nominavit,</span> <span class='ocrx_word' id='word_1_354' title='bbox 1553 991 1646 1018; x_wconf 87' lang='lat' dir='ltr'>terra</span> 
     </span>
     <span class='ocr_line' id='line_1_65' title="bbox 942 1036 1646 1077; baseline 0 -10"><span class='ocrx_word' id='word_1_355' title='bbox 942 1036 1095 1068; x_wconf 89' lang='lat' dir='ltr'>obruerit</span> <span class='ocrx_word' id='word_1_356' title='bbox 1112 1037 1313 1076; x_wconf 86' lang='lat' dir='ltr'>Cassander,</span> <span class='ocrx_word' id='word_1_357' title='bbox 1328 1047 1371 1068; x_wconf 91' lang='lat' dir='ltr'>ne</span> <span class='ocrx_word' id='word_1_358' title='bbox 1387 1038 1396 1054; x_wconf 84' lang='lat'>‘</span> <span class='ocrx_word' id='word_1_359' title='bbox 1410 1037 1522 1068; x_wconf 83' lang='lat' dir='ltr'>caedes</span> <span class='ocrx_word' id='word_1_360' title='bbox 1536 1037 1646 1077; x_wconf 86' lang='lat' dir='ltr'>sepul-</span> 
     </span>
     <span class='ocr_line' id='line_1_66' title="bbox 942 1086 1645 1129; baseline 0.001 -12"><span class='ocrx_word' id='word_1_361' title='bbox 942 1091 1016 1118; x_wconf 90' lang='lat' dir='ltr'>tura</span> <span class='ocrx_word' id='word_1_362' title='bbox 1031 1087 1255 1127; x_wconf 88' lang='lat' dir='ltr'>proderetur,&#39;</span> <span class='ocrx_word' id='word_1_363' title='bbox 1280 1087 1405 1129; x_wconf 88' lang='lat' dir='ltr'>inquit,</span> <span class='ocrx_word' id='word_1_364' title='bbox 1422 1086 1517 1129; x_wconf 89' lang='lat' dir='ltr'>quasi</span> <span class='ocrx_word' id='word_1_365' title='bbox 1533 1087 1645 1128; x_wconf 91' lang='lat' dir='ltr'>sepul-</span> 
     </span>
     <span class='ocr_line' id='line_1_67' title="bbox 943 1137 1292 1168; baseline 0.003 -1"><span class='ocrx_word' id='word_1_366' title='bbox 943 1141 1020 1168; x_wconf 88' lang='lat' dir='ltr'>tura</span> <span class='ocrx_word' id='word_1_367' title='bbox 1036 1147 1101 1168; x_wconf 89' lang='lat' dir='ltr'>uon</span> <span class='ocrx_word' id='word_1_368' title='bbox 1117 1137 1172 1168; x_wconf 90' lang='lat' dir='ltr'>sit.</span> <span class='ocrx_word' id='word_1_369' title='bbox 1200 1137 1292 1168; x_wconf 80' lang='lat' dir='ltr'>Glar.</span> 
     </span>
    </p>

    <p class='ocr_par' dir='ltr' id='par_1_9' title="bbox 942 1187 1645 1329">
     <span class='ocr_line' id='line_1_68' title="bbox 983 1187 1643 1229; baseline -0.002 -10"><span class='ocrx_word' id='word_1_370' title='bbox 983 1187 1048 1228; x_wconf 83' lang='lat' dir='ltr'>Ab,</span> <span class='ocrx_word' id='word_1_371' title='bbox 1062 1188 1133 1229; x_wconf 57' lang='lat' dir='ltr'>Sym]</span> <span class='ocrx_word' id='word_1_372' title='bbox 1157 1188 1246 1220; x_wconf 88' lang='lat' dir='ltr'>Saxo</span> <span class='ocrx_word' id='word_1_373' title='bbox 1270 1197 1312 1219; x_wconf 84' lang='lat'>11.</span> <span class='ocrx_word' id='word_1_374' title='bbox 1329 1198 1362 1229; x_wconf 91' lang='lat' dir='ltr'>p.</span> <span class='ocrx_word' id='word_1_375' title='bbox 1383 1190 1436 1219; x_wconf 81' lang='lat'>21.</span> <span class='ocrx_word' id='word_1_376' title='bbox 1453 1190 1506 1219; x_wconf 83' lang='lat'>25.</span> <span class='ocrx_word' id='word_1_377' title='bbox 1534 1187 1543 1205; x_wconf 87' lang='lat'>‘</span> <span class='ocrx_word' id='word_1_378' title='bbox 1556 1187 1643 1219; x_wconf 90' lang='lat' dir='ltr'>Inde</span> 
     </span>
     <span class='ocr_line' id='line_1_69' title="bbox 942 1239 1645 1280; baseline 0.001 -11"><span class='ocrx_word' id='word_1_379' title='bbox 942 1239 1119 1279; x_wconf 88' lang='lat' dir='ltr'>profectus</span> <span class='ocrx_word' id='word_1_380' title='bbox 1133 1240 1166 1270; x_wconf 90' lang='lat' dir='ltr'>in</span> <span class='ocrx_word' id='word_1_381' title='bbox 1178 1240 1391 1271; x_wconf 86' lang='lat' dir='ltr'>Trannonem</span> <span class='ocrx_word' id='word_1_382' title='bbox 1403 1239 1551 1270; x_wconf 83' lang='lat' dir='ltr'>Rutenae</span> <span class='ocrx_word' id='word_1_383' title='bbox 1565 1248 1645 1280; x_wconf 86' lang='lat' dir='ltr'>gen-</span> 
     </span>
     <span class='ocr_line' id='line_1_70' title="bbox 943 1288 1344 1329; baseline 0.005 -11"><span class='ocrx_word' id='word_1_384' title='bbox 943 1288 986 1319; x_wconf 89' lang='lat' dir='ltr'>tis</span> <span class='ocrx_word' id='word_1_385' title='bbox 999 1293 1182 1329; x_wconf 88' lang='lat' dir='ltr'>tyrannum</span> <span class='ocrx_word' id='word_1_386' title='bbox 1198 1288 1344 1321; x_wconf 61' lang='lat' dir='ltr'>incidit)</span> 
     </span>
    </p>

    <p class='ocr_par' dir='ltr' id='par_1_10' title="bbox 943 1338 1645 1580">
     <span class='ocr_line' id='line_1_71' title="bbox 986 1338 1643 1380; baseline 0.003 -12"><span class='ocrx_word' id='word_1_387' title='bbox 986 1338 1171 1378; x_wconf 80' lang='lat' dir='ltr'>Abderitas]</span> <span class='ocrx_word' id='word_1_388' title='bbox 1209 1339 1257 1370; x_wconf 88' lang='lat' dir='ltr'>Hi</span> <span class='ocrx_word' id='word_1_389' title='bbox 1274 1338 1431 1370; x_wconf 86' lang='lat' dir='ltr'>videntur</span> <span class='ocrx_word' id='word_1_390' title='bbox 1450 1348 1535 1379; x_wconf 83' lang='lat' dir='ltr'>esse,</span> <span class='ocrx_word' id='word_1_391' title='bbox 1560 1349 1643 1380; x_wconf 86' lang='lat' dir='ltr'>quos</span> 
     </span>
     <span class='ocr_line' id='line_1_72' title="bbox 943 1387 1644 1429; baseline 0.003 -11"><span class='ocrx_word' id='word_1_392' title='bbox 943 1387 1044 1419; x_wconf 92' lang='lat' dir='ltr'>Diod.</span> <span class='ocrx_word' id='word_1_393' title='bbox 1060 1397 1123 1419; x_wconf 80' lang='lat' dir='ltr'>xx.</span> <span class='ocrx_word' id='word_1_394' title='bbox 1139 1391 1189 1420; x_wconf 89' lang='lat'>19.</span> <span class='ocrx_word' id='word_1_395' title='bbox 1204 1398 1254 1429; x_wconf 90' lang='lat' dir='ltr'>pr.</span> <span class='ocrx_word' id='word_1_396' title='bbox 1274 1389 1282 1405; x_wconf 91' lang='lat'>‘</span> <span class='ocrx_word' id='word_1_397' title='bbox 1299 1388 1510 1419; x_wconf 83' lang='lat' dir='ltr'>Autariatas’</span> <span class='ocrx_word' id='word_1_398' title='bbox 1532 1393 1644 1428; x_wconf 85' lang='lat' dir='ltr'>vocat,</span> 
     </span>
     <span class='ocr_line' id='line_1_73' title="bbox 944 1439 1645 1479; baseline 0.001 -10"><span class='ocrx_word' id='word_1_399' title='bbox 944 1449 964 1469; x_wconf 91' lang='lat' dir='ltr'>a</span> <span class='ocrx_word' id='word_1_400' title='bbox 987 1439 1157 1470; x_wconf 86' lang='lat' dir='ltr'>Perdicca</span> <span class='ocrx_word' id='word_1_401' title='bbox 1175 1439 1277 1479; x_wconf 84' lang='lat' dir='ltr'>juxta</span> <span class='ocrx_word' id='word_1_402' title='bbox 1293 1439 1472 1470; x_wconf 87' lang='lat' dir='ltr'>Orbitaum</span> <span class='ocrx_word' id='word_1_403' title='bbox 1494 1439 1645 1470; x_wconf 83' lang='lat' dir='ltr'>Paeoniae</span> 
     </span>
     <span class='ocr_line' id='line_1_74' title="bbox 943 1489 1644 1521; baseline 0.003 -2"><span class='ocrx_word' id='word_1_404' title='bbox 943 1493 1092 1520; x_wconf 89' lang='lat' dir='ltr'>montem</span> <span class='ocrx_word' id='word_1_405' title='bbox 1128 1490 1324 1521; x_wconf 81' lang='lat' dir='ltr'>collocatos,</span> <span class='ocrx_word' id='word_1_406' title='bbox 1363 1489 1505 1520; x_wconf 75' lang='lat' dir='ltr'>Freinslz.</span> <span class='ocrx_word' id='word_1_407' title='bbox 1564 1489 1644 1521; x_wconf 86' lang='lat' dir='ltr'>Vid.</span> 
     </span>
     <span class='ocr_line' id='line_1_75' title="bbox 943 1539 1643 1580; baseline 0 -11"><span class='ocrx_word' id='word_1_408' title='bbox 943 1539 1044 1570; x_wconf 86' lang='lat' dir='ltr'>Phot.</span> <span class='ocrx_word' id='word_1_409' title='bbox 1061 1542 1158 1570; x_wconf 83' lang='grc'><strong>1358.</strong></span> <span class='ocrx_word' id='word_1_410' title='bbox 1183 1539 1331 1580; x_wconf 86' lang='lat' dir='ltr'>Appian.</span> <span class='ocrx_word' id='word_1_411' title='bbox 1350 1549 1401 1580; x_wconf 90' lang='lat' dir='ltr'>pr.</span> <span class='ocrx_word' id='word_1_412' title='bbox 1420 1539 1514 1579; x_wconf 90' lang='lat' dir='ltr'>Illyr.</span> <span class='ocrx_word' id='word_1_413' title='bbox 1543 1539 1643 1570; x_wconf 81' lang='lat' dir='ltr'>Bern.</span> 
     </span>
    </p>

    <p class='ocr_par' dir='ltr' id='par_1_11' title="bbox 942 1590 1646 2333">
     <span class='ocr_line' id='line_1_76' title="bbox 985 1590 1645 1632; baseline -0.003 -10"><span class='ocrx_word' id='word_1_414' title='bbox 985 1590 1170 1630; x_wconf 81' lang='lat' dir='ltr'>Abderitas]</span> <span class='ocrx_word' id='word_1_415' title='bbox 1192 1591 1248 1622; x_wconf 86' lang='lat' dir='ltr'>Sic</span> <span class='ocrx_word' id='word_1_416' title='bbox 1265 1590 1398 1632; x_wconf 88' lang='lat' dir='ltr'>quidem</span> <span class='ocrx_word' id='word_1_417' title='bbox 1410 1596 1446 1622; x_wconf 90' lang='lat' dir='ltr'>et</span> <span class='ocrx_word' id='word_1_418' title='bbox 1459 1591 1558 1622; x_wconf 86' lang='lat' dir='ltr'>Oros.</span> <span class='ocrx_word' id='word_1_419' title='bbox 1571 1600 1645 1621; x_wconf 86' lang='lat' dir='ltr'>cor-</span> 
     </span>
     <span class='ocr_line' id='line_1_77' title="bbox 943 1640 1644 1681; baseline 0.001 -11"><span class='ocrx_word' id='word_1_420' title='bbox 943 1641 1052 1681; x_wconf 78' lang='lat' dir='ltr'>ruptis</span> <span class='ocrx_word' id='word_1_421' title='bbox 1079 1640 1205 1672; x_wconf 84' lang='lat' dir='ltr'>Jnstini</span> <span class='ocrx_word' id='word_1_422' title='bbox 1229 1641 1327 1672; x_wconf 85' lang='lat' dir='ltr'>codd.</span> <span class='ocrx_word' id='word_1_423' title='bbox 1354 1641 1530 1681; x_wconf 86' lang='lat' dir='ltr'>deceptus.</span> <span class='ocrx_word' id='word_1_424' title='bbox 1576 1641 1644 1672; x_wconf 88' lang='lat' dir='ltr'>Sed</span> 
     </span>
     <span class='ocr_line' id='line_1_78' title="bbox 944 1691 1644 1731; baseline 0.001 -10"><span class='ocrx_word' id='word_1_425' title='bbox 944 1691 1078 1731; x_wconf 85' lang='lat' dir='ltr'>legend.</span> <span class='ocrx_word' id='word_1_426' title='bbox 1093 1701 1169 1722; x_wconf 90' lang='lat' dir='ltr'>cum</span> <span class='ocrx_word' id='word_1_427' title='bbox 1187 1691 1338 1723; x_wconf 88' lang='lat' dir='ltr'>Freinsh.</span> <span class='ocrx_word' id='word_1_428' title='bbox 1360 1692 1556 1722; x_wconf 80' lang='lat' dir='ltr'>Autariatas.</span> <span class='ocrx_word' id='word_1_429' title='bbox 1591 1692 1644 1722; x_wconf 90' lang='lat' dir='ltr'>De</span> 
     </span>
     <span class='ocr_line' id='line_1_79' title="bbox 944 1741 1643 1773; baseline 0.001 -1"><span class='ocrx_word' id='word_1_430' title='bbox 944 1742 983 1772; x_wconf 88' lang='lat' dir='ltr'>iis</span> <span class='ocrx_word' id='word_1_431' title='bbox 997 1742 1085 1772; x_wconf 89' lang='lat' dir='ltr'>enim</span> <span class='ocrx_word' id='word_1_432' title='bbox 1114 1742 1176 1773; x_wconf 87' lang='lat' dir='ltr'>hoc</span> <span class='ocrx_word' id='word_1_433' title='bbox 1199 1741 1305 1772; x_wconf 84' lang='lat' dir='ltr'>refert</span> <span class='ocrx_word' id='word_1_434' title='bbox 1327 1751 1394 1772; x_wconf 91' lang='lat' dir='ltr'>non</span> <span class='ocrx_word' id='word_1_435' title='bbox 1411 1742 1517 1772; x_wconf 90' lang='lat' dir='ltr'>solum</span> <span class='ocrx_word' id='word_1_436' title='bbox 1536 1742 1643 1773; x_wconf 85' lang='lat' dir='ltr'>Diod.</span> 
     </span>
     <span class='ocr_line' id='line_1_80' title="bbox 944 1791 1646 1831; baseline 0.001 -10"><span class='ocrx_word' id='word_1_437' title='bbox 944 1791 1003 1822; x_wconf 88' lang='lat' dir='ltr'>sed</span> <span class='ocrx_word' id='word_1_438' title='bbox 1021 1797 1054 1822; x_wconf 78' lang='lat' dir='ltr'>et</span> <span class='ocrx_word' id='word_1_439' title='bbox 1078 1791 1250 1830; x_wconf 82' lang='lat' dir='ltr'>Phaenias,</span> <span class='ocrx_word' id='word_1_440' title='bbox 1281 1792 1474 1822; x_wconf 80' lang='lat' dir='ltr'>Aristotelis</span> <span class='ocrx_word' id='word_1_441' title='bbox 1501 1791 1646 1831; x_wconf 85' lang='lat' dir='ltr'>discipu-</span> 
     </span>
     <span class='ocr_line' id='line_1_81' title="bbox 944 1842 1643 1882; baseline 0.003 -11"><span class='ocrx_word' id='word_1_442' title='bbox 944 1842 1009 1879; x_wconf 88' lang='lat' dir='ltr'>lns,</span> <span class='ocrx_word' id='word_1_443' title='bbox 1026 1842 1151 1872; x_wconf 79' lang='lat' dir='ltr'>amicus</span> <span class='ocrx_word' id='word_1_444' title='bbox 1167 1842 1399 1882; x_wconf 66' lang='lat' dir='ltr'>Theophrasti,</span> <span class='ocrx_word' id='word_1_445' title='bbox 1414 1852 1469 1882; x_wconf 87' lang='lat' dir='ltr'>ap.</span> <span class='ocrx_word' id='word_1_446' title='bbox 1487 1842 1643 1873; x_wconf 81' lang='lat' dir='ltr'>Eustath.</span> 
     </span>
     <span class='ocr_line' id='line_1_82' title="bbox 945 1892 1645 1932; baseline 0.001 -10"><span class='ocrx_word' id='word_1_447' title='bbox 945 1892 986 1922; x_wconf 90' lang='lat' dir='ltr'>ad</span> <span class='ocrx_word' id='word_1_448' title='bbox 1004 1892 1103 1923; x_wconf 81' lang='lat' dir='ltr'>Iliad.</span> <span class='ocrx_word' id='word_1_449' title='bbox 1117 1901 1141 1923; x_wconf 87' lang='lat'>1.</span> <span class='ocrx_word' id='word_1_450' title='bbox 1165 1897 1199 1923; x_wconf 90' lang='lat' dir='ltr'>et</span> <span class='ocrx_word' id='word_1_451' title='bbox 1213 1892 1415 1923; x_wconf 86' lang='lat' dir='ltr'>Heraclides</span> <span class='ocrx_word' id='word_1_452' title='bbox 1434 1892 1577 1922; x_wconf 79' lang='lat' dir='ltr'>Lernbus</span> <span class='ocrx_word' id='word_1_453' title='bbox 1591 1902 1645 1932; x_wconf 86' lang='lat' dir='ltr'>ap.</span> 
     </span>
     <span class='ocr_line' id='line_1_83' title="bbox 944 1942 1645 1976; baseline -0.001 -2"><span class='ocrx_word' id='word_1_454' title='bbox 944 1942 1070 1976; x_wconf 84' lang='lat' dir='ltr'>Athen.</span> <span class='ocrx_word' id='word_1_455' title='bbox 1087 1953 1168 1975; x_wconf 80' lang='lat' dir='ltr'>vnr.</span> <span class='ocrx_word' id='word_1_456' title='bbox 1189 1946 1220 1974; x_wconf 85' lang='lat'>2.</span> <span class='ocrx_word' id='word_1_457' title='bbox 1267 1943 1522 1974; x_wconf 84' lang='lat' dir='ltr'>Autariatarum</span> <span class='ocrx_word' id='word_1_458' title='bbox 1547 1943 1645 1974; x_wconf 89' lang='lat' dir='ltr'>sedes</span> 
     </span>
     <span class='ocr_line' id='line_1_84' title="bbox 943 1992 1643 2024; baseline -0.003 0"><span class='ocrx_word' id='word_1_459' title='bbox 943 1992 1008 2024; x_wconf 90' lang='lat' dir='ltr'>fuit</span> <span class='ocrx_word' id='word_1_460' title='bbox 1024 1994 1056 2024; x_wconf 91' lang='lat' dir='ltr'>in</span> <span class='ocrx_word' id='word_1_461' title='bbox 1069 1992 1192 2024; x_wconf 85' lang='lat' dir='ltr'>finibus</span> <span class='ocrx_word' id='word_1_462' title='bbox 1213 1992 1394 2023; x_wconf 87' lang='lat' dir='ltr'>Dardaniae</span> <span class='ocrx_word' id='word_1_463' title='bbox 1413 1997 1447 2023; x_wconf 89' lang='lat' dir='ltr'>et</span> <span class='ocrx_word' id='word_1_464' title='bbox 1470 1993 1643 2023; x_wconf 82' lang='lat' dir='ltr'>Paeoniae:</span> 
     </span>
     <span class='ocr_line' id='line_1_85' title="bbox 944 2042 1644 2074; baseline -0.001 0"><span class='ocrx_word' id='word_1_465' title='bbox 944 2043 1012 2074; x_wconf 92' lang='lat' dir='ltr'>vid.</span> <span class='ocrx_word' id='word_1_466' title='bbox 1050 2044 1161 2074; x_wconf 87' lang='lat' dir='ltr'>Strab.</span> <span class='ocrx_word' id='word_1_467' title='bbox 1194 2052 1288 2074; x_wconf 83' lang='lat' dir='ltr'>xvn.</span> <span class='ocrx_word' id='word_1_468' title='bbox 1340 2042 1526 2074; x_wconf 88' lang='lat' dir='ltr'>Abderitas</span> <span class='ocrx_word' id='word_1_469' title='bbox 1562 2052 1644 2074; x_wconf 88' lang='lat' dir='ltr'>vero</span> 
     </span>
     <span class='ocr_line' id='line_1_86' title="bbox 944 2093 1644 2133; baseline 0 -9"><span class='ocrx_word' id='word_1_470' title='bbox 944 2098 1081 2125; x_wconf 89' lang='lat' dir='ltr'>coactos</span> <span class='ocrx_word' id='word_1_471' title='bbox 1105 2093 1209 2125; x_wconf 82' lang='lat' dir='ltr'>fuisse</span> <span class='ocrx_word' id='word_1_472' title='bbox 1241 2103 1397 2124; x_wconf 88' lang='lat' dir='ltr'>ranarum</span> <span class='ocrx_word' id='word_1_473' title='bbox 1428 2093 1460 2123; x_wconf 86' lang='lat' dir='ltr'>vi</span> <span class='ocrx_word' id='word_1_474' title='bbox 1489 2093 1644 2133; x_wconf 85' lang='lat' dir='ltr'>migrare,</span> 
     </span>
     <span class='ocr_line' id='line_1_87' title="bbox 942 2144 1644 2185; baseline -0.003 -10"><span class='ocrx_word' id='word_1_475' title='bbox 942 2145 1152 2185; x_wconf 85' lang='lat' dir='ltr'>patriamque</span> <span class='ocrx_word' id='word_1_476' title='bbox 1167 2144 1371 2185; x_wconf 83' lang='lat' dir='ltr'>relinquere,</span> <span class='ocrx_word' id='word_1_477' title='bbox 1383 2152 1480 2174; x_wconf 81' lang='lat' dir='ltr'>nemo</span> <span class='ocrx_word' id='word_1_478' title='bbox 1491 2148 1644 2174; x_wconf 85' lang='lat' dir='ltr'>veterum</span> 
     </span>
     <span class='ocr_line' id='line_1_88' title="bbox 944 2191 1645 2233; baseline -0.003 -8"><span class='ocrx_word' id='word_1_479' title='bbox 944 2194 1100 2226; x_wconf 83' lang='lat' dir='ltr'>tradidit.</span> <span class='ocrx_word' id='word_1_480' title='bbox 1147 2195 1238 2228; x_wconf 83' lang='lat' dir='ltr'>Quin</span> <span class='ocrx_word' id='word_1_481' title='bbox 1254 2193 1393 2225; x_wconf 89' lang='lat' dir='ltr'>Abdera</span> <span class='ocrx_word' id='word_1_482' title='bbox 1413 2193 1471 2223; x_wconf 88' lang='lat' dir='ltr'>diu</span> <span class='ocrx_word' id='word_1_483' title='bbox 1494 2198 1569 2233; x_wconf 87' lang='lat' dir='ltr'>post</span> <span class='ocrx_word' id='word_1_484' title='bbox 1585 2191 1645 2223; x_wconf 92' lang='lat' dir='ltr'>flo-</span> 
     </span>
     <span class='ocr_line' id='line_1_89' title="bbox 943 2243 1643 2284; baseline -0.001 -9"><span class='ocrx_word' id='word_1_485' title='bbox 943 2244 1026 2284; x_wconf 88' lang='lat' dir='ltr'>ruit,</span> <span class='ocrx_word' id='word_1_486' title='bbox 1044 2245 1216 2275; x_wconf 81' lang='lat' dir='ltr'>veteribus</span> <span class='ocrx_word' id='word_1_487' title='bbox 1243 2244 1375 2283; x_wconf 85' lang='lat' dir='ltr'>incolis,</span> <span class='ocrx_word' id='word_1_488' title='bbox 1395 2243 1557 2284; x_wconf 88' lang='lat' dir='ltr'>imprimis</span> <span class='ocrx_word' id='word_1_489' title='bbox 1572 2244 1643 2274; x_wconf 93' lang='lat' dir='ltr'>De-</span> 
     </span>
     <span class='ocr_line' id='line_1_90' title="bbox 942 2294 1402 2333; baseline 0 -8"><span class='ocrx_word' id='word_1_490' title='bbox 942 2294 1100 2333; x_wconf 88' lang='lat' dir='ltr'>mocrito,</span> <span class='ocrx_word' id='word_1_491' title='bbox 1115 2294 1268 2325; x_wconf 85' lang='lat' dir='ltr'>illustris.</span> <span class='ocrx_word' id='word_1_492' title='bbox 1295 2294 1402 2326; x_wconf 82' lang='lat' dir='ltr'>Groev.</span> 
     </span>
    </p>

    <p class='ocr_par' dir='ltr' id='par_1_12' title="bbox 942 2344 1644 2776">
     <span class='ocr_line' id='line_1_91' title="bbox 988 2344 1643 2386; baseline -0.002 -10"><span class='ocrx_word' id='word_1_493' title='bbox 988 2346 1150 2376; x_wconf 79' lang='lat' dir='ltr'>Ranarum</span> <span class='ocrx_word' id='word_1_494' title='bbox 1180 2346 1370 2386; x_wconf 75' lang='lat' dir='ltr'>mariumque</span> <span class='ocrx_word' id='word_1_495' title='bbox 1399 2344 1643 2385; x_wconf 79' lang='lat' dir='ltr'>multitudinem]</span> 
     </span>
     <span class='ocr_line' id='line_1_92' title="bbox 942 2395 1644 2426; baseline -0.001 0"><span class='ocrx_word' id='word_1_496' title='bbox 942 2395 1033 2426; x_wconf 89' lang='lat' dir='ltr'>Plin.</span> <span class='ocrx_word' id='word_1_497' title='bbox 1050 2399 1196 2426; x_wconf 74' lang='lat' dir='ltr'>vm.29.</span> <span class='ocrx_word' id='word_1_498' title='bbox 1223 2395 1264 2426; x_wconf 91' lang='lat' dir='ltr'>ab</span> <span class='ocrx_word' id='word_1_499' title='bbox 1291 2395 1380 2426; x_wconf 86' lang='lat' dir='ltr'>ranis</span> <span class='ocrx_word' id='word_1_500' title='bbox 1406 2396 1581 2426; x_wconf 87' lang='lat' dir='ltr'>civitatem</span> <span class='ocrx_word' id='word_1_501' title='bbox 1609 2395 1644 2425; x_wconf 91' lang='lat' dir='ltr'>in</span> 
     </span>
     <span class='ocr_line' id='line_1_93' title="bbox 943 2444 1644 2485; baseline -0.003 -9"><span class='ocrx_word' id='word_1_502' title='bbox 943 2445 1056 2476; x_wconf 88' lang='lat' dir='ltr'>Gallia</span> <span class='ocrx_word' id='word_1_503' title='bbox 1085 2446 1214 2485; x_wconf 88' lang='lat' dir='ltr'>pulsam</span> <span class='ocrx_word' id='word_1_504' title='bbox 1240 2449 1417 2484; x_wconf 87' lang='lat' dir='ltr'>memorat,</span> <span class='ocrx_word' id='word_1_505' title='bbox 1434 2445 1460 2475; x_wconf 90' lang='lat' dir='ltr'>si</span> <span class='ocrx_word' id='word_1_506' title='bbox 1484 2445 1582 2475; x_wconf 89' lang='lat' dir='ltr'>modo</span> <span class='ocrx_word' id='word_1_507' title='bbox 1599 2444 1644 2474; x_wconf 90' lang='lat' dir='ltr'>lo-</span> 
     </span>
     <span class='ocr_line' id='line_1_94' title="bbox 943 2493 1642 2526; baseline 0 -2"><span class='ocrx_word' id='word_1_508' title='bbox 943 2504 1002 2525; x_wconf 89' lang='lat' dir='ltr'>cus</span> <span class='ocrx_word' id='word_1_509' title='bbox 1019 2493 1142 2525; x_wconf 88' lang='lat' dir='ltr'>mendo</span> <span class='ocrx_word' id='word_1_510' title='bbox 1158 2498 1264 2526; x_wconf 89' lang='lat' dir='ltr'>caret.</span> <span class='ocrx_word' id='word_1_511' title='bbox 1309 2495 1364 2525; x_wconf 86' lang='lat' dir='ltr'>De</span> <span class='ocrx_word' id='word_1_512' title='bbox 1380 2493 1531 2524; x_wconf 88' lang='lat' dir='ltr'>muribus</span> <span class='ocrx_word' id='word_1_513' title='bbox 1544 2496 1642 2524; x_wconf 83' lang='lat' dir='ltr'>x.o5.</span> 
     </span>
     <span class='ocr_line' id='line_1_95' title="bbox 944 2545 1644 2584; baseline 0 -9"><span class='ocrx_word' id='word_1_514' title='bbox 944 2545 1100 2584; x_wconf 81' lang='lat' dir='ltr'>Bongars.</span> <span class='ocrx_word' id='word_1_515' title='bbox 1148 2545 1202 2576; x_wconf 93' lang='lat' dir='ltr'>Id.</span> <span class='ocrx_word' id='word_1_516' title='bbox 1219 2545 1403 2576; x_wconf 80' lang='lat' dir='ltr'>Plin.v111.</span> <span class='ocrx_word' id='word_1_517' title='bbox 1421 2548 1473 2576; x_wconf 85' lang='lat'>57.</span> <span class='ocrx_word' id='word_1_518' title='bbox 1497 2554 1539 2575; x_wconf 85' lang='lat' dir='ltr'>ex</span> <span class='ocrx_word' id='word_1_519' title='bbox 1556 2545 1644 2575; x_wconf 90' lang='lat' dir='ltr'>insu-</span> 
     </span>
     <span class='ocr_line' id='line_1_96' title="bbox 942 2594 1644 2636; baseline -0.003 -10"><span class='ocrx_word' id='word_1_520' title='bbox 942 2596 974 2626; x_wconf 87' lang='lat' dir='ltr'>la</span> <span class='ocrx_word' id='word_1_521' title='bbox 1000 2596 1114 2636; x_wconf 82' lang='lat' dir='ltr'>Gyaro</span> <span class='ocrx_word' id='word_1_522' title='bbox 1137 2594 1273 2635; x_wconf 84' lang='lat' dir='ltr'>fugatos</span> <span class='ocrx_word' id='word_1_523' title='bbox 1298 2604 1317 2626; x_wconf 87' lang='lat' dir='ltr'>a</span> <span class='ocrx_word' id='word_1_524' title='bbox 1340 2594 1488 2625; x_wconf 87' lang='lat' dir='ltr'>muribus</span> <span class='ocrx_word' id='word_1_525' title='bbox 1506 2595 1644 2633; x_wconf 83' lang='lat' dir='ltr'>incolas,</span> 
     </span>
     <span class='ocr_line' id='line_1_97' title="bbox 943 2644 1642 2685; baseline -0.003 -9"><span class='ocrx_word' id='word_1_526' title='bbox 943 2655 984 2676; x_wconf 85' lang='lat' dir='ltr'>ex</span> <span class='ocrx_word' id='word_1_527' title='bbox 1020 2645 1187 2685; x_wconf 86' lang='lat' dir='ltr'>Theophr.</span> <span class='ocrx_word' id='word_1_528' title='bbox 1215 2644 1335 2676; x_wconf 77' lang='lat' dir='ltr'>refert.</span> <span class='ocrx_word' id='word_1_529' title='bbox 1373 2645 1522 2675; x_wconf 82' lang='lat' dir='ltr'>Pontan.</span> <span class='ocrx_word' id='word_1_530' title='bbox 1560 2644 1642 2675; x_wconf 83' lang='lat' dir='ltr'>Pro·</span> 
     </span>
     <span class='ocr_line' id='line_1_98' title="bbox 943 2693 1643 2734; baseline 0 -10"><span class='ocrx_word' id='word_1_531' title='bbox 943 2703 1055 2734; x_wconf 84' lang='lat' dir='ltr'>gymn.</span> <span class='ocrx_word' id='word_1_532' title='bbox 1080 2703 1129 2726; x_wconf 75' lang='grc' dir='ltr'>ιν.</span> <span class='ocrx_word' id='word_1_533' title='bbox 1154 2696 1206 2724; x_wconf 88' lang='grc'>26.</span> <span class='ocrx_word' id='word_1_534' title='bbox 1231 2693 1356 2734; x_wconf 85' lang='lat' dir='ltr'>Scalig.</span> <span class='ocrx_word' id='word_1_535' title='bbox 1385 2693 1538 2724; x_wconf 88' lang='lat' dir='ltr'>Exercit.</span> <span class='ocrx_word' id='word_1_536' title='bbox 1568 2696 1643 2724; x_wconf 83' lang='lat'>188.</span> 
     </span>
     <span class='ocr_line' id='line_1_99' title="bbox 942 2745 1099 2776; baseline -0.006 0"><span class='ocrx_word' id='word_1_537' title='bbox 942 2748 973 2776; x_wconf 87' lang='grc'>2.</span> <span class='ocrx_word' id='word_1_538' title='bbox 998 2745 1099 2775; x_wconf 80' lang='lat' dir='ltr'>Bern.</span> 
     </span>
    </p>

    <p class='ocr_par' dir='ltr' id='par_1_13' title="bbox 943 2793 1643 2935">
     <span class='ocr_line' id='line_1_100' title="bbox 984 2793 1641 2836; baseline -0.003 -10"><span class='ocrx_word' id='word_1_539' title='bbox 984 2795 1233 2836; x_wconf 74' lang='lat' dir='ltr'>§3.Hercules]</span> <span class='ocrx_word' id='word_1_540' title='bbox 1273 2795 1381 2827; x_wconf 84' lang='lat' dir='ltr'>Quem</span> <span class='ocrx_word' id='word_1_541' title='bbox 1414 2793 1579 2825; x_wconf 87' lang='lat' dir='ltr'>reducere</span> <span class='ocrx_word' id='word_1_542' title='bbox 1608 2794 1641 2824; x_wconf 90' lang='lat' dir='ltr'>in</span> 
     </span>
     <span class='ocr_line' id='line_1_101' title="bbox 943 2843 1641 2885; baseline -0.001 -10"><span class='ocrx_word' id='word_1_543' title='bbox 943 2854 1084 2885; x_wconf 89' lang='lat' dir='ltr'>reguum</span> <span class='ocrx_word' id='word_1_544' title='bbox 1103 2844 1260 2876; x_wconf 88' lang='lat' dir='ltr'>tentabat</span> <span class='ocrx_word' id='word_1_545' title='bbox 1276 2843 1535 2884; x_wconf 76' lang='lat' dir='ltr'>Polyperchon:</span> <span class='ocrx_word' id='word_1_546' title='bbox 1565 2853 1641 2874; x_wconf 90' lang='lat' dir='ltr'>eum</span> 
     </span>
     <span class='ocr_line' id='line_1_102' title="bbox 943 2893 1643 2935; baseline -0.004 -8"><span class='ocrx_word' id='word_1_547' title='bbox 943 2900 1057 2927; x_wconf 86' lang='lat' dir='ltr'>tamen</span> <span class='ocrx_word' id='word_1_548' title='bbox 1078 2904 1097 2927; x_wconf 91' lang='lat' dir='ltr'>a</span> <span class='ocrx_word' id='word_1_549' title='bbox 1121 2894 1311 2926; x_wconf 77' lang='lat' dir='ltr'>Cassandro</span> <span class='ocrx_word' id='word_1_550' title='bbox 1327 2898 1504 2935; x_wconf 88' lang='lat' dir='ltr'>corruptus</span> <span class='ocrx_word' id='word_1_551' title='bbox 1519 2893 1643 2924; x_wconf 84' lang='lat' dir='ltr'>intere·</span> 
     </span>
    </p>
   </div>
  </div>
 </body>
</html>
