2174 3424
508 341 595 383 644

510 446 594 477 dunt
607 446 686 486 poni
711 455 782 486 pro,
803 448 990 488 remittere,
1005 449 1204 480 confirman-

508 497 599 528 dum.
634 497 719 529 Haec
733 498 822 530 enim
834 509 926 531 mens
939 505 991 531 est
1004 500 1203 541 Augustini:

507 548 517 565 ‘
532 548 627 579 Deus
643 558 752 590 neque
769 551 1019 592 permittendo,’
1041 562 1085 584 sc.
1099 558 1135 584 ut
1147 553 1204 584 de-

508 599 644 639 beatur,
669 600 701 631 h.
725 610 754 632 e.
788 606 826 633 ut
860 607 1026 642 peccetur
1048 603 1203 634 nimirum

508 649 659 690 impune,
672 651 682 668 ‘
697 661 805 692 neque
819 653 983 692 exigendo
996 654 1086 695 quod
1102 654 1204 685 debe-

508 699 586 740 tur,’
609 701 639 732 h.
653 711 682 733 e.
706 703 876 741 puniendo
899 708 1055 743 peccata,
1079 704 1205 744 ‘injus-

509 755 562 780 tus
575 750 651 782 est!
694 752 890 784 Permittunt
906 754 1008 792 igitur
1019 755 1114 794 Magi
1125 755 1205 786 mili-

507 801 563 830 tioe
578 801 778 841 vacationem,
802 804 861 834 sed
884 804 925 834 ad
949 804 1067 835 tributa
1086 805 1206 836 intelli-

508 850 609 889 gend.
624 852 798 884 remittunt.
822 853 936 886 Graev.
981 854 1022 885 In
1045 856 1129 886 Mss.
1151 855 1208 886 ali-

507 906 591 941 quot
613 911 674 941 pro
686 902 848 934 remittunt
865 904 991 944 legitur
1008 907 1204 945 permittunt.

506 949 682 982 Veriorem
697 956 812 984 tamen
825 954 902 985 lect.
917 964 990 986 esse
1002 956 1204 987 crediderim

505 1001 683 1040 remittunt,
707 1008 744 1034 ut
767 1003 911 1043 ipsemet
932 1005 1059 1037 Justin.
1083 1016 1159 1038 xxr.
1176 1011 1205 1038 1.

505 1050 514 1066 ‘
528 1050 668 1082 Tributa
682 1054 807 1092 populo
825 1063 884 1092 per
898 1055 1079 1086 triennium
1093 1057 1205 1088 remit-

507 1101 551 1131 tit
565 1100 586 1139 ς’
608 1111 714 1143 neque
729 1112 808 1134 sane
822 1104 922 1135 aliter
936 1105 1056 1145 optimi
1079 1107 1205 1147 quique

507 1152 901 1194 scriptoresloquuntur.
945 1155 1012 1185 Sed
1036 1156 1098 1186 hoc
1112 1166 1205 1197 saepe

509 1201 667 1240 demiror,
681 1203 767 1243 quod
782 1204 834 1234 hic
848 1204 992 1243 legitur:
1017 1208 1205 1238 vacationem

505 1252 680 1283 remittunt.
726 1253 813 1283 Nam
825 1254 980 1285 remittere
994 1255 1129 1296 quidem
1146 1257 1206 1287 tri-

506 1301 580 1331 buta
610 1307 705 1333 recte
735 1303 872 1343 dixeris,
901 1305 980 1345 quia
1001 1307 1010 1323 ‘
1029 1307 1205 1338 tributum’

507 1359 561 1381 res
579 1351 663 1382 dura
678 1357 742 1391 est,
769 1358 804 1384 et
829 1363 985 1394 onerosa,
1007 1361 1055 1395 et,
1075 1361 1114 1387 ut
1134 1357 1205 1397 opi-

507 1409 581 1439 nor,
615 1410 680 1432 non
718 1412 923 1443 magnopere
954 1406 1125 1445 optanda3
1171 1412 1206 1438 at

508 1452 516 1466 ‘
534 1451 684 1482 vacatio’
711 1461 764 1483 res
792 1458 845 1484 est
874 1458 910 1484 et
933 1454 1085 1494 jucunda
1111 1462 1146 1488 et
1172 1457 1205 1488 in

507 1500 624 1539 primis
641 1502 847 1541 expetenda.
892 1503 1118 1536 Quamobrem
1135 1506 1206 1546 ipse

506 1549 726 1582 libentissime
742 1553 898 1593 legerim,
923 1554 955 1585 id
982 1556 1083 1596 quod,
1106 1562 1144 1588 ut
1160 1558 1206 1588 in-

507 1610 617 1640 genue
655 1602 777 1642 dicam,
814 1607 1041 1637 necessarium
1071 1608 1206 1649 judico,

504 1650 619 1681 tributi
634 1655 663 1682 et
680 1652 803 1683 militioe
817 1656 1006 1686 vacationem
1022 1657 1055 1688 in
1071 1660 1112 1688 tr.
1137 1668 1206 1698 per-

506 1701 656 1733 mittunt.-
681 1702 702 1733 i.
718 1712 748 1734 e.
776 1705 988 1737 vacationem
1017 1717 1036 1737 a
1064 1708 1207 1748 tributo,

507 1752 717 1784 vacationem
736 1764 756 1784 a
771 1755 904 1786 militia.
928 1757 1040 1789 Faber.
1086 1759 1207 1789 Remit-

506 1804 576 1831 tunt
593 1801 719 1833 habent
736 1813 816 1834 sane
833 1810 918 1836 vett.
936 1806 1026 1846 typis
1043 1808 1208 1849 expressi,

507 1859 591 1889 quos
628 1857 792 1883 curarunt
825 1853 955 1893 Juntae‚
985 1856 1090 1888 Bech.
1121 1858 1206 1897 Maj.

507 1899 600 1930 Sicb.
644 1900 712 1931 Sed
737 1908 772 1931 et
798 1912 884 1934 unus
910 1905 978 1934 Ms.
1004 1915 1104 1945 quem
1122 1907 1208 1939 vidit

508 1950 617 1990 Bong.
643 1951 691 1982 sic
718 1951 834 1984 habet.
880 1954 1100 1996 Probantque
1127 1958 1207 1989 lect.

508 2010 583 2031 eam
614 2002 766 2034 Gronov.
806 2009 906 2045 atque
936 2005 1052 2038 Graev.
1118 2008 1206 2040 Sane

508 2051 622 2090 plirasi
646 2053 654 2069 ‘
668 2053 797 2084 tributa
811 2055 1005 2086 remittere'
1022 2067 1100 2088 usus
1118 2057 1207 2089 Auc-

510 2105 563 2129 tor
589 2109 669 2132 xxr.
693 2105 721 2133 l.
739 2106 769 2134 5.
797 2104 1019 2146 similiterque
1042 2115 1092 2138 xl.
1121 2110 1150 2138 l.
1177 2112 1208 2140 2.

509 2150 592 2181 dicit
603 2152 612 2168 ‘
626 2153 879 2192 expeditionem
894 2157 1091 2188 remittere!
1107 2159 1208 2190 Ωιι-«Ε-

508 2201 595 2232 ritur
616 2207 741 2243 antem,
768 2206 937 2245 quomodo
963 2207 1031 2238 dici
1056 2209 1208 2248 potuerit

507 2252 631 2282 milt'tz'oe
645 2255 833 2286 vacationem
848 2257 1005 2288 remittere
1017 2268 1028 2294 ;
1050 2259 1207 2299 quoniam

509 2311 549 2332 ea
563 2301 635 2334 fere
653 2308 783 2336 tantum
800 2316 874 2347 quae
896 2308 1038 2339 molesta
1053 2314 1142 2346 sunt,
1170 2315 1207 2341 ut

509 2352 518 2367 ‘
538 2353 726 2394 tributum,’
761 2356 769 2372 ‘
787 2358 991 2397 expeditio,'
1026 2360 1035 2376 ‘
1052 2360 1179 2390 remitti
1197 2360 1205 2373 ’

509 2401 690 2443 dicuntur;
727 2415 793 2436 uon
821 2413 933 2438 autem
963 2418 1004 2439 ea
1033 2420 1106 2450 quae
1131 2416 1207 2442 sunt

509 2458 619 2493 grata,
635 2459 672 2485 ut
689 2456 698 2471 ‘
712 2457 844 2487 vacatio
861 2457 1015 2490 militiae?
1060 2460 1205 2491 Dicend.

509 2502 624 2542 igitur,
640 2504 744 2537 verbo
760 2508 919 2538 remittere
943 2507 1115 2548 duplicem
1140 2511 1205 2541 vim

509 2552 698 2591 subjectam
724 2555 778 2585 hic
794 2565 889 2597 esse3
911 2561 946 2588 et
970 2558 1092 2589 militioe
1117 2570 1205 2591 vaca-

508 2603 624 2633 tionem
638 2605 796 2636 remittere
813 2607 899 2637 idetn
915 2617 991 2638 esse
1009 2609 1109 2649 quod,
1124 2610 1207 2640 mili-

508 2653 566 2682 tim
598 2655 807 2686 vacationem
839 2658 1046 2696 permittere.
1098 2660 1207 2691 Quam

511 2703 603 2733 vocis
619 2705 898 2742 significationem
925 2713 1084 2740 notarunt
1108 2710 1207 2749 enja-

510 2753 581 2783 cius
599 2754 630 2783 in
649 2754 749 2785 Obss.
774 2757 866 2797 Lips.
895 2757 926 2787 in
946 2758 1028 2789 Not.
1046 2759 1087 2789 ad
1107 2759 1164 2790 lib.
1184 2768 1208 2791 1.

509 2804 633 2843 Taciti,
649 2813 680 2835 et
697 2805 813 2837 Gifan.
831 2808 864 2837 in
879 2808 980 2839 Obss.
996 2810 1031 2839 L.
1046 2810 1081 2839 L.
1106 2809 1207 2841 Quod

513 2861 625 2885 autem
640 2866 739 2887 unum
764 2858 919 2899 idemque
937 2859 1073 2889 verbum
1100 2858 1141 2889 ad
1158 2858 1208 2889 di-

512 2914 609 2937 versa
636 2908 771 2939 nomina
798 2909 940 2942 relatum
967 2909 1138 2950 duplicem
1158 2909 1207 2940 in-

963 355 1104 388 NOTAE
1138 357 1404 390 VARIORUM
1441 359 1493 390 IN

1255 452 1389 483 terdnm
1414 452 1695 493 significationem
1719 454 1855 495 habeat,
1877 456 1950 497 ejus

1254 501 1326 541 ipse
1354 503 1481 534 Noster
1498 503 1595 543 plura
1616 506 1772 545 exempla
1792 507 1951 547 suppedi-

1255 556 1326 583 tat:
1350 561 1406 583 111.
1422 555 1451 582 1.
1467 555 1499 583 9.
1516 552 1548 582 in
1565 553 1635 585 his:
1661 555 1670 571 ‘
1688 555 1733 585 Et
1748 555 1876 586 caedem
1892 566 1951 597 pa-

1255 601 1328 639 tris,
1345 606 1380 632 et
1397 612 1431 632 se
1448 602 1490 633 ab
1515 603 1645 635 insidiis
1662 603 1828 636 Artabani
1844 606 1951 637 vindi-

1255 652 1376 691 cavit3'
1411 657 1447 684 et
1472 662 1520 684 Χι.
1545 656 1577 684 9.
1604 656 1655 685 14.
1680 654 1713 684 ἰη
1736 655 1810 686 his:
1843 656 1852 673 ‘
1872 656 1951 687 Non

1254 706 1410 741 mortem,
1437 702 1497 733 sed
1529 702 1723 734 dilationem
1752 705 1869 736 mortis
1893 705 1952 737 de-

1255 752 1460 792 precantur!
1505 753 1573 784 Sed
1601 754 1710 794 Bong.
1733 754 1812 795 quia
1828 756 1861 785 in
1878 756 1952 796 plu-

1255 803 1347 834 ribus
1385 804 1467 834 Mss.
1506 804 1637 843 reperit
1668 805 1867 844 permittunt,
1904 806 1953 838 ita

1255 853 1355 893 plane
1372 858 1408 884 et
1423 853 1632 884 rescribend.
1649 855 1795 894 putavit.
1841 855 1877 886 Si
1891 855 1954 896 igi-

1255 908 1311 935 tur
1335 905 1448 945 legere
1475 904 1641 944 quispiam
1667 904 1763 936 malit
1787 904 1906 936 tributa
1921 909 1953 936 et

1254 954 1378 985 militioe
1404 956 1590 985 vacationem
1610 954 1806 994 permittunt,
1827 953 1866 984 τὸ
1884 964 1954 995 per-

1254 1005 1382 1035 mittunt
1408 1005 1491 1036 item
1522 1007 1662 1037 notione
1684 1015 1751 1037 non
1780 1016 1859 1046 una,
1891 1007 1952 1038 sed

1255 1054 1396 1095 duplici,
1419 1056 1654 1095 accipiendum
1671 1056 1756 1087 erit:
1780 1061 1819 1087 ut
1835 1057 1954 1088 tributa

1251 1105 1432 1145 permittere
1448 1107 1492 1136 sit
1514 1116 1586 1146 pro,
1612 1106 1744 1138 tributa
1765 1107 1952 1138 remittere.

1255 1156 1323 1186 Sed
1340 1161 1442 1197 negat
1458 1157 1608 1188 Gronov.
1631 1167 1703 1187 eam
1731 1157 1827 1187 verbi
1851 1156 1954 1196 signi-

1254 1205 1446 1237 ficationem
1472 1217 1612 1248 usquam
1636 1207 1821 1238 observari.
1873 1207 1953 1237 Vid.

1255 1265 1304 1286 1v.
1330 1256 1415 1288 Obs.
1440 1259 1470 1288 2.
1518 1257 1585 1288 Alii
1612 1262 1737 1297 tamen,
1765 1257 1854 1288 inter
1868 1267 1951 1298 quos

1256 1305 1371 1337 Gifan.
1418 1316 1491 1337 eam
1526 1307 1697 1339 observari
1747 1312 1952 1340 asseverant.

1256 1356 1407 1388 Quorum
1424 1356 1717 1388 observationibus
1741 1358 1865 1398 adjicio
1891 1367 1954 1398 ego

1255 1406 1345 1446 quod
1370 1406 1406 1436 in
1432 1407 1494 1446 Ep.
1512 1409 1585 1438 106.
1610 1406 1791 1446 Augustini
1807 1408 1954 1449 legitur:

1256 1456 1265 1472 ‘
1283 1455 1373 1486 Deus
1386 1455 1393 1467 ’
1409 1456 1491 1496 &c.]
1513 1457 1554 1488 V.
1572 1457 1679 1497 supr.]
1709 1457 1813 1489 Vorst.
1860 1458 1954 1489 Nihil

1255 1510 1395 1545 mutem,
1419 1506 1484 1536 etsi
1520 1506 1668 1537 habeant
1694 1507 1750 1538 alii
1779 1508 1956 1549 remittunt,

1256 1556 1387 1597 hocque
1416 1556 1561 1596 probent
1586 1557 1650 1587 viri
1678 1556 1820 1589 doctiss.
1866 1559 1954 1590 Nam

1257 1615 1332 1636 cum
1350 1615 1449 1636 sensu
1467 1606 1594 1647 duplici
1609 1606 1798 1647 accipiend.
1815 1608 1954 1640 verbum

1257 1656 1312 1695 sit,
1328 1657 1398 1688 sive
1414 1657 1489 1696 hoc,
1517 1658 1587 1688 sive
1604 1657 1700 1696 illud,
1725 1667 1842 1698 ponas,
1866 1660 1956 1690 malo

1257 1706 1396 1737 credere
1431 1707 1615 1746 permittunt
1648 1708 1822 1748 scripsisse
1851 1708 1958 1741 Justi-

1257 1765 1348 1795 num,
1373 1766 1469 1796 quam
1486 1758 1660 1796 remittunt,
1685 1758 1764 1798 quia
1788 1758 1822 1789 id
1848 1760 1956 1799 magis

1256 1806 1445 1846 respondet
1462 1807 1610 1847 propiori
1626 1808 1826 1839 vacationem.
1842 1808 1958 1841 Scbef.

1300 1857 1317 1896 ς
1349 1859 1386 1886 13
1433 1857 1633 1895 Imlulgentia
1661 1860 1692 1888 et
1721 1858 1956 1899 largitionibus]

1257 1906 1313 1936 Sic
1340 1906 1427 1936 male
1451 1906 1556 1937 editi:
1581 1916 1696 1938 omnes
1724 1908 1814 1938 enim
1836 1908 1958 1949 scripti

1257 1956 1332 1986 libr.
1360 1956 1561 1995 imlulgentioe
1591 1958 1610 1989 l.
1640 1957 1827 1998 eodemque
1857 1959 1956 1990 modo

1257 2004 1318 2036 inf.
1338 2015 1412 2038 Χνι.
1430 2010 1459 2037 1.
1483 2007 1492 2023 ‘
1508 2007 1618 2047 stirps
1635 2007 1786 2038 subolis!
1811 2008 1910 2039 Gron.

1301 2058 1374 2097 §14
1405 2058 1530 2097 Ostami]
1577 2057 1723 2088 Ostanes
1750 2057 1956 2099 Pharnaspis

1257 2106 1302 2137 fil.
1317 2107 1409 2147 cujus
1425 2108 1494 2138 filia
1516 2107 1701 2148 Pb‘aedyma
1717 2108 1957 2148 appellabatur

1258 2156 1387 2188 Herod.
1404 2157 1461 2188 lib.
1480 2166 1537 2188 ιιι.
1554 2168 1629 2198 cap.
1645 2160 1698 2189 68.
1744 2158 1888 2189 Pedima
1915 2159 1954 2190 L.

1260 2205 1428 2247 Ampelio.
1454 2208 1550 2238 Rern.

1302 2257 1340 2286 1η
1355 2257 1537 2296 conjecturis
1551 2256 1765 2297 sagacissimo]
1783 2257 1861 2289 Non
1878 2267 1956 2290 con-

1258 2309 1384 2345 temno,
1399 2307 1488 2347 quod
1505 2307 1657 2347 impressi
1673 2307 1807 2348 quidam
1818 2308 1958 2348 habent,

1258 2356 1289 2387 in
1304 2357 1488 2397 conjectura,
1514 2357 1592 2398 quia
1616 2356 1730 2388 firmat
1755 2358 1822 2389 Ms.
1839 2358 1872 2389 in
1889 2369 1955 2399 quo

1257 2408 1445 2446 conjecturas
1457 2408 1590 2447 legitur.
1635 2408 1763 2439 Ultima
1780 2408 1867 2439 enirn
1881 2409 1958 2440 lite-

1257 2466 1294 2486 ra
1310 2467 1351 2487 cx
1378 2456 1499 2488 initiali
1526 2457 1696 2498 sequentis
1722 2457 1878 2489 vocabuli
1899 2459 1957 2489 ad-

1257 2507 1368 2537 haesit.
1413 2508 1501 2537 Sane
1525 2516 1585 2537 cur
1601 2507 1643 2537 de
1666 2507 1829 2547 pluribus,
1854 2517 1955 2548 quam

1256 2557 1320 2587 hac
1338 2566 1404 2587 una
1424 2557 1456 2587 in
1481 2557 1641 2597 praesenti
1657 2557 1806 2597 negotio,
1822 2558 1957 2598 conjec-

1258 2607 1342 2637 turis
1363 2607 1457 2637 locus
1484 2606 1608 2637 debeat
1636 2606 1790 2647 intelligi,
1807 2607 1863 2638 vix
1879 2607 1953 2638 dari

1259 2661 1371 2696 potest
1385 2666 1497 2687 causa.
1521 2656 1624 2694 Schef.

1302 2709 1319 2748 ξ
1339 2711 1374 2738 15
1401 2709 1500 2748 Filia]
1516 2710 1600 2740 Qum
1615 2708 1654 2738 ab
1668 2707 1796 2739 Herod.
1809 2706 1955 2748 Φαιδύμη,

1260 2768 1278 2789 a
1294 2760 1414 2790 Zonar.
1439 2758 1592 2796 Φαιδυμίη,
1609 2763 1760 2788 vocatur.

1302 2810 1317 2848 ξ
1338 2812 1376 2838 16
1402 2807 1627 2847 Reclmlantur]
1652 2809 1687 2839 F.
1702 2808 1813 2838 seclud.
1844 2807 1951 2839 Gron.

1302 2861 1318 2899 ξ
1338 2862 1376 2889 19
1399 2859 1524 2898 Septem
1549 2858 1683 2898 tautum]
1720 2858 1873 2898 Thucyd.
1904 2867 1953 2889 vr.

1258 2912 1289 2941 9.
1306 2912 1358 2941 26.
1383 2910 1391 2926 ‘
1408 2909 1512 2941 Pauci
1529 2910 1800 2950 conjuraverant,
1823 2918 1888 2950 quo
1904 2912 1955 2940 tu-
