2174 3424
505 319 588 361 780

505 421 592 463 quod
609 420 788 462 pueritiam
803 419 925 451 Thebis
942 422 1043 461 pater
1056 419 1200 460 egisset3

505 470 786 513 quemadmodum
802 471 811 486 ‘
824 471 1029 510 deprecatur
1044 469 1205 509 supersti-

506 522 617 554 tione'
644 526 697 553 est
726 531 799 562 pro,
823 520 1034 561 deprecatur
1057 530 1120 561 per
1148 521 1204 551 vel

507 577 649 614 propter
676 571 962 612 superstitionem.
1009 571 1046 603 Si
1073 571 1205 610 legatur

507 627 585 655 actoe
596 622 754 664 pueritioe,
774 621 948 662 oportebit
963 620 996 651 id
1020 619 1139 651 referri
1161 620 1205 651 ad

508 683 642 711 vocem,
671 682 744 714 quae
775 671 953 712 praecedit,
976 671 1208 711 ‘superstitio-

509 723 575 755 ne.'
609 722 717 763 Atqui
728 722 790 752 hoc
801 731 868 752 non
883 725 1017 762 potest:
1036 730 1102 752 non
1118 721 1207 752 enim

509 783 571 814 pro
587 772 829 814 superstitione
845 771 962 803 haberi
985 772 1098 812 potuit
1118 771 1208 813 quod

511 824 693 865 pueritiam
721 822 901 862 Philippus
930 821 1054 852 Thebis
1078 825 1209 862 egerat,

513 872 794 915 quemadmodum
810 871 901 913 quod
917 872 1096 910 Hercules,
1111 880 1210 912 quem

513 934 574 965 pro
591 924 668 954 Deo
692 922 864 961 colebant,
881 931 935 962 ap.
949 921 1131 952 Thebanos
1155 930 1211 961 ge-

513 974 602 1005 nitus
618 972 743 1009 fuerat,
760 981 820 1012 pro
835 971 1080 1012 superstitione
1094 970 1213 1002 haberi

514 1028 662 1065 poterat.
696 1023 770 1055 Vor.

557 1076 573 1115 ς
592 1078 610 1106 7
640 1073 720 1105 Urbs
735 1072 887 1113 diruitur]
910 1073 1048 1103 Praeter
1074 1070 1213 1102 Arrian.

518 1136 544 1157 1.
577 1125 677 1156 Diod.
707 1133 799 1156 xvu.
825 1128 877 1156 13.
908 1130 943 1156 et
971 1126 1022 1156 14.
1059 1124 1153 1154 Plut.
1180 1123 1215 1153 in

519 1175 620 1206 Alex.
636 1184 667 1206 c.
685 1177 739 1205 19.
756 1179 791 1205 et
808 1176 860 1205 20.
885 1173 952 1205 vid.
973 1173 1095 1204 AElian.
1111 1173 1152 1203 V.
1168 1172 1215 1204 H.

518 1234 602 1256 xru.
624 1228 656 1256 7.
684 1224 787 1256 Paus.
815 1223 941 1255 Arcad.
967 1227 1003 1254 et
1027 1222 1140 1253 Strab.
1164 1231 1215 1253 rx.

519 1275 576 1315 qui
590 1273 721 1305 Thebas
734 1282 792 1303 suo
807 1277 960 1312 tempore
971 1272 1028 1302 vix
1041 1271 1126 1303 tueri
1138 1271 1218 1303 scri-

518 1324 582 1363 bit,
599 1322 666 1354 οὐδὲ
680 1322 780 1361 κώμης
794 1322 953 1361 ἀξιολόγου
965 1321 1072 1353 τύπον.
1096 1322 1203 1361 Bong.

566 1374 707 1415 Captivi]
733 1375 881 1406 Quorum
898 1377 995 1404 erant
1015 1375 1067 1404 30.
1082 1373 1132 1403 M.
1156 1373 1219 1404 Ce-

519 1424 673 1456 <aderant
691 1428 802 1454 autem
819 1426 871 1453 90.
893 1423 942 1454 Μ.
967 1422 1060 1453 Plut.
1072 1421 1172 1452 Alex.
1190 1431 1220 1453 c.

519 1478 573 1506 20.
588 1474 708 1505 AElian.
721 1474 764 1504 V.
777 1473 822 1504 H.
838 1482 921 1504 xm.
932 1475 963 1504 7.
979 1473 1075 1503 Idem.
1099 1472 1219 1503 AElian.

522 1525 565 1555 de
582 1523 727 1564 captivis
744 1523 936 1553 consentit:
960 1522 1147 1553 occisorum
1164 1531 1220 1552 au·

523 1580 592 1606 tem
606 1574 743 1605 circiter
756 1576 809 1604 90.
825 1573 875 1604 Μ.
893 1578 1053 1613 corrupto
1068 1571 1092 1603 f.
1110 1582 1223 1603 nume-

524 1635 576 1664 ro,
589 1625 708 1655 refert.
740 1623 806 1654 lid.
823 1628 857 1655 et
872 1623 1036 1654 Arrianus
1052 1632 1076 1654 1.
1094 1622 1224 1654 addunt

524 1674 665 1707 Pindari
681 1674 828 1713 domum,
848 1673 990 1714 ejusque
1005 1672 1157 1714 stirpem,
1180 1673 1223 1704 ab

523 1724 731 1763 Alexandro,
760 1723 872 1764 poetae
902 1722 1102 1754 nobilissimi
1130 1732 1224 1754 reve-

526 1776 637 1807 rentia
657 1775 772 1814 ducto,
794 1779 918 1805 sartam
945 1778 1068 1805 tectam
1091 1783 1226 1805 conser-

526 1831 662 1857 vatam:
686 1824 918 1856 sacerdotibus
941 1824 1022 1855 item
1050 1823 1225 1865 utriusque

526 1885 627 1907 sexus
649 1879 685 1906 et
708 1874 934 1905 Macedonum
947 1873 1135 1913 hospitibus
1152 1882 1226 1914 par-

527 1927 631 1957 citum
644 1924 760 1956 fuisse.
784 1925 836 1955 De
850 1923 990 1955 Pindari
1006 1923 1135 1954 familia
1151 1933 1228 1955 con-

530 1976 634 2008 sentit
650 1976 752 2006 etiam
770 1975 857 2006 Plin.
871 1983 936 2005 vn.
953 1977 1006 2005 29.
1035 1974 1130 2005 Bern.

575 2026 641 2057 Sub
669 2035 781 2056 corona
808 2023 994 2063 venduntur]
1030 2024 1108 2055 Non
1138 2023 1228 2065 quod

532 2085 657 2108 corona
672 2076 828 2113 rnilitum,
842 2074 1006 2106 custodiae
1026 2083 1137 2113 causa,
1151 2083 1229 2114 cap-

531 2127 676 2158 tivorum
694 2126 860 2156 venalium
889 2133 1008 2164 greges
1033 2124 1230 2155 circumsta-

534 2182 586 2208 ret
602 2187 610 2208 :
636 2176 696 2207 sed
712 2175 790 2216 quia
806 2175 884 2216 jure
908 2174 988 2206 belli
1004 2180 1121 2215 captos
1137 2184 1231 2205 coro-

534 2232 632 2258 natos
670 2226 796 2257 vaenire
833 2235 904 2256 mos
941 2230 1028 2257 erat.
1083 2225 1231 2257 Vidend.

535 2278 645 2317 Agell.
663 2285 729 2308 vu.
746 2279 778 2307 4.
813 2276 912 2308 Bern.

578 2329 594 2368 ξ
612 2330 630 2358 8
656 2325 863 2365 Extenditur]
887 2326 936 2357 Ut
951 2330 1047 2357 tanto
1064 2325 1168 2366 pluris
1185 2335 1232 2357 sc.

536 2377 715 2416 vaenirent,
727 2381 852 2417 quanto
865 2375 1018 2416 cupidius
1035 2376 1076 2406 ab
1092 2375 1234 2406 inimicis

537 2430 741 2458 emerentur.
775 2425 874 2465 Hisp.
890 2425 1012 2465 interp.
1023 2425 1145 2465 exiguo
1161 2435 1236 2465 pre-

539 2478 587 2509 tio
614 2475 768 2507 venditos
792 2475 852 2514 ait,
870 2476 963 2516 quasi
985 2485 1046 2516 per
1062 2479 1236 2516 contemp-

539 2534 622 2560 tum.
666 2526 734 2557 Sed
752 2526 888 2557 verbum
903 2526 912 2542 ‘
929 2526 1138 2557 extenditur'
1151 2527 1237 2557 hanc

538 2577 817 2619 significationem
844 2586 911 2607 non
937 2576 1101 2608 admittit.
1135 2576 1237 2608 Diod.

542 2637 632 2659 xvn.
658 2629 708 2658 14.
740 2635 758 2656 e
783 2626 993 2666 captivorum
1019 2626 1238 2658 distractione

542 2679 672 2709 talenta
696 2679 770 2708 440.
801 2676 942 2707 redacta
967 2676 1098 2716 scribit,
1120 2677 1238 2717 opinor

546 2728 659 2759 Attica
674 2738 682 2766 ;
704 2736 776 2767 quae
794 2726 822 2756 si
833 2726 964 2766 singula
979 2729 1052 2758 600.
1068 2727 1237 2758 coronatis

545 2779 767 2816 mstimentur,
782 2777 837 2807 uni
857 2777 994 2817 captivo
1009 2787 1027 2808 e
1044 2780 1161 2809 30000.
1174 2778 1238 2809 illis

545 2828 719 2859 evenerint
733 2827 887 2858 coronati
904 2836 1009 2868 prope
1025 2830 1056 2857 9.
1091 2827 1187 2859 Idem.

972 328 1111 358 NOTAE
1149 327 1407 358 VARlORUM
1443 327 1493 357 IN

1292 419 1310 459 ξ
1326 421 1347 449 9
1367 418 1537 459 Aperuere]
1559 417 1755 449 Reddentes
1770 416 1876 447 vicem
1893 416 1950 448 be-

1251 469 1375 508 neficii,
1391 470 1489 510 quale
1502 473 1537 500 et
1550 468 1612 509 ipsi
1628 471 1846 508 acceperant.
1868 467 1952 507 Sup.

1254 531 1290 552 v.
1306 523 1338 552 9.
1355 523 1385 552 4.
1399 524 1435 551 et
1451 523 1480 551 5.
1512 519 1609 550 Idem.

1296 572 1371 611 §10
1398 570 1441 600 Ut
1459 572 1606 608 oratores,
1627 567 1697 608 esna]
1721 568 1872 600 Quorum
1897 575 1954 596 no-

1254 622 1346 652 mina
1357 620 1509 652 referunt
1516 620 1650 651 Arrian.
1663 629 1690 651 1.
1701 622 1736 650 et
1746 619 1840 649 Plut.
1855 616 1955 648 Alex.

1256 681 1285 703 c.
1301 674 1354 702 32.
1377 671 1475 701 Idem.

1300 722 1317 761 ς
1334 723 1372 751 11
1392 721 1442 751 Ne
1456 719 1619 759 cogantur]
1634 719 1702 750 Ms.
1717 719 1825 758 Bong.
1839 727 1876 748 ne
1891 717 1957 748 hoec

1257 782 1324 811 cog.
1350 770 1499 811 Optime.
1547 770 1656 801 Porro
1684 769 1732 800 sic
1762 768 1931 808 distingue
1946 777 1956 798 ε

1257 820 1434 862 paratisque
1448 820 1540 858 Ath„
1551 829 1588 850 ne
1603 819 1666 849 haec
1680 821 1844 858 coguntur,
1856 816 1958 848 subire

1259 871 1380 910 bellum,
1395 880 1429 901 eo
1443 879 1502 909 reS,
1517 871 1570 909 &a
1595 869 1704 900 Gron:

1303 922 1446 953 Retentis
1473 921 1663 961 oratoribus]
1709 919 1959 952 Demosthenes

1262 973 1407 1004 recitato
1421 972 1455 1003 in
1471 971 1645 1011 concione,
1659 971 1701 1002 de
1726 970 1814 1011 lupis
1830 969 1873 1000 ab
1889 969 1960 1000 ovi-

1261 1022 1324 1053 bus
1336 1022 1542 1053 deditionem
1563 1031 1682 1052 canum
1698 1019 1962 1062 postulantibus,

1263 1071 1434 1113 Apologo,
1471 1072 1620 1103 obtinuit
1654 1081 1695 1102 ne
1729 1070 1962 1102 dederentur:

1263 1123 1358 1154 Plut.
1381 1123 1414 1153 in
1439 1121 1538 1153 Alex.
1566 1131 1643 1162 cap.
1664 1124 1717 1152 33.
1749 1123 1894 1160 excepto
1911 1124 1965 1150 ta-

1264 1182 1342 1204 men
1372 1172 1586 1210 Charidemo,
1609 1171 1678 1212 qui,
1704 1181 1747 1202 ex
1772 1169 1964 1201 oratoribus

1266 1232 1350 1253 unus
1367 1222 1505 1253 exulare
1515 1223 1637 1263 jussus,
1653 1221 1687 1251 in
1703 1220 1818 1251 Asiam
1835 1219 1878 1251 ad
1892 1220 1964 1250 Da-

1267 1273 1351 1303 riurn
1367 1270 1528 1312 profugit.
1551 1271 1684 1302 Ari-ian.
1700 1280 1724 1302 1.
1755 1271 1855 1301 Ber‘n.

1310 1324 1327 1363 ξ
1354 1325 1393 1354 12
1416 1322 1468 1353 Aa
1493 1322 1629 1353 Darium
1650 1320 1798 1361 profecti]
1828 1319 1966 1352 Arrian-

1268 1374 1373 1404 solum
1390 1371 1626 1403 Charidemum
1639 1371 1801 1401 nominat.
1824 1371 1930 1410 Bong-

1311 1424 1398 1455 CAP.
1415 1431 1448 1453 v.
1473 1424 1525 1463 §3
1544 1421 1603 1461 Et]
1638 1421 1715 1452 Hoc
1739 1424 1768 1452 et
1799 1430 1841 1451 ex
1866 1429 1967 1461 praec.

1269 1473 1432 1505 vocabulo
1448 1472 1631 1513 repetitum
1648 1471 1768 1502 nullius
1783 1480 1862 1502 usus
1875 1469 1969 1501 vide-

1270 1530 1338 1556 tur.
1365 1524 1422 1556 Fr.

1313 1575 1417 1614 Reges
1449 1571 1682 1614 stipendiarios]
1735 1572 1778 1603 In
1814 1570 1970 1602 exercitu

1272 1623 1459 1655 Alexandri
1482 1625 1491 1641 ‘
1509 1623 1739 1663 Pythagoram
1763 1630 1876 1662 regern
1904 1620 1971 1660 Cy-

1273 1673 1443 1716 priorum’
1472 1677 1639 1704 memorat
1662 1672 1759 1703 Curt.
1784 1680 1833 1702 1v.
1861 1673 1893 1702 3.
1917 1672 1970 1702 19.

1272 1735 1314 1756 an
1331 1730 1367 1756 et
1384 1724 1559 1764 alios,jarn
1586 1732 1652 1753 non
1674 1720 1834 1753 occurrit.
1864 1720 1972 1750 Fron-

1274 1777 1336 1807 tin.
1354 1776 1457 1806 Strat.
1474 1783 1513 1805 11.
1529 1776 1582 1804 ll.
1605 1775 1635 1804 3.
1659 1772 1778 1803 scribit
1802 1772 1811 1789 ‘
1825 1770 1972 1801 Alexan-

1275 1827 1382 1865 drum,
1397 1825 1531 1856 devicta
1546 1822 1802 1864 perdomitaque
1815 1820 1975 1860 Thracia,

1275 1886 1372 1917 reges
1399 1885 1512 1907 eorum
1539 1872 1787 1914 praefectosque
1809 1880 1922 1902 secum
1940 1871 1974 1901 in

1275 1927 1430 1958 militiam
1443 1924 1630 1956 Asiaticam
1644 1923 1736 1953 velut
1747 1921 1881 1952 honoris
1895 1930 1975 1951 cau·

1276 1987 1313 2007 sa
1328 1974 1497 2008 traxisse.'
1543 1974 1589 2004 Hi
1605 1974 1690 2004 tales
1703 1971 1843 2011 fuerint,
1857 1972 1973 2013 quales

1277 2027 1504 2058 Romanorum
1518 2023 1675 2064 auspiciis
1692 2027 1728 2053 et
1744 2022 1884 2053 arbitrio
1900 2031 1975 2062 reg-

1277 2080 1414 2114 narunt,
1436 2074 1579 2115 precarii
1596 2078 1631 2104 et
1653 2073 1708 2103 vix
1727 2082 1836 2113 reges.
1861 2072 1977 2103 Frein-

1279 2125 1440 2157 shemium
1456 2123 1534 2155 add.
1548 2123 1589 2154 ad
1601 2123 1732 2154 Surium
1747 2132 1782 2162 p.
1799 2125 1872 2153 515.
1895 2122 1974 2153 Ber.

1325 2173 1552 2215 Conspectioris
1576 2172 1712 2212 ingenii]
1738 2173 1747 2190 ‘
1767 2172 1900 2205 Quibus
1927 2172 1976 2203 vi-

1280 2225 1426 2256 debatur
1440 2224 1548 2254 inesse
1563 2233 1644 2254 cura
1659 2223 1823 2254 detractae
1840 2222 1978 2254 liberta-

1283 2275 1351 2314 tis,’
1367 2275 1414 2306 ait
1435 2273 1588 2304 Frontin.
1610 2272 1657 2303 ib.
1695 2273 1857 2312 Exempla
1879 2273 1979 2312 plura

1283 2325 1496 2364 Principum,
1508 2322 1564 2364 qui
1576 2328 1752 2363 suspectos
1769 2326 1826 2353 aut
1842 2323 1980 2353 aernulos

1283 2385 1346 2416 per
1382 2373 1529 2415 speciem
1566 2372 1699 2404 honoris
1728 2373 1981 2413 abstraxerunt,

1285 2425 1478 2457 referuntur
1495 2434 1514 2454 a
1530 2424 1631 2455 Grut.
1657 2423 1751 2454 Diss.
1773 2426 1825 2455 36.
1842 2423 1884 2454 ad
1898 2424 1979 2455 Tac.

1286 2475 1377 2507 Add.
1394 2474 1452 2505 inf.
1470 2482 1536 2504 xu-
1554 2475 1605 2503 14.
1621 2476 1652 2504 5.
1686 2473 1783 2504 Idem.

1327 2526 1379 2557 Ad
1394 2524 1605 2555 commilitium
1619 2532 1717 2553 secum
1733 2522 1845 2563 trahit]
1868 2522 1981 2554 Tibul-

1287 2576 1339 2607 lus
1353 2585 1376 2607 1.
1390 2578 1440 2606 ll.
1454 2576 1462 2592 ‘
1480 2574 1579 2605 Nunc
1595 2573 1636 2603 ad
1655 2573 1742 2603 bella
1757 2573 1895 2604 trahor!
1921 2574 1982 2605 Ce-

1287 2631 1397 2658 terum
1413 2624 1532 2655 trahere
1554 2633 1644 2665 saepe
1667 2623 1713 2655 id.
1735 2628 1787 2654 est
1803 2623 1905 2664 quod,
1923 2624 1982 2655 du-

1288 2685 1376 2707 cere.
1408 2675 1484 2705 Val.
1510 2674 1560 2704 M.
1582 2683 1614 2705 v.
1638 2675 1716 2705 4.1.
1742 2674 1752 2690 ‘
1768 2674 1982 2706 Volumniam

1289 2735 1425 2757 uxorem
1441 2725 1515 2765 ejus
1533 2729 1568 2754 et
1581 2723 1704 2754 liberos
1719 2733 1831 2755 secum
1849 2725 1984 2756 trahens

1289 2783 1397 2808 castra
1411 2776 1609 2805 Volscorum
1627 2773 1749 2814 petiit.'
1781 2775 1853 2806 Vor.

1333 2828 1349 2866 ξ
1371 2829 1389 2857 4
1413 2825 1574 2865 Adnnato]
1610 2823 1666 2855 Ita
1697 2824 1760 2855 Ms.
1789 2830 1823 2856 ct
1849 2824 1983 2868 quidam
