2174 3424
642 289 839 321 JUS'rlNl
876 291 968 320 LlB.

256 384 377 415 melior
403 391 539 423 sperare
566 382 753 415 secundos?
797 383 838 414 Id
861 382 952 424 quod

251 435 345 474 justa
365 433 601 464 dissertatione
625 433 802 465 confirmat
827 434 953 465 Grute-

261 495 327 523 rus,
349 494 424 525 quae
446 488 499 514 est
525 483 567 514 ad
582 483 665 514 Tac.
681 483 955 525 quinquagesima

259 535 375 565 tertia.
397 535 447 565 Id.

303 584 389 615 esp,
405 593 461 615 111.
494 585 545 624 §1
572 583 736 624 Triduum]
764 582 872 614 Sebis.
895 582 955 613 tri-

260 634 326 666 dui.
370 633 450 665 Vid.
467 638 580 664 notam
597 633 638 664 ad
655 642 694 664 11.
711 636 761 664 10.
779 635 829 664 12.
853 633 954 663 Bern.

259 683 356 715 Junt.
381 692 456 714 cum
483 684 549 714 Ms.
571 683 709 724 aliisque
732 682 809 713 edd.
832 683 955 713 triduo:

261 742 338 773 cap.
355 735 386 763 4.
409 733 419 749 ‘
436 732 490 763 Ob
507 733 579 764 haec
607 733 656 763 illi
681 732 865 774 quatriduo
882 742 956 772 per-

261 786 418 813 sever-ata
432 783 546 813 inedia
561 781 635 813 est.’
661 782 728 813 Sed
745 792 807 813 nec
820 782 957 813 triduum

260 833 530 872 improbandum.
570 832 675 863 Groev.
739 832 957 873 Antiquiores

262 883 340 915 edd.
356 883 501 913 Bechar.
525 883 611 923 Maj.
638 887 686 922 et,
709 887 747 913 ut
763 882 875 914 Graev.
891 886 958 913 tes-

263 936 369 972 tatur,
383 932 480 964 Junt.
495 932 617 963 triduo:
633 937 670 963 ut
686 941 726 963 11.
743 935 794 963 ll.
812 935 844 964 4.
863 933 873 949 ‘
885 932 958 963 Tri-

265 983 332 1013 duo
359 982 404 1013 ibi
429 981 658 1013 dimicatum:'
692 987 728 1013 et
751 992 817 1013 ΧΠ.
846 986 878 1014 6.
907 986 958 1013 15.

265 1033 274 1050 ‘
306 1032 363 1063 Illi
395 1032 572 1073 quatriduo
599 1037 816 1073 perseverata
844 1032 959 1063 inedia

267 1082 345 1114 est.’
373 1083 448 1114 Vor.

309 1135 327 1174 ξ
352 1136 372 1165 2
396 1133 674 1174 Exspectantibus]
709 1133 795 1164 Cod.
826 1133 893 1164 Ms.
924 1135 961 1163 ut

266 1183 374 1224 Bong.
390 1188 548 1222 testatur,
563 1182 779 1223 spectantibus.
825 1192 912 1214 xnl.
930 1185 960 1213 1.

267 1237 298 1265 8.
330 1234 339 1249 ‘
366 1234 520 1273 Regnum
551 1238 586 1264 et
613 1233 756 1273 imperia
783 1231 962 1273 spectare,'

267 1284 276 1301 ‘
302 1284 476 1314 thesauros
505 1282 685 1323 spectare!
739 1283 806 1314 Sed
839 1287 963 1322 putant

270 1332 408 1374 quidam
436 1335 612 1372 exspectare
644 1332 723 1372 poni
754 1332 857 1363 etiam
888 1342 962 1373 pro,

271 1388 444 1423 spectare.
500 1382 579 1414 Vid.
608 1382 719 1413 Notas
748 1381 791 1413 ad
819 1391 901 1413 xm.
934 1386 964 1414 1.

271 1436 323 1464 10.
347 1433 399 1463 Id.

314 1483 441 1513 Liberos
455 1493 524 1514 suos
538 1483 640 1514 animo
657 1482 727 1521 jam
748 1484 965 1522 quodammodo

271 1533 555 1573 complectentibus]
591 1534 709 1565 Codex
735 1534 802 1564 Ms.
840 1538 877 1564 ut
920 1533 965 1564 id.

273 1584 381 1623 Bong.
416 1588 576 1622 testatur,
605 1584 706 1614 animo
748 1583 894 1615 omittit:
932 1588 967 1615 et

273 1639 369 1666 recte
394 1644 468 1664 meo
486 1634 629 1674 judicio.
673 1635 762 1667 Quia
783 1635 792 1651 ‘
809 1635 969 1675 quodam-

274 1684 392 1715 modo’
416 1684 578 1725 sequitur,
599 1694 666 1714 non
692 1693 778 1725 opus
808 1689 882 1715 erat
913 1685 969 1716 ad-

276 1733 359 1765 dere
389 1734 511 1764 animo:
545 1733 748 1774 videturque
787 1743 829 1764 ex
866 1744 969 1775 marg.

275 1783 332 1814 ubi
349 1782 542 1823 explicandi
558 1792 656 1813 causa
671 1782 875 1823 adscriptum
892 1783 971 1822 fuit,

276 1832 454 1873 irrepsisse
481 1833 516 1863 in
540 1837 682 1864 textum.
727 1832 807 1872 Ipse
827 1833 970 1872 Auctor,

277 1882 306 1913 si
331 1883 433 1913 animo
462 1881 587 1913 addere
613 1882 789 1919 voluisset,
816 1884 972 1914 omittere

277 1932 445 1972 potuisset
460 1935 468 1949 ‘
481 1932 751 1972 quodammodo.’
780 1933 921 1965 Addunt
937 1939 973 1966 et

279 1982 335 2013 alii
352 1982 465 2021 animo,
485 1992 559 2013 cum
577 1983 818 2023 cogitationem
836 1989 871 2015 et
887 1985 972 2016 desi-

278 2031 410 2062 derium
434 2032 596 2063 denotare
623 2033 758 2063 volunt:
791 2038 828 2064 ut
855 2034 973 2075 Nepos

280 2089 392 2112 xxm.
408 2084 438 2112 1.
453 2084 484 2112 3.
508 2083 516 2099 ‘
532 2082 653 2113 Animo
669 2082 796 2114 bellare
813 2094 889 2114 cum
911 2085 975 2115 Ro-

279 2129 414 2161 manis:'
438 2135 474 2161 et
502 2131 582 2162 Sall.
613 2132 694 2172 Jug.
729 2133 738 2148 ‘
755 2133 877 2163 Totum
902 2133 973 2174 ejus

280 2189 421 2220 regnum
449 2180 559 2211 animo
584 2180 656 2220 jam
687 2180 856 2213 invaserat
870 2182 891 2213 :'
915 2183 975 2214 sed

280 2238 349 2260 non
376 2229 504 2260 addunt
528 2230 577 2260 illi
604 2235 640 2261 et
671 2230 681 2247 ‘
703 2231 975 2271 quodammodo.'

280 2280 396 2312 Vorst.
423 2281 512 2312 Illud
521 2283 625 2314 animo
637 2282 730 2315 delet
740 2285 853 2315 Vorst.
868 2289 905 2315 ut
920 2294 976 2316 na-

282 2335 352 2361 tum
363 2340 404 2361 ex
417 2332 538 2372 glossa.
556 2333 593 2364 F.
601 2333 753 2365 additum
763 2336 978 2374 quodammodo

284 2379 326 2410 ad
337 2381 578 2422 mitigationem
588 2383 680 2414 verbi
689 2384 697 2399 ‘
705 2385 907 2424 complecti‚'
916 2385 979 2415 hoc

283 2430 371 2460 enim
382 2432 517 2471 proprie
527 2432 565 2463 fit
576 2433 659 2464 ulnis
669 2438 704 2464 et
713 2434 867 2465 brachiis.
875 2434 980 2472 Schef.

329 2482 382 2521 §4
404 2482 608 2523 Mar-dasque]
632 2483 777 2516 Quidam
793 2484 825 2515 h.
843 2484 866 2515 l.
890 2485 982 2524 lege-

285 2535 365 2562 runt
380 2532 501 2571 Medos,
525 2534 692 2574 quomodo
713 2538 748 2565 et
775 2535 808 2565 in
834 2535 980 2566 Eusebio

287 2580 416 2612 editum
432 2586 496 2621 est,
509 2589 628 2614 contra
645 2583 757 2614 libros.
780 2585 886 2624 Bong.

331 2631 349 2670 ᾧ
365 2634 382 2661 5
409 2631 595 2674 Thalestris]
614 2633 774 2664 Straboni
788 2635 846 2665 lib.
862 2644 912 2666 xr.
929 2639 984 2666 est

289 2680 471 2722 Θαλήστρια.
496 2685 654 2723 Bongars.
699 2686 754 2716 De
770 2695 810 2717 ea
826 2695 867 2717 11.
884 2689 915 2718 4.
931 2689 983 2718 33.

290 2738 372 2761 ¹111.
403 2735 435 2762 3.
463 2736 495 2764 9.
553 2733 644 2765 Add.
674 2735 766 2767 Plut.
796 2735 896 2767 Alex.
929 2739 983 2767 81.

291 2780 390 2811 Ber-n.
434 2782 512 2813 Non
526 2783 663 2815 videtur
677 2785 846 2826 Justinus,
863 2791 902 2817 ut
915 2786 985 2827 alii,

292 2829 498 2863 Amazonum
519 2838 653 2874 gentem
675 2833 709 2865 in
731 2834 907 2875 Hyrcania
927 2846 984 2877 po-

1001 291 1090 321 xn.
1123 292 1230 321 CAP.
1260 282 1301 323 3.
1614 279 1698 321 809

1002 393 1097 423 nere,
1127 384 1186 415 sed
1218 384 1261 415 ad
1299 384 1452 415 Maeotim
1483 386 1518 415 et
1546 382 1699 414 Tanaim.

1004 434 1106 471 Nam,
1121 434 1240 474 inquit,
1262 437 1314 464 25.
1339 434 1467 465 dierum
1483 433 1604 464 itinere
1622 442 1701 463 con-

1003 482 1094 514 fecto
1111 484 1143 514 in
1159 484 1332 524 Hyrcania
1347 484 1538 515 occurrisse
1554 482 1702 513 Alexan-

1003 535 1076 565 dro.
1122 535 1261 565 Rectius
1278 544 1368 566 saue.
1408 535 1529 575 Neque
1546 534 1633 564 euim
1649 534 1700 564 ul-

1004 585 1055 615 lus
1083 584 1365 624 Geographorum
1402 583 1589 614 Amazones
1621 583 1702 613 alibi

1005 634 1184 673 collocare,
1199 643 1296 674 quam
1314 633 1355 663 ad
1373 633 1539 670 Maeotim,
1554 641 1702 673 unquam

1005 683 1186 715 dubitavit.
1242 684 1360 724 anue
1395 683 1499 713 etiam
1530 682 1572 712 de
1601 691 1704 713 causa

1005 733 1188 764 Maeotidas
1204 738 1239 764 et
1253 732 1450 763 Tanaitidas
1468 732 1632 771 appellari
1649 740 1705 761 ne-

1006 793 1060 814 mo
1075 784 1195 814 nescit.
1240 783 1319 814 Sen.
1332 782 1473 823 Hippol.
1495 783 1504 799 ‘
1519 782 1637 814 Qualis
1652 790 1705 812 re-

1006 833 1096 864 lictis
1111 832 1226 873 frigidi
1242 833 1345 864 Ponti
1369 832 1474 873 plagis
1498 831 1577 871 Egit
1593 835 1705 862 cater-

1008 893 1080 921 va8‚
1095 882 1248 914 Atticum
1262 883 1400 923 pulsans
1414 883 1532 918 solum,
1543 881 1707 921 Tanaitis,

1009 937 1068 964 aut
1094 933 1246 973 Maeotis,
1269 938 1304 963 et
1330 932 1418 963 nodo
1445 942 1558 963 comas
1585 931 1706 971 Coegit

1009 983 1201 1024 emisitque,
1213 983 1328 1013 lunata
1351 983 1439 1014 latus
1453 982 1618 1013 Protecta
1635 982 1707 1022 pel-

1010 1038 1066 1072 ta;
1099 1034 1176 1064 talis
1204 1033 1237 1063 in
1264 1032 1366 1063 silvas
1394 1031 1510 1063 ferar.'
1556 1031 1610 1062 Ita
1639 1031 1707 1072 leg.

1010 1095 1052 1116 ex
1077 1086 1144 1116 Ms.
1189 1085 1300 1126 Vulgo
1328 1085 1473 1125 pessime
1499 1085 1564 1116 Aut
1583 1085 1710 1126 Tanais,

1010 1138 1065 1165 aut
1092 1135 1227 1166 Maeotis.
1289 1135 1386 1166 Curt.
1425 1139 1539 1165 tamen
1568 1134 1628 1165 lib.
1658 1143 1709 1166 vl.

1012 1186 1196 1226 Hyrcaniae
1213 1185 1389 1216 finitimam
1403 1184 1487 1215 facit
1501 1184 1709 1215 Amazonum

1012 1241 1161 1275 gentem.
1196 1235 1262 1266 Sed
1279 1235 1378 1266 male.
1414 1236 1423 1252 ‘
1438 1235 1523 1264 Erat
1538 1233 1593 1274 (ut
1608 1243 1710 1274 supra

1013 1285 1141 1317 dictum
1168 1284 1235 1326 est)
1260 1285 1445 1325 Hyrcauiae
1461 1284 1606 1314 finitima
1628 1293 1710 1324 gens

1012 1334 1236 1373 Amazonum,
1261 1334 1428 1376 quondam
1445 1334 1537 1365 circa
1551 1334 1711 1364 Thermo-

1014 1385 1120 1415 donta
1142 1394 1273 1415 amnem
1300 1382 1532 1424 Themiscyrae
1564 1384 1710 1415 incolen-

1015 1434 1099 1465 tium
1137 1443 1286 1474 campos.
1345 1434 1507 1474 Reginam
1537 1433 1712 1465 habebant

1014 1483 1232 1520 Thalestrim,
1251 1482 1403 1513 omnibus
1417 1483 1506 1514 inter
1523 1484 1711 1514 Caucasum

1015 1537 1163 1563 montem
1194 1537 1230 1563 et
1257 1533 1391 1563 Phasim
1418 1542 1549 1564 amnem
1576 1534 1713 1574 imperi-

1018 1583 1170 1614 tantem.'
1206 1582 1260 1613 Ita
1277 1583 1341 1623 leg.
1365 1582 1444 1613 Vid.
1460 1592 1591 1624 quoque
1608 1583 1713 1615 Diod.

1017 1632 1058 1662 ad
1075 1631 1141 1663 An.
1155 1634 1188 1663 4.
1206 1631 1344 1672 Olymp.
1356 1634 1430 1663 112.
1466 1632 1574 1662 Causa
1589 1632 1713 1663 erroris

1018 1682 1091 1714 haec
1116 1687 1187 1714 est:
1213 1682 1304 1723 quod
1329 1682 1499 1713 Iaxartem
1526 1691 1551 1713 s.
1580 1682 1714 1714 Orxan-

1019 1736 1101 1772 tem,
1124 1732 1267 1762 Tanaim
1296 1741 1368 1762 esse
1396 1732 1576 1763 crederent
1592 1732 1716 1764 milites

1019 1781 1219 1812 Alexandri.
1264 1780 1333 1812 Adi
1349 1781 1485 1813 Arrian.
1500 1791 1566 1814 vn.
1597 1782 1684 1814 Voss.

1066 1832 1238 1863 Thalestris
1251 1831 1315 1862 sive
1331 1832 1501 1872 Minithea]
1526 1833 1612 1863 Dele
1639 1843 1716 1864 cum

1020 1881 1119 1913 Junt.
1136 1891 1162 1912 s.
1181 1882 1229 1912 M.
1275 1880 1359 1912 Eod.
1387 1881 1487 1912 modo
1509 1881 1606 1914 Juut.
1620 1891 1663 1913 11.
1682 1885 1716 1914 4.

1021 1931 1030 1947 ‘
1054 1932 1184 1962 Harum
1215 1931 1403 1962 Thalestris
1431 1931 1573 1971 regina!
1608 1932 1717 1963 Graev.

1023 1981 1100 2012 Sive
1132 1981 1301 2017 Minithea,
1338 1981 1407 2012 sive
1436 1982 1614 2019 Mtnithoea,
1646 1982 1717 2013 sive

1023 2032 1125 2062 etiam
1141 2032 1307 2072 Minychea
1321 2031 1501 2072 scribatur,
1512 2032 1720 2064 additamen-

1024 2087 1095 2113 tum
1126 2092 1200 2113 esse
1226 2082 1372 2113 videtur.
1425 2082 1467 2113 In
1497 2083 1578 2114 Mss.
1610 2083 1719 2114 Codd.

1025 2137 1138 2162 tamen
1155 2136 1312 2173 apparet,
1330 2137 1365 2163 at
1381 2142 1446 2163 non
1462 2132 1496 2163 in
1513 2133 1641 2173 optima
1662 2134 1721 2164 illa

1025 2182 1079 2214 ed.
1108 2182 1205 2214 Junt.
1231 2192 1297 2223 qua
1322 2192 1431 2222 nuper
1456 2192 1532 2213 usus
1555 2188 1608 2214 est
1624 2184 1720 2215 Grae-

1025 2232 1114 2263 vius.
1138 2232 1219 2263 Fab.
1263 2241 1304 2263 11.
1321 2235 1353 2264 4.
1370 2235 1423 2264 33.
1444 2233 1453 2248 ‘
1467 2233 1634 2274 Miuithya
1650 2233 1721 2264 sive

1024 2281 1233 2313 Thalestris!
1278 2282 1374 2314 Junt.
1401 2282 1454 2313 ed.
1476 2292 1595 2313 nomen
1621 2284 1723 2315 Mini-

1025 2332 1115 2362 thaeae
1132 2331 1310 2373 utrobique
1326 2332 1465 2363 omittit.
1484 2332 1556 2363 Vor.

1069 2382 1260 2413 Amazonum
1282 2382 1392 2420 regina
1413 2391 1480 2412 cum
1506 2391 1566 2413 ccc.
1588 2382 1723 2414 millibus

1027 2431 1202 2471 mulierum]
1219 2432 1443 2462 Luculentum
1459 2431 1671 2463 mendacium
1688 2433 1723 2463 in

1028 2491 1180 2520 numero,
1203 2491 1392 2522 quanquam
1415 2485 1450 2512 et
1473 2481 1612 2512 historia
1627 2481 1723 2513 fabu-

1029 2531 1100 2562 losa
1116 2536 1182 2570 est,
1205 2536 1243 2561 ut
1261 2531 1372 2571 inquit
1393 2530 1505 2562 Strab.
1522 2540 1573 2562 xr.
1619 2532 1724 2563 Error

1029 2581 1109 2612 inde
1126 2581 1231 2621 venit,
1246 2581 1337 2622 quod
1350 2581 1481 2611 Tanain
1499 2585 1534 2612 et
1550 2581 1723 2614 Iaxartem

1031 2631 1131 2663 eund.
1156 2629 1192 2662 fi.
1216 2631 1448 2670 crediderunt,
1469 2635 1505 2661 et
1520 2630 1725 2671 Sogdianam

1032 2682 1265 2713 continuatam
1288 2685 1414 2711 terram
1429 2681 1604 2711 Sarmatiae
1620 2682 1727 2713 Euro-

1033 2742 1138 2773 paeae:
1162 2742 1237 2763 cum
1255 2731 1384 2762 distent
1400 2731 1475 2770 plus
1487 2733 1519 2761 8.
1534 2731 1585 2762 Μ.
1602 2732 1729 2763 stadio-

1033 2793 1117 2815 rum.
1160 2784 1304 2814 Tantum
1329 2780 1436 2812 refert
1460 2781 1549 2812 scire
1576 2782 1728 2823 Geogra-

1033 2833 1142 2875 pltice.
1186 2831 1333 2865 Quidam
1354 2831 1448 2863 aiunt
1473 2831 1507 2863 iu
1530 2832 1603 2863 aliis
1624 2833 1726 2865 codd.
