2101 3419
548 346 742 380 JUSTlNl
777 345 869 375 LlB.
904 343 1028 373 XLll.
1059 342 1165 372 CAP.
1196 358 1235 371 ki·

185 448 237 476 13.
272 444 282 462 ‘
298 444 332 475 Si
350 444 423 486 quis
441 444 482 475 ab
498 443 636 474 ineunte
659 446 762 473 aetate
778 440 883 471 habet

184 504 317 526 causam
334 493 545 525 celebritatis
564 498 600 524 et
616 491 774 530 nominis,
790 494 848 521 aut
865 499 883 520 a

185 549 283 585 patre
299 542 573 584 acceptam,’&c.
599 541 690 572 Add.
707 551 782 581 sup.
814 540 884 571 No·

185 600 254 626 tam
271 595 311 626 ad
331 604 438 626 xxix.
454 597 484 625 1.
501 596 531 624 9.
555 594 653 624 Rern.

230 647 247 686 ς
281 648 301 676 6
335 643 524 682 Ortoadisti]
566 639 791 682 Ἀρταουάσδης
819 639 883 670 Ar-

185 696 308 726 meniae
329 694 417 734 regis
432 702 551 723 nomen
569 697 621 723 est
638 692 669 721 in
694 690 806 722 Strab.
831 699 884 720 XI.

186 750 223 775 et
253 744 346 774 Plut.
373 742 521 773 Antonio
546 744 598 772 66.
642 742 698 771 De
721 739 884 771 Armenia

184 794 250 833 leg.
274 793 386 823 Strab.
403 800 454 822 xl.
488 791 578 821 Plin.
597 799 646 820 vt.
662 794 693 821 9.
737 789 882 828 Dionys.

186 848 222 874 et
249 843 401 874 Eustatli.
428 841 485 882 qui
514 841 549 871 in
578 839 811 881 magnitudine
840 838 883 868 ab

185 893 337 924 Auctore
353 897 467 923 nostro
483 891 698 922 dissentiunt.
724 890 883 928 Bongars.

185 943 282 975 Junt.
312 942 500 974 Artoadisti.
546 942 644 974 Quod
672 940 810 982 propius
841 939 884 970 ad

185 1002 301 1024 verum
323 992 468 1023 accedit.
512 991 717 1032 Appellatur
732 989 832 1029 euim,
846 993 884 1020 ut

185 1051 228 1074 ex
244 1042 357 1074 strab.
379 1047 414 1072 et
437 1042 530 1072 Plut.
548 1041 755 1081 Bongarsius
771 1043 884 1070 osten-

187 1092 252 1132 dit,
267 1091 491 1129 Artavasdes;
512 1091 600 1122 sicut
616 1095 662 1130 et,
673 1090 730 1131 qui
745 1088 885 1129 Tigrani

188 1147 309 1184 postea
323 1142 498 1181 successit,
519 1140 624 1181 ejusd.
649 1139 790 1170 nominis
806 1138 884 1177 fuit,

187 1197 227 1223 ut
249 1202 290 1222 ex
312 1191 452 1232 Joseph.
473 1196 507 1222 et
532 1192 604 1222 aliis
627 1191 748 1231 liquet.
779 1190 884 1220 Graev.

187 1241 230 1273 Iu
254 1242 340 1272 Mss.
360 1241 572 1280 Arthoadisti,
596 1241 686 1271 unde
709 1250 788 1271 sane
810 1249 886 1279 pro-

187 1300 268 1322 num
283 1291 468 1331 Bongarsio
482 1289 546 1321 fuit
562 1289 743 1320 restituere
759 1298 801 1319 ex
817 1298 885 1318 om-

188 1341 287 1372 nibus
316 1340 484 1371 historicis
513 1340 695 1378 Ανιαταεάί,
725 1349 790 1380 quo
826 1348 886 1369 no-

189 1391 281 1421 mine
303 1389 401 1420 multi
424 1389 662 1420 Armeniorum
686 1398 782 1428 reges
807 1388 886 1418 olim

190 1440 287 1472 dicti.
312 1439 422 1470 Faber.
466 1439 562 1471 Jnnt.
585 1437 776 1477 Artoadz'stz‘,
798 1436 887 1478 quod

192 1489 322 1520 factum
337 1498 377 1518 ex
394 1490 580 1526 Artavasde,
597 1496 674 1518 vero
690 1487 837 1525 nomine,
850 1491 889 1517 ut

192 1548 235 1569 ex
251 1538 363 1569 Strab.
380 1548 419 1569 ae
436 1538 529 1568 Plut.
551 1537 652 1568 docet
671 1537 889 1576 Bongarsius,

191 1590 348 1620 Graevins
364 1589 560 1619 arbitratur.
582 1588 686 1626 Schef.

234 1640 251 1680 ᾗ
266 1642 284 1670 7
299 1639 419 1678 Paullo,
430 1638 496 1678 eya]
511 1639 611 1670 Oros.
630 1647 695 1670 vn.
707 1641 738 1669 9.
763 1639 772 1655 ‘
788 1638 890 1669 Nam-

194 1700 260 1732 que
277 1696 315 1721 ut
331 1700 363 1730 p.
379 1700 409 1720 a.
427 1689 606 1730 repetam!

235 1741 252 1780 ξ
276 1743 295 1771 8
321 1741 400 1770 Cum
416 1739 502 1781 fines
527 1740 591 1778 ejas
612 1742 682 1780 post
712 1738 890 1778 Parthiam]

192 1790 276 1821 Mss.
294 1791 401 1830 Bong.
423 1800 491 1820 cum
505 1789 536 1827 f.
554 1800 588 1830 p.
606 1790 645 1820 P.
668 1790 706 1821 F.
723 1790 790 1829 leg.
807 1790 891 1827 cujus

186 1839 219 1878 f.
232 1850 267 1880 p.
285 1841 326 1871 Ρ.
351 1840 456 1871 Gron.

234 1890 251 1929 §
283 1891 303 1919 9
341 1889 490 1920 Undecies
517 1892 636 1919 centum
663 1889 762 1919 millia
785 1888 889 1929 patet]

191 1938 318 1970 Rideas
338 1938 615 1979 magnitudinem,
640 1949 737 1979 quam
760 1939 891 1970 tribuat

191 1989 377 2020 Armeniae.
422 1989 488 2020 Sed
505 1989 578 2019 haec
595 1988 686 2019 alibi.
717 1989 806 2020 Voss.

235 2041 253 2080 ᾧ
277 2043 316 2070 10
342 2039 391 2070 Ab
419 2038 583 2078 Armenio]
622 2038 807 2070 Armennm
835 2048 891 2069 vo-

193 2094 273 2122 cant
288 2090 409 2121 Strabo
423 2095 458 2121 et
475 2090 682 2127 Eustathius‚
692 2090 722 2128 ἐξ
737 2089 893 2130 Ἀρμενίου

191 2141 310 2174 πόλεως
323 2143 523 2179 Θετταλικῆς.
546 2142 749 2181 Stephanus,
762 2151 805 2172 ex
822 2141 891 2173 An-

193 2193 334 2234 tipatro,
350 2193 517 2223 Rhodium
533 2191 635 2222 fuisse
648 2191 743 2222 dicit.
767 2191 871 2230 Bong.

239 2243 339 2277 Quem
363 2251 431 2272 cum
458 2241 626 2281 perditum,
651 2239 720 2279 «ἔς-α]
765 2240 828 2271 His
854 2240 892 2270 il-

193 2291 378 2323 lustrandis
400 2290 532 2321 faciunt
554 2290 612 2320 illa
633 2291 708 2320 Val.
732 2290 843 2320 Flacci
866 2299 891 2322 1.

195 2341 280 2380 Arg.
299 2343 351 2371 29.
380 2339 389 2356 ‘
406 2340 515 2379 Super
529 2339 630 2379 ipsius
646 2339 761 2378 ingens
779 2340 893 2370 Instat

196 2389 287 2420 fama
314 2389 388 2428 viri,
416 2389 588 2429 virtusque
614 2389 702 2419 haud
733 2389 814 2419 laeta
843 2394 893 2429 ty-

195 2449 313 2470 ranno.
338 2440 429 2479 Ergo
441 2439 573 2470 anteire
585 2444 707 2478 metus,
717 2441 893 2480 juvenem-

198 2499 264 2530 que
280 2489 480 2529 extinguere
504 2489 615 2528 pergit
633 2490 823 2521 AEsonium:
849 2491 894 2521 le-

195 2540 292 2580 tique
320 2539 390 2570 vias
416 2549 455 2570 ac
483 2544 638 2579 tempora
662 2540 801 2579 versat‚’
828 2543 893 2572 &c-

196 2589 281 2621 Ead.
305 2589 359 2620 via
382 2589 535 2629 grassati,
552 2598 613 2628 per
629 2590 776 2629 speciem
793 2590 893 2621 hono-

195 2639 243 2670 ris
257 2644 430 2680 suspectos
447 2644 504 2670 aut
519 2640 657 2670 aemulos
673 2640 803 2671 amoliri
820 2644 894 2671 ten-

195 2692 326 2728 tarunt,
348 2689 426 2720 Saul
452 2688 634 2728 Davidem,
664 2689 804 2729 Joseph.
827 2690 894 2719 An-

197 2738 260 2778 tiq.
288 2747 340 2768 vr.
367 2741 418 2770 11.
457 2739 597 2770 Cumani
628 2738 893 2778 Aristodemum,

197 2788 342 2829 Dionys,
358 2798 422 2820 vn.
435 2792 466 2820 4.
492 2789 598 2820 Hiero
615 2790 809 2830 Polyzelum
827 2789 894 2821 fra-

200 2844 301 2879 trem,
317 2840 416 2871 Diod.
434 2849 486 2872 xr.
502 2843 552 2872 48.
596 2841 784 2881 Dionysius
806 2841 894 2882 Lep-

1195 330 1223 357 Θ

1525 325 1636 367 1021

934 438 1038 470 tinem
1060 436 1216 474 fratrem,
1238 434 1362 465 AEneas
1386 432 1569 463 Poliorcet.
1585 433 1639 462 10.

934 488 1131 520 Alexander
1148 488 1298 527 Clytum,
1325 486 1420 516 Curt.
1437 493 1520 514 vui.
1537 486 1567 514 1.
1584 485 1638 514 46.

937 539 1038 570 Bern.
1658 526 1661 530 Α

978 589 1033 618 Ex
1049 587 1136 625 bello,
1152 586 1221 626 Sym]
1245 586 1333 616 Saxo
1351 593 1430 615 mv,
1448 593 1482 624 p.
1500 585 1572 614 329.
1586 584 1638 614 15.

934 639 944 656 ‘
963 636 1062 668 Prof.
1078 637 1150 667 bar.
1168 634 1311 675 piratae.'

976 689 993 728 ς
1019 690 1057 717 11
1082 682 1447 725 Ρι·ἱηεὶ))ε.ς]ιιυεπίιιίἰε]
1483 682 1492 699 ‘
1510 681 1638 713 Juven-

935 737 1007 769 tus'
1021 737 1076 767 hic
1093 736 1134 766 de
1153 735 1240 765 virili
1257 738 1361 764 aetate
1376 733 1522 763 dicitur:
1546 730 1638 762 unde

934 797 1012 818 mox
1040 786 1075 816 hi
1104 785 1167 825 ipsi
1194 786 1204 801 ‘
1221 783 1397 814 fortissimi
1425 781 1509 812 viri’
1545 780 1639 811 audi-

935 841 1006 868 unt.
1030 836 1188 867 Romanis
1204 836 1213 852 ‘
1226 832 1409 872 Juniores,'
1426 842 1467 863 ex
1480 831 1638 862 instituto

934 887 1056 926 Servii,
1083 887 1125 917 ad
1156 895 1281 917 anunm
1313 894 1411 924 XLV„
1438 884 1529 914 ultra
1555 884 1564 899 ‘
1582 883 1640 913 Se·

934 936 1071 977 niores,'
1100 937 1244 976 Dionys.
1272 944 1325 966 1v.
1356 937 1408 965 20.
1445 937 1481 964 et
1511 932 1583 963 Liv.
1612 941 1638 962 1.

935 991 988 1020 43.
1011 991 1041 1019 1.
1085 987 1178 1018 Hinc
1194 986 1284 1017 Plin.
1299 985 1332 1015 in
1349 985 1480 1023 Paneg.
1497 985 1526 1013 8.
1550 982 1638 1022 Imp.

934 1038 1078 1078 Trajano
1100 1033 1321 1077 ‘juventam'
1344 1032 1486 1064 tribuit:
1512 1031 1568 1072 qui
1590 1035 1640 1061 ta-

935 1098 1013 1119 men
1043 1087 1167 1128 agebat
1195 1085 1307 1116 aetatis
1339 1091 1463 1113 aunum
1496 1083 1550 1112 44.
1594 1081 1641 1111 Et

937 1149 1014 1179 cap.
1039 1141 1093 1169 22.
1127 1136 1228 1168 factis
1253 1134 1361 1166 tribus
1389 1132 1500 1163 aetatis
1529 1131 1640 1171 gradi-

936 1190 1011 1227 bus,
1039 1187 1173 1229 inquit:
1210 1187 1219 1204 ‘
1241 1186 1289 1216 Te
1320 1184 1454 1225 parvuli
1486 1190 1642 1221 noscere,

938 1243 1112 1271 ostentare
1150 1237 1309 1277 juvenes,
1357 1233 1474 1264 mirari
1520 1230 1640 1262 senes!

937 1289 1095 1328 Itemque
1120 1296 1195 1326 cap.
1221 1288 1275 1316 69.
1321 1282 1525 1315 Consulatus
1552 1281 1641 1312 Can-

938 1339 1071 1370 didatos
1097 1334 1283 1377 ‘juvenes’
1304 1338 1427 1365 vocat:
1453 1337 1488 1363 at
1508 1331 1558 1362 illi
1580 1330 1642 1361 uti-

938 1389 1083 1430 quejam
1100 1387 1175 1425 viri,
1189 1384 1356 1426 quomodo
1368 1382 1532 1414 Suetonio
1548 1381 1640 1421 Aug.

938 1441 992 1469 34.
1022 1440 1052 1469 3.
1097 1435 1319 1467 Germanicus
1355 1436 1432 1473 post
1462 1436 1640 1471 susceptos

934 1489 1006 1529 jam
1023 1487 1151 1529 aliquot
1167 1485 1291 1517 liberos
1306 1483 1463 1524 ‘juvenis
1474 1482 1481 1495 '
1505 1481 1641 1512 dicitur.

939 1540 996 1571 Ita
1025 1538 1164 1569 Tibullo
1194 1546 1219 1568 1.
1248 1539 1279 1568 4.
1310 1538 1364 1566 33.
1389 1532 1566 1574 ‘juvenis'
1589 1536 1643 1563 est

941 1583 1001 1622 ein
1031 1577 1228 1628 altletbte
1265 1579 1414 1626 fretun
1453 1575 1549 1617 ubet
1580 1574 1642 1624 ibt

940 1635 1100 1682 hittsslss
1120 1630 1250 1682 ffflbt.
1290 1641 1379 1671 Nam
1396 1637 1641 1670 adolescentio-

940 1703 994 1724 res
1011 1702 1133 1723 nxores
1156 1692 1166 1708 ‘
1182 1689 1334 1732 puellas'
1357 1689 1523 1730 appellari
1545 1690 1643 1728 patet

941 1753 984 1774 ex
999 1743 1119 1774 Horat.
1134 1742 1202 1773 Ov.
1218 1741 1297 1772 Sen.
1333 1740 1422 1772 Quin
1439 1743 1475 1770 et
1492 1737 1641 1778 Pythag.

939 1793 975 1824 in
991 1793 1091 1833 Diog.
1108 1792 1258 1831 Laertio,
1273 1790 1379 1821 virilis
1402 1794 1439 1820 et
1457 1787 1644 1820 constantis

941 1843 1053 1873 aetatis
1075 1842 1243 1873 hominem
1265 1839 1386 1871 νεανίαν
1409 1838 1552 1870 vocavit.
1597 1838 1643 1867 Et

942 1892 1130 1923 Herodian.
1163 1891 1225 1922 sub
1249 1891 1324 1921 init.
1355 1890 1414 1920 lib.
1440 1897 1488 1919 lv.
1526 1886 1565 1917 Οἱ
1586 1888 1643 1923 τῆς

939 1942 1125 1982 Συγκλήτου
1140 1941 1295 1972 ἐπίλεκτοι
1310 1939 1432 1977 νεανίαι,
1447 1942 1456 1956 ‘
1473 1937 1643 1969 Senatorii

939 1994 1066 2024 ordinis
1083 1993 1259 2025 lectissimi
1271 1989 1441 2032 juvenes.'
1464 1990 1564 2020 Bern.

983 2043 1147 2083 Principes
1153 2043 1329 2082 juventutis
1345 2041 1441 2072 totius
1448 2039 1551 2078 ferme
1561 2037 1644 2069 orbis

939 2093 1169 2133 concurrerent]
1211 2093 1263 2123 De
1288 2091 1506 2132 expeditione
1534 2090 1644 2129 Argo-

940 2144 1078 2175 nautica
1092 2143 1242 2184 loquitur
1256 2142 1412 2175 Justinus
1427 2152 1436 2180 ;
1462 2150 1564 2181 quare
1581 2139 1644 2170 fal·

940 2203 1013 2224 sum
1033 2197 1085 2224 est
1108 2192 1198 2234 quod
1221 2192 1318 2233 legis,
1342 2197 1379 2224 ut
1402 2201 1445 2222 ex
1469 2196 1539 2222 toto
1563 2191 1643 2221 orbe

935 2245 1100 2285 juventus
1141 2244 1364 2275 concurrerit.
1421 2243 1518 2274 Nulli
1554 2241 1643 2272 enim

941 2294 1018 2324 huic
1032 2292 1276 2333 interfuerunt,
1295 2294 1358 2324 nisi
1381 2293 1435 2334 qui
1454 2291 1569 2323 Graeci
1587 2301 1644 2321 no·

943 2344 1039 2374 minis
1055 2349 1165 2384 erant,
1178 2349 1216 2374 ut
1233 2353 1276 2374 ex
1293 2343 1512 2384 Apollodoro,
1528 2341 1644 2381 Apoll.

943 2393 1088 2432 Rhodio,
1104 2398 1140 2424 et
1156 2393 1231 2423 aliis
1254 2397 1398 2424 constat.
1444 2392 1486 2423 Id
1503 2401 1579 2422 cum
1594 2391 1645 2421 ita

943 2443 1000 2482 sit,
1018 2443 1188 2474 scribend.
1206 2448 1259 2474 est
1276 2444 1372 2474 totius
1389 2442 1522 2473 Groecioe
1534 2453 1547 2478 ;
1569 2441 1643 2482 quis

944 2494 1033 2524 enim
1058 2493 1178 2524 credat
1200 2493 1234 2524 in
1262 2503 1298 2524 re
1325 2494 1408 2524 adeo
1433 2493 1646 2533 pervulgata,

944 2549 980 2575 et
1003 2554 1102 2585 quam
1125 2544 1159 2574 in
1183 2544 1311 2575 Scholis
1335 2544 1432 2584 pueri
1453 2543 1645 2582 discebant,

943 2593 1115 2625 Justinum
1133 2593 1181 2624 ita
1196 2594 1344 2634 turpiter
1360 2594 1491 2633 lapsum
1515 2591 1643 2622 fuisse?

944 2643 1092 2674 Dicetur
1117 2647 1231 2674 tamen
1258 2647 1388 2681 contra,
1414 2642 1505 2674 Just.
1532 2641 1644 2681 ipsum

945 2692 1095 2733 pauculis
1119 2697 1198 2732 post
1220 2691 1315 2722 lineis
1339 2691 1466 2730 dicere,
1492 2690 1645 2721 multitu-

945 2742 1056 2772 dinem
1088 2752 1130 2773 ex
1166 2741 1345 2773 ‘omnibus
1383 2740 1563 2781 gentibus’
1596 2750 1646 2771 se-

945 2796 1085 2832 quutam
1101 2801 1178 2822 esse
1199 2792 1338 2830 Jasona,
1353 2799 1428 2821 cum
1445 2789 1643 2821 Colchidem

945 2841 1119 2883 repetivit.
1163 2842 1296 2874 Fateor.
1338 2840 1405 2872 Sed
1439 2840 1473 2871 in
1508 2840 1645 2871 Graecia
