2101 3419
438 341 551 382 1010
902 351 1043 382 NoTAE

435 442 586 474 scribere
604 442 739 482 Q.fato‚
753 443 831 485 quia
847 453 924 484 sup.
940 444 982 475 de
998 443 1136 477 fortuna

435 493 663 524 Romanorum
680 494 786 533 coepit
801 494 902 535 loqui.
925 494 1029 533 Schef.

478 542 582 573 Bellis
596 542 750 582 quaerere]
775 543 814 574 F.
831 543 908 574 bello
923 555 953 585 q.
980 545 1085 578 Gron.

478 593 496 632 ξ
513 595 532 624 5
554 591 700 623 Assiduis
711 594 834 633 proelz'is
848 596 1042 636 comsumpti]
1075 595 1138 626 At-

435 643 492 684 qui
517 643 686 683 praecedit
713 645 722 660 ‘
738 648 774 675 et
796 645 903 685 Syriae
931 650 968 676 et
993 646 1136 687 AEgypti

434 692 563 733 regna‚'
577 703 643 734 quo
656 694 718 725 hoc
733 693 901 726 refer-end.
949 696 1039 727 Num
1056 706 1137 736 ergo

437 744 567 775 Noster
582 754 665 781 rem,
690 755 791 786 quam
814 746 930 785 verba,
957 746 1063 786 magis
1083 747 1138 778 ha—

436 793 511 824 buit
526 794 559 824 in
576 795 698 834 animo,
713 805 787 825 cum
805 795 872 826 ista
887 796 1068 834 scriberet,
1090 801 1138 836 et,

436 854 498 885 pro
525 847 648 886 regnis,
675 847 805 877 incolas
831 856 1012 887 regnorum
1039 848 1140 879 intel-

435 897 540 928 lexit?
573 907 615 929 an
644 898 758 939 potius
785 898 923 940 scripsit
947 904 1138 940 consumpta,

1078 352 1345 384 VARIORUM
1380 354 1432 384 ΙΝ

1187 446 1291 488 idque
1316 451 1395 487 post
1418 450 1585 478 mutatum
1603 447 1704 478 estin
1719 449 1891 489 consumpti

1189 502 1331 537 propter
1352 507 1495 538 sequens
1519 498 1528 514 ‘
1543 497 1599 538 in,'
1630 498 1719 539 quod
1745 499 1788 529 ab
1803 499 1815 529 i
1832 500 1898 530 ini-

1190 548 1274 578 tium
1291 548 1417 578 habet?
1439 548 1544 586 Schef.

1234 599 1251 638 ς
1268 601 1288 629 6
1317 597 1488 637 Erotimus]
1514 598 1592 628 Non
1605 597 1725 629 dubito
1739 598 1819 639 quin
1835 598 1892 631 hie

1192 648 1236 679 sit
1251 647 1386 686 Aretas‚
1410 653 1448 678 ut
1464 647 1506 679 ab
1527 648 1600 679 aliis
1617 653 1771 679 vocatur.
1816 650 1893 681 Me-

1193 698 1288 728 minit
1298 698 1374 738 ejus
1389 708 1480 738 saepe
1492 699 1678 738 Josephus:
1696 704 1894 731 eratautem

1192 748 1246 779 hic
1261 747 1309 779 fii.
1326 748 1472 789 Obodae,
1498 753 1537 779 ut
1557 752 1703 779 testatur
1718 749 1837 790 Steph.
1857 749 1892 781 in

1192 799 1306 837 Αὕαρα.
1336 799 1422 830 Voss.

1235 848 1371 888 Divisis]
1404 847 1572 887 Praefero‚
1599 848 1687 889 quod
1716 849 1749 880 in
1777 849 1893 882 multis

1191 898 1276 930 Mss.
1293 898 1432 939 legitur,
1448 899 1589 943 diuersis.
1611 898 1729 932 Schef.

974 1156 1195 1204 LIBER
1240 1155 1363 1203 XL.

481 1271 568 1303 CAP.
583 1280 609 1302 1.
626 1273 641 1312 ξ
655 1275 671 1303 1
687 1272 779 1302 Filiis
793 1272 970 1303 inimicitiis
978 1275 1143 1312 parentum

436 1321 678 1362 succedentibus]
692 1323 790 1352 More
803 1323 989 1362 priscorum
1002 1322 1144 1353 Germa·

437 1381 569 1409 norum,
583 1381 639 1411 ap.
652 1381 732 1412 quos
743 1372 752 1388 ‘
764 1373 937 1412 suscipere
953 1378 1021 1403 tarn
1036 1372 1143 1403 inimi-

437 1421 537 1452 citias
556 1430 614 1451 sen
632 1421 738 1461 patris
755 1431 813 1452 seu
833 1423 1027 1463 propinqui,
1043 1432 1140 1463 qnam

436 1470 619 1509 amicitias,
633 1480 773 1502 necesse
790 1472 868 1503 est!
909 1473 991 1503 Tac.
1017 1473 1061 1504 G.
1088 1475 1142 1503 21.

439 1520 620 1554 Quomodo
637 1521 724 1552 Cato
740 1523 862 1562 major,
878 1533 979 1564 quum
1005 1523 1039 1554 in
1064 1523 1144 1554 ado-

438 1570 639 1610 lescentem,
657 1571 713 1611 qui
736 1571 893 1604 defuncti
911 1573 1017 1613 patris
1033 1573 1142 1604 inimi-

438 1630 514 1651 cum
532 1621 721 1652 involverat
738 1621 887 1663 infamia,
912 1624 944 1654 in
974 1623 1047 1654 foro
1065 1627 1144 1663 post

434 1670 602 1711 judicium
615 1672 845 1703 ambulantem
860 1673 1051 1712 incidisset,
1062 1673 1143 1704 dex-

439 1728 514 1754 tera
530 1723 609 1754 daia
626 1723 735 1755 dixit:
759 1725 832 1756 ‘ita
848 1725 1049 1766 parentibus
1071 1736 1143 1757 esse

440 1774 710 1814 parentandum:
737 1785 802 1807 non
819 1777 926 1818 agniS,
942 1787 1007 1808 non
1023 1777 1144 1817 haedis,

439 1823 498 1853 sed
517 1823 732 1855 inimicorum
755 1826 903 1856 lacrimis
919 1826 1144 1858 damnationi-

442 1873 606 1914 busquet’
629 1874 722 1906 Plut.
740 1875 771 1905 in
790 1876 868 1907 Cat.
888 1877 971 1916 Maj.
988 1879 1041 1907 28.
1066 1877 1145 1908 Seu.

440 1927 556 1954 tamen
574 1924 615 1954 de
633 1923 689 1955 Ira
710 1933 750 1956 11.
767 1927 819 1956 34.
848 1927 1048 1966 pronuntiat
1073 1929 1083 1944 ‘
1097 1927 1146 1957 ni-

441 1973 489 2004 hil
506 1973 666 2015 iniquius,
687 1984 785 2014 quam
811 1976 958 2016 aliquem
986 1975 1145 2007 heredem

443 2025 580 2064 paterni
598 2024 665 2055 odii
683 2024 783 2055 fieri.’
808 2025 940 2056 Bernec.
986 2024 1147 2066 Antiqui-

443 2083 519 2104 ores
543 2074 634 2114 typis
661 2074 937 2116 expr.filiorum:
962 2079 999 2106 ut
1021 2076 1150 2107 ‘inimi-

443 2123 560 2162 citiis‚’
578 2124 669 2164 quod
686 2134 881 2165 expressum
905 2129 971 2163 est,
996 2125 1041 2156 sit
1061 2126 1148 2157 sexti

444 2182 566 2211 casus;
591 2178 638 2211 et,
663 2175 859 2213 inimicitiis,
875 2176 968 2206 tertii
989 2185 1086 2206 casus
1103 2176 1150 2207 sit

444 2223 727 2254 subaudiendum.
772 2224 807 2254 Si
830 2225 964 2264 legatur
985 2225 1071 2266 filiis
1087 2225 1149 2255 ini-

444 2273 620 2313 micitiisp.
647 2283 672 2304 s.
697 2278 748 2305 est
768 2274 829 2305 hoc
853 2275 989 2305 concise
1017 2274 1148 2306 dictum

447 2332 520 2362 pro,
536 2323 682 2355 filiorum
709 2324 895 2355 inimicitiis
913 2325 1099 2356 inimicitiis
1116 2336 1150 2366 p.

445 2382 471 2403 s.
488 2377 524 2404 et
539 2373 646 2404 simile
665 2374 730 2404 illis
746 2384 821 2415 quae
840 2374 881 2405 ad
900 2384 922 2405 1.
939 2377 973 2406 7.
991 2377 1041 2406 14.
1058 2380 1094 2405 et
1111 2385 1151 2406 ιι.

447 2424 497 2452 14.
516 2425 564 2453 10.
576 2424 776 2454 notavimus.
798 2424 902 2454 Vorst.
928 2423 1033 2464 liupr.
1053 2424 1150 2456 Vett.

446 2473 571 2504 habent
590 2474 745 2515 filiorum,
773 2474 862 2515 quod
894 2475 1046 2505 nonnulli
1075 2485 1151 2516 pro-

447 2523 540 2554 bant.
570 2524 827 2565 Atquifiliorum
839 2525 1069 2557 succedentibus
1084 2536 1152 2557 non

447 2574 620 2614 congruit.
674 2575 766 2605 Puto
790 2576 881 2607 Just.
913 2576 1094 2616 scripsisse
1122 2580 1153 2608 et

448 2634 520 2654 mox
535 2624 689 2666 filiorum,
711 2625 753 2656 iis
776 2625 956 2656 inimicitiis
980 2636 1013 2666 p.
1028 2636 1054 2657 s.
1101 2627 1153 2657 Li·

448 2674 581 2705 brarius
610 2674 702 2706 rudis
727 2675 808 2706 illud
840 2677 880 2705 iis
906 2676 1154 2707 emendationis

450 2726 562 2765 gratia
587 2726 722 2766 putavit
749 2726 933 2767 adjectum,
959 2728 1067 2768 quasi,
1093 2738 1154 2768 pro

440 2776 684 2817 filiorum‚filiis
699 2781 788 2807 esset
805 2777 1036 2817 scribendum,
1052 2784 1155 2818 atque

449 2824 511 2861 sic,
528 2830 658 2856 mutato
676 2825 746 2865 illo,
761 2826 824 2857 hoc
842 2827 882 2856 iis
893 2827 1029 2866 penitus
1040 2827 1157 2858 exclu-

455 2875 509 2905 sit.
547 2876 662 2916 Scheff.
724 2878 808 2908 (Eunu
839 2877 873 2908 iu
905 2877 1154 2919 antiquioribus

1197 1270 1275 1302 edd.
1291 1272 1428 1311 legatur
1441 1272 1598 1314 filiorum,
1620 1274 1820 1308 laborarunt
1834 1275 1900 1307 viri

1198 1321 1292 1352 docti
1309 1323 1343 1353 in
1372 1322 1403 1353 h.
1420 1323 1442 1353 l.
1470 1324 1708 1356 constituendo
1734 1331 1769 1357 et
1792 1327 1900 1367 expli·

1197 1371 1318 1402 cando.
1363 1373 1602 1404 Discutientur
1618 1384 1734 1406 omnes
1755 1375 1903 1418 nebulae,

1198 1420 1225 1451 si
1242 1430 1317 1451 cum
1331 1421 1428 1453 Jnnt.
1445 1423 1536 1463 legas
1560 1427 1590 1454 et
1612 1434 1685 1455 mox
1698 1425 1841 1466 filiorum
1854 1426 1904 1457 in-

1198 1471 1340 1502 imicieiis
1363 1473 1601 1504 succedentibus.
1646 1475 1698 1505 Ex
1723 1484 1829 1516 marg.
1857 1475 1902 1506 ir-

1200 1521 1306 1560 repsit
1320 1525 1496 1561 parentum.
1542 1523 1656 1554 Facile
1670 1524 1760 1554 enim
1776 1524 1903 1555 intelli·

1199 1570 1344 1610 gebatur
1360 1570 1448 1602 filios
1459 1572 1516 1602 hos
1531 1582 1605 1603 esse
1619 1582 1735 1604 eorum
1747 1572 1903 1615 fratrum,

1200 1621 1256 1662 qui
1273 1622 1399 1653 mutuis
1414 1622 1499 1653 odiis
1514 1621 1708 1663 flagrarant.
1734 1623 1842 1656 Groev.

1242 1671 1287 1701 Et
1303 1681 1392 1710 reges
1406 1675 1436 1703 et
1450 1682 1580 1711 regnum
1596 1672 1700 1713 Syriae
1714 1677 1905 1705 consumtum

1199 1721 1293 1762 esset]
1339 1723 1519 1754 Existebat
1556 1723 1665 1755 adhuc
1703 1723 1906 1767 Antiochus,

1201 1771 1360 1803 Antiochi
1374 1773 1534 1814 Cyziceni
1545 1773 1648 1805 filius:
1676 1783 1775 1815 quem
1790 1784 1906 1815 regem

1202 1832 1347 1862 sumere,
1372 1823 1470 1864 eique
1498 1829 1646 1855 tutorem
1672 1824 1766 1864 dare,
1794 1823 1906 1857 donec

1202 1873 1420 1913 adolevisset,
1434 1875 1553 1916 utique
1570 1875 1777 1915 potuissent.
1805 1875 1879 1908 Vor.

1243 1924 1259 1963 ξ
1276 1926 1294 1954 3
1326 1924 1365 1954 Ιη
1399 1924 1575 1964 Tigranen]
1605 1916 1784 1964 Tigranes,
1809 1924 1908 1966 Syria

1201 1973 1291 2004 ultra
1319 1974 1529 2014 Euphratem
1554 1979 1590 2006 et
1620 1974 1742 2006 Cilicia
1768 1975 1910 2016 potitus,

1204 2024 1214 2041 ‘
1229 2033 1289 2054 rex
1304 2023 1438 2064 regum'
1455 2024 1567 2056 dictus
1578 2028 1649 2055 est:
1667 2023 1817 2064 Appian.
1830 2024 1908 2066 Syr.

1203 2083 1237 2114 p.
1255 2077 1328 2105 118.
1343 2075 1458 2107 Strab.
1474 2085 1526 2107 xr.
1544 2075 1570 2107 f.
1594 2076 1644 2106 Eo
1661 2085 1681 2106 a
1697 2076 1838 2106 Lucullo
1854 2085 1907 2107 su·

1204 2129 1338 2163 per-ato,
1359 2124 1564 2164 Antiochus,
1591 2124 1743 2164 Εὐσεβὴς,
1759 2124 1792 2156 h.
1806 2134 1836 2156 e.
1853 2125 1911 2156 Pi-

1204 2183 1255 2212 us,
1279 2173 1406 2213 dictus,
1435 2174 1593 2216 Cyziceni
1618 2173 1720 2214 filius,
1745 2173 1825 2214 ἧρχε
1849 2175 1913 2205 τῶν

1204 2221 1307 2263 Σύρων
1323 2222 1465 2255 ἑκόντων.
1511 2224 1668 2254 Duxerat
1681 2224 1708 2254 is
1727 2224 1834 2264 patris
1848 2235 1908 2255 ux-

1205 2283 1297 2304 orem
1308 2274 1478 2314 Selenen),
1491 2284 1589 2314 quam
1602 2274 1728 2305 deinde
1740 2274 1910 2316 Tigranes

1206 2323 1396 2355 interfecit.
1420 2323 1535 2355 Strab.
1551 2333 1627 2355 xvr.
1652 2324 1757 2363 Bong.

1252 2374 1340 2404 CAP.
1358 2383 1398 2404 11.
1421 2375 1438 2414 ξ
1455 2377 1473 2404 3
1497 2374 1625 2405 Ademit
1641 2373 1820 2414 Pompeius]
1836 2373 1912 2406 Ὀτι

1204 2422 1276 2454 τοὺς
1292 2423 1476 2456 Σελευκίδας
1498 2423 1555 2454 ὑπὸ
1576 2421 1743 2463 Τιγράνους
1769 2423 1915 2456 ἐκπεσόν·

1204 2486 1261 2505 τας
1283 2474 1338 2505 οὐκ
1364 2473 1443 2506 εἰκὸς
1466 2473 1504 2511 ἧν
1521 2473 1565 2504 ἔτι
1590 2473 1697 2514 Συρίας
1712 2473 1819 2514 ἄρχειν
1831 2475 1912 2514 μᾶλ·

1204 2531 1274 2565 λον,
1297 2525 1317 2563 ἦ
1341 2525 1503 2565 Ῥωμαίους
1527 2523 1678 2565 Τιγράνην
1705 2523 1914 2565 νενικηκότας,

1206 2576 1357 2617 Appian.
1379 2578 1455 2617 Syr.
1473 2587 1505 2618 p.
1522 2579 1595 2608 119.
1612 2577 1646 2607 b.
1693 2577 1748 2607 De
1779 2576 1914 2608 Luculli

1208 2632 1321 2658 autem
1338 2632 1373 2658 et
1390 2627 1545 2667 Pompeii
1559 2626 1659 2657 rchus
1677 2627 1709 2657 in
1723 2626 1819 2667 Syria
1833 2635 1912 2657 con-

1209 2682 1263 2708 tra
1279 2676 1516 2708 Mithridatem
1543 2683 1578 2708 et
1597 2677 1782 2716 Tigranem
1799 2677 1915 2717 gestis,

1210 2727 1275 2767 leg.
1294 2731 1422 2767 praeter
1437 2726 1646 2767 Appianum,
1674 2728 1766 2758 Plut.
1782 2727 1814 2758 iu
1833 2726 1914 2758 utri-

1211 2787 1320 2818 usque
1336 2777 1429 2816 Vita,
1443 2782 1478 2808 et
1495 2777 1597 2808 Dion.
1622 2777 1728 2816 Bong.

1255 2827 1360 2858 Alieni
1388 2827 1489 2867 operis
1519 2827 1664 2867 proemia]
1702 2827 1827 2858 Fabius
1857 2836 1913 2867 ap.

1212 2877 1286 2909 Liv.
1315 2885 1351 2908 x.
1367 2880 1420 2909 24.
1438 2880 1469 2909 8.
1493 2878 1501 2894 ‘
1517 2878 1627 2910 Quam
1653 2877 1807 2908 arborem
1836 2885 1914 2907 con-
