2101 3419
780 335 830 367 {N
865 335 1137 368 JUS'HNUM,

262 432 504 466 obtrectationis
516 435 632 466 invidia
646 435 782 474 decedit,
797 436 888 468 Praef.
902 440 923 468 6

216 476 449 507 obtrectationis
463 479 569 509 odium
586 479 676 515 xxxii,
693 482 724 516 2,
739 482 760 511 6

262 518 491 551 obtrectatores
504 522 666 551 sententiae
682 521 761 558 xxxi,
777 524 810 561 6,
828 524 843 552 l

261 561 454 593 Obtruncare
478 563 610 605 aliquem
633 564 674 600 ix,
695 567 728 601 9,
742 567 773 595 6.
805 564 865 601 xvi,
890 568 921 600 5,

218 605 270 634 15.
294 604 396 640 xxxiii,
413 608 445 641 2,
460 608 480 636 2

261 645 399 677 Obvenit
426 647 592 687 Antipatro
628 658 695 688 pars
724 648 921 679 Macedoniae

215 687 277 724 xvi,
291 692 321 724 1,
335 691 376 720 19
399 690 622 720 haereditarium
635 691 711 730 patri
727 700 782 720 suo
794 702 921 732 regnum

216 730 377 761 obvenisse
392 732 503 768 xxxvii,
520 735 552 768 4,
563 735 582 763 4
606 732 698 763 Adde
713 733 837 770 xxxviii,
852 738 884 769 5,
899 736 919 764 4

259 772 423 804 Obversari
446 775 478 804 in
494 775 589 805 oculis
605 776 762 806 hominum
790 776 871 812 xxxi,
887 779 919 812 2,

215 816 234 844 3
257 821 329 846 ante
344 816 450 847 oculos
466 817 546 853 xxvi,
562 820 594 852 2.
610 822 628 848 5

257 857 389 888 Obviam
413 859 456 889 ire
481 860 642 889 conatibus
663 859 793 900 alicujus
818 860 849 896 ii,
867 863 918 896 15,

215 901 256 930 16
286 901 399 940 praedae
413 901 445 935 ii,
462 905 493 937 5,
511 905 551 933 12
580 902 702 932 obviam
717 913 873 933 occurrere
897 902 919 939 i,

212 943 245 976 6,
263 945 302 973 13
326 944 492 983 procedere
509 955 538 980 v,
552 947 583 981 4,
595 948 626 976 9.
650 945 710 981 xiv,
723 948 754 981 6,
766 948 786 976 9
809 946 919 976 vadere

213 983 254 1019 xi,
272 987 324 1020 12,
341 989 360 1016 5

255 1025 394 1058 Obvius:
419 1028 542 1058 obvium
557 1029 669 1061 habere
692 1029 824 1070 aliquem
849 1029 870 1066 i,
885 1033 917 1066 6,

211 1070 242 1099 2.
266 1069 308 1104 xi,
324 1072 355 1106 7,
374 1074 404 1101 6.
427 1071 469 1106 xi,
486 1073 540 1106 10,
556 1074 577 1102 6

253 1110 437 1142 Obumbrari
452 1114 473 1148 i,
488 1116 520 1148 4,
536 1117 556 1144 2

253 1153 386 1185 Occasio
404 1155 545 1186 beneficii
566 1156 735 1191 honestior,
761 1167 854 1197 quam
871 1157 917 1186 ul-

210 1196 302 1226 tionis
318 1197 378 1233 xvi,
394 1200 426 1232 3,
445 1201 482 1229 ll
514 1198 675 1228 occasione
691 1199 763 1229 data
787 1199 868 1235 xxiv,
885 1202 915 1234 1,

209 1242 229 1270 2
259 1249 315 1269 sua
336 1240 460 1275 xxxviii,
477 1244 509 1276 5,
525 1243 545 1271 2
576 1241 739 1271 occasione
766 1242 915 1272 utendum

208 1280 332 1317 xxxviii,
348 1286 379 1318 5,
398 1285 413 1313 l
444 1283 476 1312 in
492 1283 684 1313 occasionem
708 1284 914 1324 reciperandae

209 1323 358 1354 libertatis
373 1325 412 1354 ad
427 1334 509 1354 arma
525 1336 703 1356 concurrere
719 1326 771 1362 xii,
790 1329 819 1362 l,
836 1330 857 1358 6

252 1366 390 1397 Occasus
403 1366 483 1404 xxix,
500 1370 532 1404 3,
549 1371 565 1399 1

251 1409 407 1440 Occidens
421 1409 474 1446 xii,
491 1413 522 1445 2,
541 1413 570 1441 l.
593 1410 657 1446 xiii,
673 1414 704 1447 5,
720 1413 750 1442 7.
781 1411 862 1447 xxix,
879 1414 911 1448 2,

207 1454 228 1482 9
250 1451 282 1481 in
298 1452 461 1482 occidente
476 1452 547 1482 solis
562 1457 661 1483 ortum
676 1463 810 1493 quaerere
827 1454 911 1490 xviii,

207 1496 238 1528 3,
256 1496 295 1525 11
319 1495 489 1525 occidentis
504 1495 588 1535 regio
604 1494 687 1532 xviii,
704 1498 735 1531 3,
753 1499 792 1527 10

249 1536 400 1567 Occidere
414 1538 471 1578 (de
487 1537 534 1567 his
546 1537 599 1578 qui
614 1538 645 1567 in
662 1538 764 1578 praelio
778 1538 912 1578 cadunt)

205 1578 238 1614 ii,
255 1582 307 1614 14,
323 1581 353 1609 8.
378 1579 430 1614 xii,
446 1582 478 1615 2,
495 1583 535 1611 14
551 1586 582 1610 et
596 1580 637 1616 iv,
653 1584 685 1617 9,
697 1583 717 1611 2
741 1581 766 1611 si
780 1591 909 1622 quorum

204 1626 307 1661 patres
322 1622 508 1652 occidissent
522 1622 575 1659 xii,
591 1626 622 1659 4,
638 1626 658 1654 9
681 1623 729 1665 (id
744 1628 801 1659 est,
817 1624 910 1655 occisi

204 1664 350 1702 fuissent)
373 1664 488 1694 Scheff.

248 1706 399 1737 Occidere
414 1706 547 1747 aliquem
562 1707 596 1743 ii,
612 1709 665 1743 11,
682 1710 732 1738 18.
762 1707 793 1746 ii,
811 1711 862 1743 14,
878 1711 909 1740 8.

203 1748 265 1784 xiv,
281 1752 314 1785 5,
331 1751 382 1780 10.
404 1749 465 1785 xvi,
480 1754 512 1785 5,
529 1752 581 1781 17.
602 1749 674 1784 xvii,
690 1753 721 1784 2,
738 1753 768 1781 4.
793 1751 864 1786 xxii,
877 1754 908 1787 8,

204 1793 255 1822 14.
287 1791 409 1827 xxxviii,
436 1795 464 1826 l,
493 1794 509 1823 1
545 1792 750 1823 occidendum
775 1794 908 1834 aliquem

203 1834 367 1864 decernere
378 1834 438 1870 xiV‚
451 1837 482 1870 6,
495 1838 514 1865 7
539 1835 658 1865 occisus
673 1835 804 1876 (dictum
819 1837 858 1866 de
871 1847 908 1866 eo

204 1875 258 1916 qui
274 1886 393 1906 veneno
410 1876 516 1917 periit)
534 1877 596 1913 xiii,
611 1880 642 1912 2,
660 1880 677 1908 1
702 1877 840 1908 Freinsh.

245 1918 417 1949 occidione
434 1919 574 1950 occidere
589 1920 622 1956 ii,
638 1922 690 1956 14,
703 1923 722 1951 8
746 1921 908 1951 occidione

201 1961 272 1990 caesi
295 1961 367 1996 xxii,
391 1965 422 1997 7,
439 1965 469 1992 2.
499 1962 578 1998 xxvi,
595 1965 626 1999 2,
642 1966 673 1993 5.
702 1963 806 2000 xxviii,
829 1967 860 1999 2,
879 1967 906 1994 l.

200 2003 304 2039 xxviii,
320 2006 352 2038 4,
370 2007 410 2034 12

244 2045 413 2076 Occulere:
437 2047 520 2086 apud
546 2046 655 2077 Persas
675 2057 805 2086 persona
827 2047 906 2088 regis

200 2087 256 2117 sub
280 2088 384 2128 specie
408 2088 575 2129 majestatis
599 2089 749 2120 occulitur
772 2090 793 2126 i,
816 2094 847 2125 9,
866 2094 903 2122 11

199 2130 322 2160 occulta
344 2132 488 2161 mandata
510 2131 591 2168 xxxi,
616 2135 646 2167 1,
664 2134 694 2162 7.
722 2133 822 2168 xxxiv,
840 2136 868 2169 1,
885 2137 903 2163 5

198 2172 321 2203 occulta
343 2173 472 2204 consilia
493 2174 626 2204 victoriae
649 2173 768 2204 furtivae
792 2185 905 2205 conve-

197 2214 289 2244 niunt
303 2215 344 2251 xi,
355 2219 385 2252 6,
399 2219 419 2247 8
442 2216 570 2247 occultis
586 2216 704 2247 insidiis
718 2218 834 2247 exitum
849 2218 904 2248 ali-

198 2257 249 2286 cui
265 2258 431 2288 machinari
446 2258 546 2294 xxxiX,
559 2261 591 2295 4,
607 2263 626 2290 5

241 2298 406 2330 Occultare
430 2301 548 2341 aliquid
570 2311 651 2331 novo
666 2300 773 2330 habitu
798 2300 819 2337 i,
835 2305 866 2337 2,
884 2305 902 2333 3

198 2347 326 2372 mortem
349 2342 480 2382 alicujus
502 2354 572 2379 xxX,
594 2346 626 2379 2,
642 2346 663 2374 6
693 2343 848 2374 occultare
870 2355 902 2374 se

197 2383 230 2412 in
246 2384 335 2424 sylva
357 2395 425 2421 xxv,
441 2388 472 2420 2,
488 2388 507 2416 3
536 2386 724 2416 occultatum
748 2386 804 2415 sub
818 2392 903 2417 veste

197 2426 309 2456 ferrum
325 2427 345 2462 i,
361 2431 393 2462 9,
410 2429 450 2458 19
480 2427 558 2457 inter
571 2428 680 2458 fascias
697 2427 820 2464 xxxviii,
837 2431 865 2463 l,
882 2432 903 2460 9

240 2468 373 2499 Occulte
390 2480 419 2506 v,
437 2472 488 2504 ll,
507 2472 525 2500 3
550 2475 582 2500 et
596 2474 626 2501 5.
656 2470 718 2505 xiii,
733 2473 766 2506 4,
782 2473 811 2502 8.
841 2471 901 2507 xvi,

196 2514 230 2547 4,
246 2514 300 2542 20.
324 2512 407 2547 xviii,
424 2514 455 2548 3,
471 2514 492 2542 9

239 2553 430 2584 Occumbere
454 2555 527 2595 (pro
551 2554 644 2594 mori)
667 2553 720 2590 vii,
744 2557 776 2590 5,
798 2557 818 2586 4
849 2565 901 2586 oc-

195 2596 314 2626 cumbit
328 2596 417 2626 stella
432 2597 546 2632 xxxvii,
562 2600 593 2633 2,
609 2600 629 2628 3

237 2638 399 2679 Occupare
421 2649 523 2678 regem
545 2639 622 2678 (hoc
636 2643 694 2674 est,
718 2637 900 2680 praevenire)

195 2681 247 2716 xii,
265 2683 316 2716 14,
333 2684 353 2712 6
375 2680 502 2711 insidias
517 2682 578 2718 xvi,
594 2685 625 2717 1,
642 2684 693 2712 10.
717 2681 816 2716 xxxiv,
832 2684 863 2717 4,
879 2685 899 2713 2

194 2733 347 2763 occupare
363 2723 475 2753 bellum
499 2724 576 2764 (hoc
591 2729 647 2759 est,
672 2723 755 2764 prius
770 2722 899 2764 inferre)

194 2765 228 2799 ii.
251 2768 351 2801 3,10.
381 2766 503 2801 xxxviii,
530 2769 581 2802 10,
598 2769 614 2797 1
646 2766 811 2796 exercitum
834 2766 899 2807 (est

192 2807 225 2837 in
249 2818 333 2837 suam
358 2813 543 2849 potestatem
566 2809 720 2849 redigere)
742 2808 814 2843 xxii,
830 2812 861 2844 7,
876 2812 896 2840 6

193 2849 315 2880 facinus
350 2851 423 2890 (pro
452 2850 591 2882 celeriter
613 2851 740 2891 exequi)
775 2851 796 2887 i,
820 2855 852 2887 9,
875 2854 896 2882 9

193 2892 352 2923 transitum
362 2893 435 2935 (pro
446 2894 582 2926 celeriter
592 2904 707 2935 rapere,
718 2894 894 2935 priusquam

1604 326 1678 367 xci

974 434 1178 477 impediatur)
1193 436 1225 473 ii,
1243 437 1294 471 13,
1310 437 1329 466 7
1364 435 1519 475 angustias
1546 436 1587 471 ix',
1611 438 1642 471 6,
1659 439 1680 466 4

974 484 1166 519 occuparunt
1189 480 1254 509 haec
1270 478 1417 508 Historici
1439 478 1517 508 inter
1533 489 1598 508 sese
1613 489 1680 518 gre-

974 521 1080 560 gatim,
1095 521 1185 550 Praef.
1209 524 1227 551 3
1252 531 1404 560 occupare
1418 521 1613 561 tyrannidem
1627 532 1680 561 per

973 563 1078 592 dolum
1102 563 1134 599 ii,
1156 566 1187 598 8,
1203 567 1224 594 6
1261 573 1361 593 arcem
1388 563 1430 598 iii,
1446 566 1477 598 4,
1497 566 1536 594 10
1575 564 1680 593 urbem

972 605 1025 640 vii,
1043 608 1072 640 1,
1089 608 1107 636 7
1145 606 1224 635 bona
1239 605 1368 645 alicujus
1392 605 1434 642 ix,
1449 608 1482 641 4,
1497 608 1516 636 7
1552 616 1678 646 regnum

973 647 1034 683 xvi,
1050 650 1081 682 3,
1098 650 1127 678 3.
1163 649 1244 683 xxix,
1271 652 1301 681 2,
1318 652 1338 678 6
1363 658 1487 687 reguum
1505 648 1610 677 insulse
1639 649 1678 682 iv,

971 691 1003 724 2,
1019 692 1038 720 2
1074 690 1105 719 ni
1132 696 1314 730 occupasset
1333 697 1417 729 pater
1439 701 1582 729 generum
1608 691 1678 720 filiae

972 731 1086 771 nuptiis
1121 732 1161 768 ix,
1178 735 1209 767 7,
1234 735 1252 762 7
1289 732 1453 771 occupavit
1477 743 1584 762 nervos
1611 732 1678 772 ejus

971 773 1050 813 rigor
1074 774 1113 810 xi,
1130 778 1160 809 8,
1177 777 1196 805 4
1221 785 1372 814 occupare
1389 774 1515 804 classem
1532 776 1571 809 xi,
1591 778 1641 810 10,
1658 779 1676 806 3

970 815 1114 846 Manium
1138 826 1243 857 pacem
1269 828 1316 851 xx,
1341 820 1371 851 2,
1388 820 1404 846 7
1435 817 1676 847 dominationem

970 858 1030 893 xxi,
1046 861 1077 894 4,
1097 861 1111 889 l
1137 864 1306 899 occupatus
1320 860 1396 899 (hoc
1412 864 1469 894 est,
1488 865 1678 899 praeventus)

970 901 1002 936 ii,
1020 903 1072 937 12,
1095 903 1134 933 21
1160 901 1360 943 (oppressus)
1384 911 1412 936 ν,
1436 905 1466 935 8,
1485 904 1523 932 14
1540 901 1676 932 Fre-insit.

970 948 1138 983 occupatus
1155 944 1258 984 praeda
1272 944 1353 979 xxxi,
1364 947 1396 979 6,
1409 947 1429 974 6
1452 944 1676 974 Messeniorum

970 985 1051 1015 bello
1076 985 1120 1022 iii,
1136 989 1167 1022 6,
1185 990 1203 1017 5
1239 986 1357 1017 insidiis
1381 985 1511 1026 alicujus
1540 987 1590 1022 vii,
1607 991 1638 1022 4,
1656 991 1675 1017 7

969 1033 1138 1067 occupatus
1150 1029 1180 1058 in
1195 1029 1275 1059 bello
1290 1029 1372 1065 xxvi,
1388 1032 1419 1064 2,
1433 1032 1454 1059 9
1478 1029 1509 1058 in
1525 1036 1674 1069 apparatu

969 1071 1144 1109 nuptiarum
1159 1070 1233 1108 xliii,
1246 1074 1277 1108 3,
1292 1075 1313 1103 9
1338 1071 1409 1101 belli
1421 1071 1460 1107 xi,
1474 1074 1505 1107 2,
1522 1075 1540 1102 7
1565 1073 1596 1102 in
1608 1073 1675 1102 aliis

968 1113 1057 1143 bellis
1081 1114 1103 1149 i,
1119 1115 1150 1148 7,
1173 1116 1207 1144 11

1011 1155 1178 1186 Occurrere
1201 1156 1286 1195 (pro,
1312 1156 1342 1185 in
1360 1156 1533 1186 memoriam
1558 1156 1673 1195 redire)

966 1197 1018 1232 xii,
1034 1201 1066 1233 6,
1084 1200 1135 1229 14.
1158 1199 1198 1234 xl,
1213 1201 1273 1234 l,2
1291 1198 1426 1228 Freinsh.
1450 1209 1606 1229 occurrere
1618 1200 1673 1229 ob-

967 1239 1045 1269 viam
1070 1240 1090 1276 i,
1107 1243 1140 1279 6,
1158 1244 1196 1272 13
1229 1251 1385 1271 occurrere
1409 1242 1560 1271 memoriae
1586 1244 1671 1281 (pro,

965 1282 996 1311 in
1012 1288 1144 1313 mentem
1162 1283 1282 1322 venire)
1306 1283 1366 1319 xiv,
1383 1287 1414 1318 6,
1441 1286 1481 1314 10
1497 1284 1600 1313 Vorst.
1623 1285 1672 1314 cui

964 1325 1006 1354 rei
1024 1325 1153 1364 primum
1170 1332 1352 1361 occurreret,
1379 1326 1556 1365 ambigebat
1584 1326 1666 1362 xxix,

962 1369 993 1403 4,
1010 1369 1031 1398 9
1055 1367 1167 1398 securis
1180 1378 1339 1398 occursum
1357 1374 1402 1398 est
1426 1368 1490 1404 xiii,
1506 1371 1536 1403 8,
1553 1372 1573 1400 6

1005 1409 1124 1440 Oceani
1151 1410 1253 1440 littora
1290 1410 1340 1446 xii,
1359 1414 1410 1446 10,
1428 1413 1457 1440 1.
1503 1411 1554 1446 xii,
1582 1415 1632 1446 13,
1650 1415 1666 1443 1

961 1451 1070 1482 ultima
1085 1463 1137 1482 ora
1166 1452 1240 1489 xliii,
1265 1455 1295 1488 3,
1320 1456 1340 1483 6
1377 1453 1488 1482 fretum
1513 1454 1584 1490 xliv,
1604 1458 1631 1490 1,
1649 1457 1668 1484 3

962 1494 1089 1525 Oceano
1103 1494 1267 1526 libamenta
1284 1496 1357 1525 data
1372 1495 1424 1531 xii,
1444 1499 1493 1531 10,
1509 1499 1529 1526 4

1004 1536 1109 1568 Ochus
1135 1537 1311 1567 Artaxerxis
1335 1538 1415 1568 filius
1433 1539 1593 1568 Persarum
1618 1550 1667 1569 rex

959 1589 989 1614 x,
1006 1582 1037 1614 3,
1055 1582 1070 1610 1
1107 1580 1173 1621 ejus
1187 1581 1350 1611 crudelitas
1376 1591 1405 1616 x,
1422 1583 1452 1616 3,
1469 1584 1488 1612 2
1519 1587 1550 1612 et
1565 1582 1666 1612 obitus

959 1632 988 1657 x,
1005 1624 1036 1658 3,
1049 1624 1068 1652 7

1001 1663 1150 1695 Octavius
1168 1665 1314 1696 Perseum
1329 1665 1411 1705 capit
1427 1665 1531 1705 xxxiii,
1546 1670 1577 1702 2,
1594 1669 1614 1697 6

1003 1705 1122 1737 Oculus
1136 1706 1267 1738 Graeciae
1282 1708 1416 1738 Athenae
1432 1719 1462 1745 v,
1479 1712 1510 1744 8,
1525 1712 1545 1739 4
1583 1709 1666 1739 oculi

960 1747 1089 1779 Graeciae
1114 1751 1175 1780 duo
1204 1750 1332 1791 (Sparta
1356 1759 1431 1790 puta
1458 1758 1490 1780 et
1513 1751 1665 1792 Atlienae)

959 1791 1034 1821 ibid.
1058 1792 1155 1822 oculis
1182 1792 1298 1832 aliquid
1327 1793 1472 1823 devorare
1499 1794 1560 1828 xxi,
1588 1798 1619 1829 5,
1644 1799 1665 1825 6

958 1834 1013 1863 sub
1030 1834 1126 1865 oculis
1141 1834 1272 1875 alicujus
1288 1834 1336 1876 (in
1353 1837 1540 1875 conspectu)
1558 1836 1578 1870 i,
1595 1840 1625 1871 4,
1642 1841 1662 1867 5

958 1875 1060 1906 Vorst.
1088 1876 1247 1907 vaticinari
1265 1887 1301 1908 ac
1328 1887 1416 1917 paene
1440 1879 1537 1908 oculis
1560 1879 1663 1909 videre

957 1917 1008 1954 xii,
1027 1922 1078 1954 15,
1094 1922 1114 1950 6
1147 1919 1179 1949 in
1202 1920 1300 1950 oculis
1326 1920 1483 1950 homiuum
1511 1921 1663 1952 obversari

956 1960 1036 1997 xxxi,
1053 1965 1085 1997 2,
1102 1965 1120 1992 3
1151 1967 1224 1992 ante
1238 1962 1345 1993 oculos
1359 1963 1511 1993 obversari
1533 1964 1612 1999 xxvi,
1629 1968 1661 2000 2,

956 2007 974 2033 5
1000 2004 1158 2034 oculorum
1173 2003 1298 2034 lascivia
1319 2004 1340 2040 i,
1355 2007 1386 2040 3,
1404 2008 1424 2036 2
1457 2006 1601 2036 valetudo
1623 2017 1660 2036 ex

955 2045 1050 2076 nimia
1065 2046 1183 2076 luxuria
1197 2047 1257 2083 xxi,
1272 2050 1304 2083 2,
1322 2049 1338 2077 1

998 2088 1110 2119 Odisse
1126 2100 1175 2125 xit,
1191 2092 1224 2125 4,
1240 2093 1270 2120 2.
1294 2089 1387 2125 xxxii,
1403 2091 1434 2125 4,
1452 2093 1472 2120 9

998 2130 1115 2161 Odium
1127 2132 1307 2172 arrogantiae
1317 2131 1476 2162 Perdiccae
1488 2131 1555 2172 plus
1567 2139 1659 2163 nocet

954 2183 1046 2213 quam
1063 2174 1193 2203 hostium
1210 2175 1288 2205 vires
1304 2174 1366 2209 xiii,
1383 2177 1414 2209 8,
1431 2178 1450 2205 2
1481 2176 1585 2204 odium
1604 2187 1657 2215 pa-

953 2216 992 2245 rit
1017 2215 1111 2246 nimia
1139 2216 1312 2257 imperandi
1337 2216 1492 2256 cupiditas
1521 2228 1551 2253 v,
1578 2221 1606 2253 l,
1635 2223 1656 2249 6

953 2258 1057 2288 odium
1073 2257 1313 2289 Atheniensium
1328 2264 1361 2289 et
1375 2259 1534 2289 Persarum
1556 2266 1656 2299 pater-

952 2310 1026 2330 num
1041 2301 1219 2341 avitumque
1235 2312 1264 2337 V,
1282 2304 1311 2337 1,
1328 2304 1347 2332 7
1381 2301 1596 2331 Dardanorum
1622 2309 1654 2332 et

952 2342 1164 2373 Macedonum
1179 2344 1263 2373 velut
1278 2343 1447 2373 immortale
1470 2344 1550 2378 xxix,
1566 2348 1594 2380 1,
1614 2349 1653 2376 10

950 2384 1164 2415 Thessalorum
1194 2390 1226 2415 et
1259 2386 1475 2415 Thebanorum
1504 2387 1649 2417 adversus

951 2426 1129 2457 Phocenses
1140 2427 1202 2463 viii,
1211 2430 1243 2463 4,
1255 2432 1273 2458 5
1298 2427 1482 2458 Hannibalis
1494 2428 1524 2457 in
1537 2428 1653 2459 Roma-

952 2479 1008 2498 nos
1030 2470 1110 2506 xxix,
1127 2473 1158 2506 1,
1173 2473 1194 2501 8
1225 2470 1331 2500 odium
1352 2480 1415 2499 non
1439 2471 1568 2511 regium,
1596 2474 1649 2501 sed

951 2511 1061 2541 hostile
1084 2511 1136 2547 xii,
1161 2516 1193 2546 5.
1219 2515 1235 2543 1
1267 2512 1336 2553 (Ita
1361 2512 1466 2542 Livius
1491 2513 1524 2552 ii,
1551 2516 1603 2549 58,
1629 2518 1648 2545 4

951 2557 960 2570 ‘
972 2553 1074 2584 odisse
1089 2554 1210 2594 plebem
1226 2554 1295 2595 plus
1310 2564 1401 2595 quam
1420 2560 1546 2595 paterno
1557 2557 1651 2587 odio:

951 2595 1045 2626 Adde
1060 2601 1196 2626 nostrum
1207 2597 1279 2633 xvii,
1296 2600 1326 2633 1,
1337 2599 1373 2633 4)
1383 2596 1518 2627 Freinsh.
1542 2598 1647 2630 odium

950 2638 1023 2679 (pro
1039 2649 1076 2668 eo
1091 2649 1182 2679 quem
1198 2639 1270 2670 odio
1286 2639 1512 2680 prosequeris):
1541 2641 1646 2672 odium

950 2681 1085 2711 omnium
1108 2681 1292 2722 populorum
1317 2692 1382 2712 esse
1403 2682 1444 2716 xi,
1461 2684 1492 2717 3,
1511 2686 1549 2713 10
1584 2685 1644 2724 (sic

949 2728 958 2741 ¹
972 2723 1078 2760 amor,'
1096 2729 1155 2764 pro
1171 2734 1209 2754 eo
1225 2734 1316 2764 quern
1337 2734 1472 2754 amamus
1487 2736 1493 2754 z
1529 2727 1537 2742 ‘
1550 2727 1645 2762 cura,'

947 2775 1002 2805 pro
1027 2776 1065 2796 eo
1091 2767 1131 2796 de
1157 2776 1218 2807 quo
1242 2777 1343 2796 curam
1368 2766 1514 2807 gerimus)
1539 2767 1643 2798 Vorst.

947 2809 1050 2838 odium
1068 2808 1287 2840 internecivum
1304 2819 1372 2840 cum
1390 2809 1491 2839 Persis
1519 2810 1560 2846 xi,
1574 2814 1604 2846 9,
1621 2815 1640 2843 «1

946 2851 1018 2881 odia
1035 2861 1191 2890 procerum
1206 2850 1286 2881 inter
1301 2862 1365 2882 sese
1388 2851 1450 2886 xiii,
1467 2854 1497 2887 3,
1514 2855 1535 2882 6
1568 2854 1640 2884 odia

944 2893 1091 2924 instruere
1108 2894 1185 2926 inter
1200 2895 1422 2926 concordantes
1435 2894 1474 2930 ix,
1489 2898 1519 2935 8,
1532 2899 1552 2925 9
1575 2898 1640 2928 odi-
