2174 3424
548 333 742 365 JUSTINI
778 334 869 363 Liss.

155 432 307 470 possunt.
335 427 445 459 Faber.
490 427 600 468 Bong.
624 430 659 458 et
684 426 771 458 huuc
798 436 849 458 se-

155 484 252 510 cutus
269 479 436 508 Ber-neec.
461 476 570 508 edidit
593 478 790 517 easdemque5
812 481 850 508 ut

154 527 322 559 referatur
343 536 408 557 vox
430 526 472 557 ad
489 526 645 565 tabellas,
664 526 706 556 de
729 526 848 566 quibus

153 577 370 619 praedictum.
423 576 490 608 Sed
518 576 641 607 rectius
671 576 726 607 ed.
754 577 851 609 Junt.

153 632 193 659 ut
217 629 261 659 cl.
287 627 402 658 Graev.
429 631 586 664 testatur,
607 625 712 657 habet
733 627 850 656 eadem-

153 687 234 718 que‚·
256 681 294 708 ut
309 676 342 706 id
359 675 529 707 referatur
541 675 583 706 ad
598 676 606 691 ‘
625 675 760 706 omnia.'
805 676 852 707 Et

155 727 397 758 emendaverat
419 726 466 757 sic
487 735 530 756 ex
553 725 750 765 conjectura
767 735 853 756 sum-

154 787 229 808 mus
242 777 392 808 Gronov.
429 776 517 808 Sane
534 785 599 806 non
616 776 751 807 tabellae
768 776 850 816 ipsae

155 827 165 844 ‘
183 826 309 858 deleri’
337 831 432 858 recte
463 826 641 864 dicentur3
689 826 747 857 sed
776 836 851 867 quae

156 878 284 917 scripta
309 877 342 907 in
370 876 412 907 iis
440 881 528 908 sunt.
582 877 649 908 Sed
686 877 853 918 quomodo

157 927 363 958 Demaratus
380 935 434 965 ea,
446 936 519 968 quae
536 926 569 957 in
586 926 718 958 tabellis
733 927 852 967 ligneis

153 975 256 1017 inque
275 976 348 1016 ipso
371 976 454 1007 adeo
478 976 570 1016 ligno
588 976 783 1016 scripserat,
798 977 854 1008 de-

154 1027 258 1058 levit?
269 1026 522 1067 Superinducta
535 1036 614 1057 cera
629 1027 712 1057 illud
727 1026 855 1058 factum

156 1075 288 1107 Auctor
304 1076 363 1108 ait.
409 1076 587 1116 Nimirum,
603 1086 677 1107 cum
698 1085 779 1106 cera
801 1086 855 1107 su·

155 1125 359 1166 perinducta
384 1124 461 1165 fuit,
490 1125 564 1166 ipsa
589 1125 759 1166 scriptura
786 1127 855 1167 legi

155 1175 241 1206 haud
256 1175 388 1216 potuit3
413 1176 680 1217 tantundemque
693 1176 775 1207 illud
791 1176 856 1208 fuit

158 1235 198 1256 ac
225 1225 253 1256 si
278 1226 450 1266 scriptura
479 1225 593 1257 deleta
620 1225 753 1258 fuisset.
806 1227 856 1258 Ut

155 1280 271 1307 autem
285 1276 455 1316 scriptura
469 1276 536 1317 legi
558 1281 687 1317 posset,
703 1277 857 1318 superin-

158 1326 297 1358 ductam
312 1336 426 1358 ceram
441 1336 582 1358 necesse
597 1327 663 1358 fuit
678 1328 772 1359 eradi
789 1339 796 1359 :
822 1328 854 1359 id

158 1376 249 1417 quod
275 1377 364 1417 regis
384 1377 544 1409 Leonidae
569 1379 692 1408 sororis
718 1379 856 1410 consilio

157 1425 288 1457 factum
304 1426 459 1458 Justinus
473 1431 508 1457 et
523 1426 666 1457 addidit.
694 1426 760 1458 Inf.
778 1436 856 1459 xxr.

159 1477 192 1506 6.
209 1475 310 1506 eand.
323 1484 392 1506 rem
409 1476 569 1516 exprimit
583 1476 635 1506 his
651 1476 780 1507 verbis:
797 1478 857 1508 ‘In

158 1524 292 1556 tabellis
318 1525 449 1565 ligneis,
476 1535 583 1556 vacua
610 1525 756 1566 desuper
778 1536 858 1558 cera

158 1573 312 1612 inducta,
339 1574 468 1605 civibus
494 1575 561 1605 suis
582 1575 692 1606 omnia
716 1576 860 1616 perscri-

160 1623 232 1655 bit.'
276 1623 345 1655 Ubi
367 1633 492 1664 ceram,
517 1634 593 1665 quae
615 1625 862 1665 superinducta

160 1673 237 1714 fuit,
254 1684 396 1715 quaeque
412 1675 545 1705 nihilin
562 1684 597 1705 se
617 1676 780 1716 scriptum
803 1676 860 1707 ha-

160 1724 248 1763 buit,
275 1729 311 1756 et
340 1725 349 1741 ‘
366 1724 527 1755 vacuam’
559 1730 668 1756 vocat.
718 1725 798 1756 Fuit
823 1730 860 1757 et

160 1774 245 1805 alius
267 1774 391 1815 κρυφίας
408 1774 580 1804 ἐπιστολῶν
601 1773 770 1813 εἷο-πομπῆς
789 1785 859 1807 mo-

161 1824 236 1864 dus,
265 1829 302 1856 ut
329 1834 372 1855 ex
401 1824 471 1856 Jul.
500 1824 665 1855 Africano
688 1824 733 1856 Is.
757 1826 857 1857 Voss.

160 1874 284 1914 docet;
306 1878 346 1906 ut
366 1874 467 1905 videl.
485 1879 519 1905 et
533 1875 566 1905 in
581 1875 673 1915 ligno
690 1880 724 1907 et
743 1886 859 1917 super-

159 1924 301 1956 inducta
314 1935 394 1957 cera
420 1925 650 1957 scriberetur:
674 1930 713 1957 ut
739 1936 793 1957 res
818 1936 859 1958 eo

160 1975 272 2007 minus
289 1980 451 2016 suspecta
467 1979 569 2007 esset.
599 1975 673 2007 Vor.

204 2026 222 2066 ς
241 2029 281 2057 14
302 2026 370 2057 Aut
384 2035 487 2056 recens
501 2035 570 2056 cera
584 2026 685 2056 dolum
698 2025 858 2066 proderet]

159 2076 252 2108 Quid
276 2076 337 2107 sibi
358 2075 395 2106 τὸ
421 2076 430 2093 ‘
446 2075 582 2107 recens’
606 2076 702 2115 velit,
726 2085 793 2107 non
810 2076 860 2107 in-

162 2126 290 2167 telligo,
313 2126 373 2157 sed
400 2126 469 2156 vid.
496 2125 627 2157 Herod.
652 2125 694 2156 ad
717 2125 775 2157 fin.
799 2125 858 2158 lib.

160 2186 226 2209 vn.
260 2178 288 2208 si
317 2176 409 2208 forte
440 2176 520 2207 inde
557 2186 673 2207 sensus
712 2177 858 2208 inveniri

162 2232 277 2269 queat.
323 2228 486 2259 Ceterum
511 2227 640 2258 Herod.
664 2227 750 2258 hane
772 2227 860 2258 Gor-

161 2288 217 2319 ge,
242 2278 402 2310 Leonidae
425 2287 577 2317 uxorem,
599 2277 717 2317 fuisse,
741 2288 781 2309 ac
796 2277 863 2309 fra·

161 2329 223 2360 tris
248 2330 319 2370 ejus
336 2329 526 2361 Cleomenis
548 2328 662 2360 filiam.
709 2328 862 2360 Cleome-

161 2389 220 2411 nes
237 2381 326 2411 enim
341 2390 380 2411 ac
397 2379 563 2411 Leonidas
590 2389 632 2410 ex
649 2378 861 2410 Anaxandri-

162 2430 208 2462 da
221 2430 293 2462 nati
320 2435 429 2463 eraut.
472 2431 564 2463 Just.
588 2430 748 2461 Leonidae
775 2439 861 2461 soro·

162 2490 234 2512 rem
256 2480 353 2512 facit.
400 2481 552 2521 Longum
575 2485 665 2511 esset
682 2481 863 2512 discrimen

163 2531 336 2571 copiarum
367 2530 509 2569 Xerxis,
551 2530 649 2561 aliter
687 2541 743 2571 ap.
773 2531 864 2563 Just.

162 2581 263 2612 aliter
279 2591 334 2622 ap.
351 2581 481 2612 Herod.
499 2585 783 2620 enumeratarum,
805 2581 862 2612 de-

163 2635 364 2662 monstrare.
419 2631 547 2662 Verum
581 2631 645 2663 hoc
673 2640 762 2663 nunc
794 2641 861 2663 non

166 2680 306 2721 agimus.
333 2680 425 2711 Glar.

205 2730 271 2761 Aut
286 2739 390 2761 recens
404 2739 472 2761 cera
487 2731 589 2761 dolum
612 2731 770 2772 proderet]
794 2732 862 2763 Hic

162 2779 281 2810 Lucet
298 2779 371 2810 aliis
398 2779 547 2810 intactus
573 2780 655 2810 mihi
683 2780 862 2811 admodum

166 2832 346 2868 suspectus
371 2833 432 2860 est.
479 2829 569 2861 Quid
596 2831 686 2860 euim
711 2832 719 2847 ‘
746 2840 862 2861 recens

168 2878 272 2909 cera?
317 2878 408 2910 Num
425 2879 755 2911 recenteriuducta?
802 2881 863 2911 At-

903 333 953 362 ιι.
987 334 1093 365 CAP.
1126 325 1194 365 10.
1512 323 1597 368 683

901 427 957 468 qui
975 428 1052 458 talis
1069 427 1145 468 fuit,
1169 438 1235 469 qua
1262 428 1433 469 scriptura
1459 428 1598 469 tegeba-

902 483 968 517 tur,
991 482 1026 509 et
1047 482 1161 509 tamen
1186 488 1225 509 ea
1250 479 1322 519 tegi
1349 479 1444 510 dolus
1470 480 1598 511 debuit.

901 527 992 560 Quid
1011 527 1116 568 igitur
1132 528 1186 559 hic
1202 538 1277 559 eum
1295 528 1418 559 dicitur
1432 530 1599 569 prodere?

902 576 1004 608 Certe
1024 578 1113 608 velle
1140 577 1203 608 hoc
1227 577 1363 608 videtur
1379 578 1528 617 potuisse
1545 587 1598 608 ee—

902 635 985 664 ram,
999 626 1046 657 sic
1062 632 1220 658 recenter
1237 626 1423 666 inductam,
1445 627 1600 666 praebere

902 676 1112 707 occasionem
1141 676 1351 717 suspicandi,
1381 676 1468 717 quod
1499 677 1600 708 videl.

902 735 970 757 non
997 727 1103 767 gratis
1130 727 1180 758 ita
1210 726 1253 757 sit
1283 726 1436 757 inducta.
1491 727 1600 759 Quam

903 785 972 806 rem
997 787 1062 817 qua
1084 776 1266 807 evitaverit
1289 781 1362 807 arte
1382 777 1603 818 Demaratus,

903 835 958 866 ap.
978 827 1094 857 Nostr.
1112 836 1179 857 non
1204 826 1406 857 ostenditur.
1448 825 1503 857 An
1520 836 1601 867 ergo

904 876 1002 908 abest
1032 877 1170 918 aliquid,
1199 887 1278 908 num
1314 877 1426 917 potius
1457 878 1490 908 in
1520 887 1602 909 voce

904 929 1010 965 tegens
1025 927 1110 958 latet
1127 927 1242 958 vitium
1269 927 1428 968 aliquod?
1473 928 1602 967 Dignus

904 985 984 1007 sane
1015 977 1109 1008 locus
1137 982 1201 1014 est,
1233 986 1333 1018 quem
1362 977 1604 1019 ingeniosiores

906 1026 1109 1057 examinent.
1133 1026 1238 1064 Schef.

948 1078 1021 1117 §15
1048 1077 1117 1108 Diu
1133 1078 1295 1118 quaestionz·
1309 1088 1359 1109 res
1376 1078 1460 1119 fuit]
1483 1079 1539 1110 Sic
1561 1079 1604 1111 de

907 1135 943 1156 re
960 1126 1080 1157 hacten
1087 1137 1123 1157 us
1136 1137 1201 1158 non
1215 1128 1390 1160 intellecta
1402 1129 1502 1160 etiam
1515 1130 1604 1161 Gell.

908 1184 971 1206 xx.
989 1180 1019 1207 5.
1041 1178 1050 1193 ‘
1069 1177 1154 1208 Mihi
1182 1187 1314 1219 quoque
1338 1183 1391 1210 est
1410 1179 1481 1219 jam
1498 1180 1555 1210 diu
1570 1180 1603 1210 in

906 1230 1075 1267 perpetua
1091 1227 1302 1267 quaestione?
1327 1228 1461 1260 Gronov.

949 1275 966 1315 ξ
994 1278 1035 1306 16
1058 1275 1155 1307 Soror
1182 1278 1268 1316 regis
1290 1278 1451 1319 Leonidae]
1473 1279 1605 1311 Herod.

907 1333 971 1357 vn.
994 1324 1052 1357 fin.
1087 1330 1140 1357 est
1169 1336 1253 1357 uxor
1283 1328 1456 1367 Leonidae,
1490 1330 1605 1370 Γοργὼ,
1647 1355 1649 1357 ,

908 1376 1002 1416 cujus
1017 1376 1170 1409 meminit
1186 1377 1320 1410 Piut.in
1334 1378 1470 1420 Apoph.
1482 1380 1605 1411 Lacon.

908 1425 1013 1464 Bong.

951 1475 968 1514 §
987 1477 1027 1505 18
1051 1474 1258 1516 Septingenta
1275 1477 1388 1518 millia]
1410 1479 1555 1511 Variant
1571 1480 1605 1511 in

908 1531 1046 1555 numero
1077 1530 1245 1558 auctores.
1280 1527 1410 1560 Herod.
1441 1538 1507 1559 vu.
1534 1533 1606 1562 181.

908 1574 1008 1607 Diod.
1024 1584 1074 1607 xl.
1101 1579 1133 1608 5.
1178 1576 1321 1609 Isocrat.
1344 1578 1490 1610 Panath.
1515 1580 1606 1613 Plin.

909 1633 1046 1657 xxxnx.
1062 1629 1111 1656 10.
1156 1627 1334 1659 Quomodo
1348 1633 1461 1660 autem
1477 1631 1607 1662 exerci-

909 1678 982 1705 tum
997 1676 1128 1707 Xerxes
1145 1675 1422 1719 dinumeraverit,
1443 1680 1511 1711 vid.
1535 1681 1607 1712 He-

909 1725 983 1757 rod.
999 1735 1064 1758 vn.
1079 1729 1131 1757 60.
1149 1731 1185 1758 et
1201 1728 1291 1759 Plin.
1306 1737 1356 1760 1v.
1375 1732 1426 1760 ll.
1448 1731 1607 1770 Bongars.

909 1775 1002 1807 Plut.
1018 1776 1142 1808 Parall.
1169 1787 1199 1808 c.
1215 1780 1246 1808 2.
1293 1779 1386 1810 Ctes.
1403 1780 1437 1810 in
1450 1780 1547 1812 Pers.
1574 1791 1606 1812 c.

908 1827 962 1856 23.
1008 1826 1139 1857 Probus
1155 1827 1318 1858 Themist.
1343 1829 1443 1860 Ber-n.

952 1876 969 1915 ᾗ
987 1878 1028 1906 19
1048 1876 1092 1906 Ut
1106 1886 1164 1907 non
1179 1876 1332 1908 immerito
1346 1879 1517 1919 proditum]
1539 1880 1608 1911 He·

910 1925 985 1956 rod.
1016 1926 1222 1958 enumeratis
1254 1927 1373 1968 copiis,
1411 1929 1490 1959 ὥστε
1520 1929 1609 1961 οὐδὲν

907 1974 959 2013 μοὶ
975 1974 1088 2017 θώϋμα,
1103 1977 1228 2018 inquit,
1244 1977 1429 2018 παρίσταται
1452 1981 1609 2020 προδοῦναι

908 2026 948 2057 τὰ
961 2025 1078 2067 ῥέεθρα,
1093 2029 1157 2058 &c.
1172 2028 1330 2067 Bongars.
1368 2028 1538 2061 Aristides
1552 2031 1610 2062 So-

910 2077 1021 2117 phista
1033 2077 1075 2109 de
1089 2082 1258 2118 apparatu
1272 2078 1399 2110 Xerxis
1411 2079 1478 2110 ita:
1497 2081 1505 2096 ‘
1516 2081 1609 2112 Telis

910 2127 1137 2169 obtegebatur
1157 2128 1231 2168 ipse
1252 2129 1321 2159 sol:
1345 2138 1439 2160 mare
1455 2130 1609 2171 navibus,

911 2182 1002 2208 terra
1017 2178 1123 2217 copiis
1140 2177 1368 2219 pedestribus,
1391 2178 1450 2210 a'e'r
1465 2181 1611 2222 sagittis,

911 2226 1148 2258 redundabat.’
1170 2228 1268 2258 Ber-n.

954 2277 1102 2308 flumina
1139 2276 1176 2307 ab
1206 2278 1346 2309 exercitu
1381 2278 1447 2316 ejus
1477 2280 1608 2322 siccata]

912 2325 1001 2356 Fuse
1018 2336 1058 2357 ea
1074 2326 1117 2357 de
1133 2336 1170 2357 re
1185 2326 1313 2358 Herod.
1329 2337 1392 2360 vn.
1410 2330 1466 2370 qui
1482 2332 1610 2371 prodit,

912 2375 1129 2407 Echedorum
1158 2376 1263 2418 (male
1295 2388 1349 2418 ap.
1380 2389 1455 2410 eum
1486 2382 1610 2421 legitur

912 2425 1074 2467 Χείδωρος)
1087 2425 1211 2457 flumen
1224 2429 1420 2468 potantibus
1430 2430 1610 2464 defecisse.

913 2476 989 2508 Quo
1005 2476 1146 2516 respicit
1162 2475 1360 2508 Alexander
1375 2488 1430 2519 ap.
1445 2481 1540 2512 Curt.
1551 2491 1609 2512 111.

914 2526 922 2542 ‘
940 2526 1024 2557 Cum
1041 2525 1151 2557 adiret
1167 2525 1324 2566 Graecos,
1340 2528 1554 2570 admonebat,
1566 2532 1609 2562 ab

913 2577 978 2607 illis
1009 2576 1167 2617 gentibus
1195 2577 1291 2608 illata
1319 2578 1464 2610 Graeciae
1495 2581 1609 2621 bella3

912 2627 1012 2659 Darii
1033 2628 1139 2668 prius,
1163 2626 1286 2658 deinde
1312 2629 1447 2670 Xerxis,
1468 2631 1612 2664 insolen-

913 2677 984 2717 tiae,
1007 2686 1126 2717 aquam
1153 2677 1260 2716 ipsam
1285 2682 1479 2721 terramque
1503 2691 1610 2722 popu·

912 2728 1106 2767 lantium‚ut
1115 2737 1221 2768 neque
1231 2726 1371 2759 fontium
1382 2730 1536 2762 haustum
1546 2742 1609 2764 nec

913 2778 1028 2809 solitos
1046 2777 1140 2808 cibos
1157 2777 1410 2818 relinquerent.'
1446 2780 1513 2811 Ubi
1528 2791 1609 2812 non-

915 2828 996 2858 nulli
1011 2838 1072 2867 pro
1083 2828 1295 2867 populantium
1308 2837 1348 2859 ex
1361 2829 1426 2861 ΜΞ.
1441 2839 1610 2871 reponunt

910 2878 1111 2918 poscentium.
1157 2876 1224 2908 Sed
1241 2878 1338 2910 male.
1384 2879 1506 2921 Neque
1522 2883 1609 2913 enim
