2101 3419
420 344 504 384 0:34

465 449 517 487 §3
546 446 588 477 Ut
615 446 654 476 ad
678 445 864 476 devincenda
888 444 1001 484 regna]
1034 443 1117 474 Ideo

422 506 499 528 eum
526 495 715 535 Antigonus
744 494 964 534 comparabat
986 494 1120 534 κυβευτῇ

421 546 529 577 πολλὰ
543 544 696 581 βάλλοντι
708 543 758 575 καὶ
769 544 860 583 καλὰ,
872 546 1004 585 χρῆσθαι
1017 543 1049 574 δὲ
1065 544 1119 575 οὐκ

424 595 616 635 ἐπισταμένῳ
630 597 696 626 τοῖς
709 595 850 626 πεσοῦσι.
873 595 978 634 Bong.

466 647 582 678 Melius
620 645 763 676 studebat
801 645 956 685 acquirere
990 644 1121 684 imperia

423 707 514 738 quum
527 695 674 735 retinere]
699 697 749 726 Ea
764 695 807 726 de
829 705 930 726 causa
953 694 1121 735 Pyrrhum

424 747 620 788 Antigonus
633 746 774 776 aleatori
787 745 927 776 similem
939 755 1012 776 esse
1024 745 1123 785 dixit,

427 799 483 839 qui
501 807 560 838 spe
576 797 661 827 lucri
678 796 833 837 proprias
850 805 931 836 opes
954 794 1120 835 prodigit:

424 857 489 878 nec
506 857 650 888 unquam
664 850 844 877 contentus
858 851 910 876 est
923 854 974 884 eo,
988 843 1076 884 quod
1089 843 1121 873 in

426 899 500 929 alea
516 897 650 936 vicerit,
666 896 739 935 sed,
757 904 966 936 quaecunque
985 894 1125 924 colluso-

427 948 519 979 ribus
536 950 730 987 supersunt,
754 944 916 974 aviditate
933 951 1053 982 magna
1068 951 1123 971 cu-

425 999 489 1039 pit,
504 999 605 1039 inque
621 1006 662 1027 ea
686 995 816 1026 relictis
843 993 994 1024 omnibus
1017 992 1123 1022 solum

427 1048 570 1085 inhians,
595 1054 806 1087 quaeeunque
827 1048 905 1074 ante
932 1041 1125 1082 quaesierat,

427 1096 617 1137 profundit.
663 1094 771 1125 Simili
793 1093 928 1134 ingenio
944 1091 1009 1121 fuit
1025 1090 1126 1121 Alex-

428 1148 533 1178 ander
546 1147 596 1177 M.
614 1146 710 1185 cujus
726 1154 780 1175 res
802 1145 834 1174 in
852 1143 994 1173 Oriente
1012 1146 1124 1180 gestas

429 1208 504 1230 cum
522 1199 652 1238 legeret
669 1196 756 1236 Imp.
773 1194 961 1234 Augustus,
985 1191 1126 1222 admira-

429 1253 500 1278 tum
517 1246 644 1285 ferunt,
655 1255 721 1275 non
733 1244 904 1274 induxisse
918 1241 1038 1272 eumin
1056 1239 1126 1270 ani-

430 1308 533 1336 mum,
543 1295 709 1337 quomodo
723 1293 864 1334 qu‘aesita
875 1295 1044 1323 servaret:
1068 1289 1126 1320 sed

430 1353 574 1385 tantum,
614 1350 651 1376 ut
679 1344 746 1375 alia
776 1342 924 1384 quaesitis
955 1341 1128 1381 adjiceret.

431 1398 524 1428 Piut.
537 1395 673 1436 Apoph.
688 1394 787 1424 Rom.
801 1396 854 1424 46.
874 1390 1128 1431 Bene'l'hucyd.

431 1456 481 1477 vl.
499 1450 531 1477 2.
548 1449 599 1476 15.
622 1445 631 1460 ‘
649 1443 806 1475 Amentis
821 1447 873 1473 est
888 1442 960 1472 illos
977 1440 1129 1481 aggredi,

431 1507 526 1538 quos,
540 1496 623 1527 licet
635 1495 762 1533 vincas,
778 1503 844 1524 non
857 1498 968 1524 tamen
982 1491 1130 1522 retinere

433 1547 564 1589 possis.'
611 1547 655 1577 Et
672 1544 866 1577 cassiodor.
884 1553 909 1574 1.
924 1544 1005 1574 Var.
1019 1543 1129 1582 Epist.

433 1602 485 1629 25.
509 1598 518 1614 ‘
537 1597 628 1628 Nihil
645 1595 785 1636 prodest
801 1594 895 1625 initia
912 1594 960 1624 rei
975 1593 1131 1628 solidare,

436 1648 464 1677 si
491 1647 619 1678 valebit
646 1645 853 1686 praesumtio,
892 1644 1050 1674 ordinata
1077 1642 1132 1674 de-

439 1703 581 1729 struere.
626 1697 692 1727 Illa
707 1701 785 1727 sunt
801 1696 889 1726 enim
912 1693 1133 1733 robusta‚illa

437 1748 609 1787 diuturna,
634 1757 707 1788 quae
735 1745 919 1786 prudentia
943 1744 1075 1785 incipit,
1097 1748 1133 1774 et

437 1808 517 1829 cura
533 1796 706 1836 custodit,'
724 1799 786 1827 ἃς.
811 1797 908 1826 Rern.

480 1850 495 1888 ξ
514 1851 532 1879 4
559 1846 784 1886 Cherronneso]
809 1846 908 1878 Quod
931 1845 983 1876 liic
1004 1846 1134 1875 Cherro-

436 1901 501 1929 nesi
512 1898 555 1928 sit
569 1897 708 1934 mentio,
720 1897 899 1927 admodum
915 1896 1036 1933 11111·01·;
1059 1904 1134 1925 811111

438 1959 513 1979 mox
527 1950 681 1988 Spartam
694 1951 879 1986 oppugnet.
916 1946 988 1985 Ego
1001 1944 1134 1975 omnino

438 1997 573 2035 legend.
601 2002 683 2037 puto
716 1997 931 2035 Peloponneso.
975 1994 1134 2033 Ineptum

439 2056 566 2087 autem,
580 2047 668 2088 quod
688 2046 822 2088 quidam
837 2050 1025 2083 annotarat,
1048 2045 1135 2075 Xer-

439 2109 514 2129 xem
539 2107 672 2139 quoque
698 2097 730 2127 11.
756 2097 777 2126 1.
806 2096 980 2136 trajecisse
1007 2095 1136 2126 exerci-

440 2154 526 2187 tum,
539 2157 649 2188 neque
666 2147 754 2177 enim
771 2146 822 2176 hic
839 2146 990 2185 Pyrrhus
1007 2144 1038 2175 in
1056 2144 1137 2175 Asia

440 2204 526 2230 erat.
554 2199 698 2229 Glureun.
744 2197 932 2228 Glareanus
945 2206 987 2226 ex
1000 2196 1138 2227 historia

441 2250 527 2291 legit
553 2250 770 2289 Peloponneso,
799 2252 834 2279 et
863 2257 956 2288 seqq.
985 2256 1138 2287 compro-

441 2299 536 2331 bant.
580 2300 679 2330 Vett.
696 2299 752 2329 3111
769 2308 945 2329 cerroneso:
969 2297 1025 2328 alii
1040 2307 1139 2328 cerro-

442 2353 537 2380 nesto.
581 2348 661 2379 vid.
677 2348 771 2379 Plut.
787 2352 821 2378 et
838 2347 940 2377 Paus.
963 2347 996 2376 in
1014 2346 1087 2378 Au.
1105 2352 1140 2378 et

444 2402 567 2431 Lacon.
602 2399 758 2437 Bongurs.
813 2398 902 2436 Lego
931 2397 1142 2427 Cherroneson

442 2449 686 2489 transposuisset.
721 2449 766 2478 Et
777 2447 955 2478 sensushic
966 2452 1034 2478 est:
1057 2447 1141 2477 Cum

443 2500 594 2540 Pyrrhus
612 2499 725 2538 copias
743 2498 775 2528 in
793 2498 1065 2537 Peloponnesum
1083 2506 1142 2537 per

444 2549 609 2580 Isthmum
639 2548 890 2579 Corinthiacum
922 2547 1141 2578 traduxisset.

444 2600 452 2615 ¹
472 2597 721 2631 Cherronesos’
749 2598 837 2628 enim
869 2598 995 2639 quaevis
1027 2599 1145 2638 penin-

416 2684 421 2689 ,
447 2651 518 2680 sula
542 2649 678 2680 dicitur.
716 2648 851 2680 Gronov.
900 2649 1098 2688 Chersoneso,
1122 2649 1143 2679 i.

447 2712 475 2732 c.
502 2701 534 2731 in
552 2700 808 2731 Chersonesum.
854 2699 995 2739 Optime
1022 2704 1146 2739 autem,

448 2761 491 2782 ex
518 2749 584 2780 fide
602 2749 728 2780 veteris
753 2748 916 2787 historiae,
945 2753 1063 2780 acutus
1090 2749 1145 2779 ille

449 2802 642 2839 Helvetius,
666 2800 868 2839 Glareanus,
891 2801 972 2840 legit
1001 2801 1147 2841 Pelopon-

449 2861 531 2883 neso.
556 2851 600 2881 Et
614 2849 792 2890 idquidem
806 2850 1032 2889 eumjndicio.
1058 2850 1147 2882 Quid

452 2901 539 2932 enim
552 2905 728 2941 tantopere
740 2901 897 2932 commoti
910 2899 1147 2933 fuissentMes-

874 350 1014 381 NoTAE
1048 349 1268 380 VARIORU
1280 348 1311 378 M
1347 347 1395 378 IN

1169 442 1265 482 senii,
1281 441 1476 482 Achaeique,
1491 439 1518 472 si
1535 449 1588 471 res
1604 439 1638 470 in
1654 440 1866 472 Chersoneso

1169 491 1324 522 Thraciae
1335 496 1412 522 acta
1422 490 1561 521 fuisset?
1580 490 1669 520 Dein
1681 488 1782 520 facile
1792 499 1870 530 pro-

1168 543 1229 573 bes
1245 541 1379 582 legend.
1396 550 1469 572 esse
1488 541 1703 580 Peloponneso,
1725 549 1800 570 cum
1818 540 1867 570 di-

1170 597 1226 623 cat
1240 592 1398 623 Justinus
1419 591 1428 608 ‘
1442 590 1594 621 Primum
1609 590 1657 620 illi
1670 590 1793 621 bellum
1810 590 1869 621 ad-

1170 652 1287 674 versus
1305 643 1490 682 Spartanos
1503 640 1522 680 3'
1545 640 1601 681 qui
1613 639 1685 670 fere
1697 639 1868 680 principes

1170 691 1399 732 Peloponnesi
1427 694 1535 721 erant.
1572 689 1683 720 Faber.
1737 689 1869 720 Cherro-

1170 754 1240 774 neso
1269 753 1352 773 sane
1382 742 1510 773 editum
1539 740 1648 771 adhuc
1678 739 1754 771 fuit.
1799 739 1868 771 Sed

1173 793 1381 824 Gronovium
1397 791 1439 822 ad
1460 790 1554 830 Epit.
1577 790 1650 821 Liv.
1668 798 1800 821 xm'nl.
1825 790 1872 820 lo-

1173 852 1248 873 cum
1260 843 1309 873 sic
1320 842 1427 872 citare
1440 840 1557 871 video:
1581 850 1648 871 cum
1660 839 1762 879 copias
1775 839 1870 869 Cher-

1172 902 1298 923 roneson
1313 896 1433 930 transp.
1446 894 1484 921 ut
1499 890 1542 920 sit
1555 890 1763 920 aecusativus
1776 889 1871 920 Grae-

1174 952 1246 981 cus,
1269 942 1326 982 qui
1353 946 1480 971 motum
1496 939 1536 969 ad
1561 940 1670 970 locum
1688 938 1869 978 significet.

1172 993 1251 1023 Fuit
1267 1002 1342 1023 cum
1366 991 1542 1022 crederem
1561 991 1748 1021 Cherroneso
1771 999 1871 1030 posse

1173 1051 1249 1072 esse
1268 1051 1341 1081 pro,
1362 1041 1394 1071 in
1413 1041 1680 1072 Cherronesum:
1705 1040 1871 1080 quomodo

1174 1091 1314 1130 dicitur,
1337 1092 1346 1108 ‘
1367 1091 1401 1122 It
1417 1091 1546 1121 clamor
1568 1089 1677 1129 coelo,'
1705 1095 1740 1121 et
1766 1090 1775 1106 ⁵
1791 1090 1874 1120 invi-

1175 1145 1248 1171 tare
1279 1141 1396 1179 tecto‚'
1419 1142 1426 1158 ‘
1445 1140 1616 1180 hospitio,'
1644 1144 1680 1171 et
1705 1141 1714 1157 ‘
1735 1145 1873 1180 paratus

1176 1190 1276 1221 neci!
1322 1191 1512 1222 Glareanus
1537 1200 1598 1231 pro
1621 1190 1808 1222 Cherroneso
1831 1198 1874 1220 ex

1176 1241 1317 1272 historia
1328 1241 1464 1281 legend.
1480 1246 1579 1281 putat
1592 1241 1806 1281 Peloponneso.
1829 1241 1875 1271 Et

1177 1301 1292 1322 verum
1310 1300 1389 1321 sane
1403 1291 1496 1322 estin
1508 1291 1778 1331 Peloponnesum
1795 1295 1875 1321 tunc

1179 1341 1341 1380 temporis
1367 1341 1480 1381 copias
1517 1341 1760 1382 transposuisse
1791 1340 1877 1380 Pyr-

1179 1390 1286 1421 rhum.
1299 1390 1387 1423 Quia
1397 1395 1508 1421 tamen
1519 1391 1773 1431 Peloponnesus
1785 1390 1881 1420 cher-

1180 1450 1318 1471 sonesus
1335 1450 1362 1471 s.
1377 1441 1555 1480 peninsula
1571 1445 1635 1480 est,
1649 1440 1742 1471 credi
1758 1439 1880 1480 possit,

1181 1499 1306 1521 nomen
1339 1500 1514 1521 commune
1546 1491 1695 1530 positum
1727 1490 1782 1522 hic
1816 1499 1878 1530 pro

1183 1541 1334 1582 proprio,
1358 1551 1419 1581 per
1441 1541 1674 1582 synecdochen
1699 1541 1879 1583 quandam.

1188 1593 1291 1625 Vorst.
1318 1593 1467 1624 Gronov.
1478 1594 1559 1633 legit
1571 1593 1880 1634 Cherroneson,quod

1184 1647 1237 1674 est
1264 1644 1401 1674 rectius.
1439 1644 1544 1681 Sches.
1589 1644 1737 1675 Notator
1766 1644 1883 1684 Angli-

1183 1703 1286 1725 canus
1318 1693 1489 1733 emendat,
1522 1694 1736 1733 Peloponneso,
1765 1694 1879 1735 aitque

1184 1745 1318 1785 probari
1336 1754 1396 1785 per
1411 1754 1504 1785 seqq.
1521 1744 1658 1775 Pridem
1673 1745 1736 1775 hoc
1751 1743 1880 1776 fecerat

1184 1795 1388 1833 Glareanus,
1397 1794 1456 1825 sed
1470 1794 1557 1825 haud
1569 1803 1705 1825 necesse
1716 1799 1781 1825 est.
1802 1795 1880 1826 vid.

1185 1849 1281 1875 notas
1299 1845 1341 1875 cl.
1356 1844 1485 1874 Vorstii
1499 1844 1529 1874 h.
1545 1843 1567 1875 l.
1591 1843 1688 1874 Idem.
1731 1845 1741 1861 ‘
1755 1843 1882 1875 Trans-

1185 1904 1312 1936 ponere
1344 1893 1528 1933 Lugduno'
1565 1903 1638 1933 pro,
1670 1893 1884 1934 Lugdunum,

1185 1944 1546 1984 nemo,credo‚Latine
1555 1944 1665 1975 sciens
1674 1943 1883 1985 probaverit.

1186 1995 1243 2026 Sic
1259 2004 1322 2025 nec
1340 1999 1434 2025 recte
1458 1994 1584 2025 dixeris
1607 1998 1801 2035 transponere
1826 1999 1884 2026 aut

1185 2045 1330 2082 trajicere
1344 2044 1551 2083 Peloponneso
1568 2053 1641 2084 pro,
1665 2044 1697 2074 in
1714 2045 1881 2085 Pelopon-

1186 2103 1314 2125 nesum.
1359 2093 1523 2124 Gronovii
1556 2094 1742 2125 acutissimi
1771 2104 1884 2126 emen-

1187 2143 1279 2174 datio
1296 2143 1469 2183 probanda
1484 2144 1612 2184 utique.
1649 2145 1756 2176 Graev.

1232 2195 1247 2233 ξ
1265 2196 1282 2223 7
1312 2193 1355 2223 Ut
1371 2202 1427 2222 non
1437 2192 1556 2230 fortius
1571 2194 1681 2232 rictus,
1696 2204 1786 2234 quum
1800 2205 1884 2227 vere-

1188 2243 1316 2274 cundius
1328 2241 1493 2283 recederet]
1519 2244 1594 2274 Non
1610 2245 1724 2284 placet
1737 2245 1808 2276 haec
1820 2245 1884 2277 dis-

1191 2294 1326 2332 tinctio,
1351 2302 1427 2323 nam
1444 2303 1575 2324 comma
1599 2299 1676 2334 post
1701 2296 1710 2311 ‘
1726 2305 1885 2327 verecun-

1191 2344 1280 2375 dius'
1312 2344 1455 2384 ponend.
1513 2345 1588 2376 Nec
1618 2346 1707 2376 enim
1738 2347 1886 2379 cohaeret

1192 2397 1201 2414 ‘
1221 2396 1441 2427 verecundius
1464 2396 1666 2435 recederet‚'
1685 2398 1746 2428 sed
1769 2399 1778 2415 ‘
1795 2408 1888 2430 vere-

1192 2447 1332 2478 cundius
1360 2445 1491 2485 victus,'
1518 2447 1684 2487 quomodo
1711 2448 1887 2479 dicebatur

1193 2498 1315 2537 victus,
1343 2497 1420 2538 quia
1442 2497 1599 2528 mulieres
1625 2507 1701 2529 eum
1725 2498 1888 2531 vicerant.

1193 2547 1298 2585 Schef.

1237 2599 1290 2638 §8
1315 2597 1428 2629 Urbem
1453 2598 1633 2638 Corcyram]
1668 2599 1796 2630 Urbem
1825 2600 1891 2641 pri-

1195 2649 1334 2679 mariam
1352 2648 1530 2679 Pliaeamnn
1547 2659 1573 2680 s.
1592 2650 1747 2690 Corcyrae
1763 2651 1890 2683 insulae.

1195 2699 1271 2730 vid.
1290 2700 1390 2730 Paus.
1407 2699 1438 2729 in
1456 2699 1532 2730 Att.
1550 2700 1605 2730 ubi
1623 2701 1708 2732 hanc
1725 2711 1795 2732 rem
1811 2702 1891 2733 atti-

1197 2749 1257 2789 git,
1280 2759 1312 2789 p.
1331 2752 1381 2780 10.
1399 2758 1431 2779 n.
1447 2752 1497 2780 31.
1511 2752 1576 2789 32„
1591 2752 1653 2781 ἃς.
1682 2751 1744 2782 Ed.
1761 2751 1819 2782 1113
1833 2761 1893 2793 op-

1197 2799 1278 2830 tima
1292 2799 1458 2840 Sylburgii
1475 2804 1562 2830 utor.
1586 2801 1698 2831 Faber.

1235 2852 1312 2882 Cum
1324 2851 1502 2891 sexaginta]
1518 2851 1554 2881 M
1558 2861 1601 2882 ss.
1614 2862 1680 2882 cum
1689 2853 1892 2892 sexagesimo,

1199 2906 1234 2933 et
1249 2902 1348 2942 paulo
1371 2905 1447 2942 post
1463 2911 1530 2932 cum
1550 2904 1687 2942 septimo.
1734 2902 1788 2934 Ita
1803 2902 1891 2934 Pun.
