2174 3424
456 291 540 331 840

457 405 508 426 ex.
533 397 667 434 partum.
726 394 839 426 Tamen
861 399 897 427 ut
921 396 950 427 si
965 406 1044 437 puer
1062 400 1154 429 natus

450 445 576 483 suisset.
620 445 746 476 Vocem
767 446 880 477 Tamen
895 445 995 478 facile
1007 447 1157 479 absume-

458 505 495 525 re
522 494 636 535 potuit
663 495 792 536 syllaba
814 499 881 527 tum
909 497 944 527 in
968 497 1036 528 fine
1062 499 1154 530 vocis

459 544 709 585 praecedentis:
732 549 763 576 et
787 556 868 577 vero
893 556 954 588 pro
970 551 1005 578 ut
1021 552 1074 579 est
1089 547 1155 580 fre-

460 605 567 636 quens
581 595 614 625 in
631 595 723 626 libris
741 596 899 638 antiquis.
924 597 1029 636 Schef.

505 645 647 685 Tutores]
670 646 721 678 Id.
744 645 870 678 factum
897 656 990 681 xvn.
1007 651 1036 680 3.
1053 652 1104 680 10.
1121 653 1158 680 et

459 698 513 726 21.
537 695 626 727 Item
641 705 766 729 xxxw.
782 700 812 729 3.
825 700 857 729 6.
879 698 978 730 Bern.

505 747 592 778 CAP.
623 756 680 779 111.
728 749 746 789 ξ
771 751 787 779 1
826 749 955 781 Pedites
985 750 1158 790 indignati]

462 797 546 828 Tac.
573 807 598 829 1.
611 801 664 829 47.
701 798 925 840 ‘Postpositi‚
956 801 1160 832 contumelia

464 847 719 879 accenduntur.’
743 848 836 880 Plut.
852 849 887 879 in
905 849 1006 880 Nicia
1021 854 1053 881 5.
1069 851 1078 866 ‘
1091 851 1160 882 Hic

462 896 607 928 habetur
624 907 642 928 a
654 898 833 938 majoribus
844 899 946 930 honos
961 900 1053 940 plebi
1068 910 1160 931 max-

463 945 562 986 imus,
577 957 677 987 quum
698 957 763 978 non
789 950 1038 982 contemnitur!
1061 951 1160 982 Bern.

507 997 681 1036 Aridoeum,
696 998 870 1029 Alexandri
878 998 1026 1038 fratrem,
1041 1000 1160 1040 regem]

464 1046 615 1086 Legend.
651 1048 752 1079 Diod.
791 1049 865 1080 init.
901 1050 960 1081 lib.
985 1059 1091 1082 xvm.
1128 1056 1165 1083 et

468 1097 564 1127 Curt.
581 1105 616 1129 x.
632 1100 663 1129 7.
687 1099 764 1130 Seu.
777 1098 896 1132 Benef.
912 1108 960 1131 1v.
976 1102 1027 1131 31.
1051 1101 1060 1117 ί
1074 1101 1165 1133 Quid

464 1145 529 1176 sibi
544 1147 652 1178 voluit
668 1149 890 1189 providentia,
904 1159 979 1190 quae
996 1150 1167 1182 Aridaeum

468 1205 575 1236 regno
591 1197 774 1238 imposuit?
818 1199 875 1230 Illi
896 1204 996 1240 putas
1019 1200 1083 1232 hoc
1110 1201 1167 1232 da-

468 1250 540 1277 tum
553 1248 564 1277 ?
588 1249 678 1288 patri
694 1249 768 1290 ejus
783 1249 898 1280 datum
922 1255 986 1291 est,
1000 1256 1035 1283 et
1049 1250 1170 1283 fratri!

468 1297 573 1336 Bong.

515 1348 624 1390 Tribu]
646 1351 731 1383 Quae
747 1356 800 1382 est
817 1351 954 1383 tandem
970 1352 1037 1385 ista
1057 1355 1169 1395 tribus,

470 1406 513 1428 ex
543 1408 608 1439 qua
634 1400 688 1431 hic
712 1402 847 1433 satelles
870 1403 1004 1433 lectus?
1034 1405 1168 1436 omnino

469 1448 606 1488 legend.
623 1455 659 1481 ut
671 1455 722 1482 est
738 1451 771 1482 in
785 1452 892 1482 tribus
906 1452 987 1483 meis
1000 1454 1085 1485 Mss.
1100 1463 1168 1485 me-

471 1497 623 1538 lioribus,
637 1501 740 1540 turba,
755 1502 848 1542 quod
865 1502 1040 1533 inventum
1058 1503 1091 1534 in
1106 1514 1169 1535 uno

471 1548 539 1579 Ms.
561 1550 663 1581 etiam
683 1551 762 1591 jure
785 1552 892 1593 Bong.
912 1553 1047 1593 probat.
1082 1555 1171 1586 Mod.

474 1598 592 1640 Turba]
630 1601 706 1632 Hoc
733 1602 905 1633 inventum
942 1603 974 1634 in
1006 1613 1072 1635 uno
1102 1605 1170 1636 Ms.

468 1649 546 1689 jure
561 1650 671 1691 Bong.
688 1651 722 1682 in
735 1652 942 1684 variantibus
955 1654 1095 1694 probat:
1121 1659 1172 1686 at-

476 1709 541 1741 que
558 1700 605 1732 ita
621 1701 722 1733 etiam
737 1711 809 1733 esse
826 1703 859 1733 in
878 1703 986 1734 tribus
1004 1705 1071 1736 suis
1088 1705 1173 1736 Mss.

474 1750 671 1782 melioribus
684 1751 830 1784 affirmat
842 1753 979 1785 Modius
993 1765 1003 1793 ;
1027 1765 1092 1796 quo
1105 1766 1175 1786 ma-

477 1800 527 1840 gis
546 1801 664 1842 religio
679 1801 743 1834 fuit
759 1802 904 1834 Auctori
921 1814 1015 1835 suum
1038 1815 1103 1837 non
1121 1815 1173 1837 re-

476 1851 630 1883 stituere.
687 1853 864 1885 Hactenus
886 1855 1055 1887 edebatur
1078 1856 1173 1887 tribu.

478 1902 622 1934 Bernec.
668 1903 887 1945 Antiquiores
913 1907 1005 1947 typis
1021 1907 1174 1948 expressi

480 1953 584 1984 tribu.-
607 1954 694 1995 quod
722 1959 758 1986 et
782 1955 892 1996 Bong.
918 1957 1069 1987 retinuit.
1115 1956 1176 1988 Ait

481 2009 594 2035 autem
610 2014 710 2035 unum
734 2015 848 2037 eorum
872 2006 980 2037 Codd.
1006 2017 1088 2047 quos
1102 2007 1176 2047 ipse

481 2054 672 2094 complures
686 2054 782 2093 vidit,
796 2055 922 2087 habere
937 2056 1050 2094 turba;
1073 2057 1177 2098 idque

481 2112 518 2133 se
535 2103 692 2144 probare.
737 2105 904 2137 Bernecc.
931 2106 1054 2137 deinde
1077 2107 1178 2147 plane

482 2153 515 2183 in
543 2158 674 2185 textum
701 2155 841 2195 recepit.
895 2156 959 2188 Sed
980 2157 1114 2188 minime
1142 2156 1177 2188 id

484 2203 608 2244 probat
624 2204 775 2236 Gronov.
800 2206 892 2247 quia,
909 2211 946 2237 ut
969 2207 1011 2238 ab
1029 2207 1115 2246 aliis,
1130 2207 1178 2238 ita

485 2257 521 2284 et
537 2264 557 2284 a
582 2254 671 2286 Just.
694 2264 747 2285 res
774 2260 968 2287 exterorum
994 2257 1178 2296 vocabulis,

486 2314 560 2345 quae
598 2304 698 2335 rebus
729 2305 894 2338 Romanis
923 2307 1035 2339 dicata
1068 2313 1178 2349 erant,

487 2358 628 2394 propter
643 2353 679 2385 τὸ
694 2353 845 2394 ἀνάλογον
861 2366 950 2397 saepe
966 2358 1178 2397 vocitentur3

487 2406 580 2446 cujus
607 2406 655 2436 rei
672 2416 751 2436 mox
777 2411 812 2437 et
838 2406 904 2437 alia
926 2408 1083 2448 exempla
1105 2408 1181 2439 sub-

482 2455 609 2496 jungit.
652 2456 731 2486 Vid.
747 2465 796 2487 ιν.
820 2456 907 2487 Obs.
923 2460 974 2488 10.
1004 2457 1075 2489 Vor.

533 2506 667 2536 Nomine
683 2506 826 2547 Philippi
838 2508 939 2547 patris
949 2509 1052 2539 vocari
1057 2507 1184 2549 jubent]

488 2554 575 2586 Inde
599 2560 769 2596 auctores,
795 2566 869 2588 cum
885 2556 1058 2590 Aridaeum
1072 2559 1183 2599 desig-

488 2611 584 2647 nant,
614 2607 755 2638 subinde
782 2607 1021 2649 ‘Philippum'
1051 2609 1184 2642 dicunt.

490 2657 571 2688 vid.
589 2657 691 2688 Diod.
708 2667 816 2689 xvm.
835 2661 885 2689 16.
899 2663 932 2690 et
944 2667 1024 2690 xix.
1041 2663 1072 2691 4.
1087 2660 1184 2692 Curt.

492 2717 527 2739 x.
542 2710 573 2738 9.
592 2711 642 2739 18.
666 2708 794 2748 Sulpic.
820 2709 964 2740 Severus
982 2719 1021 2741 11.
1046 2710 1136 2741 His«.
1149 2710 1184 2742 S.

493 2762 543 2789 17.
574 2764 752 2800 utrumque
781 2769 903 2791 nomen
932 2761 1121 2802 conjungit,
1150 2766 1187 2793 et

492 2812 501 2827 ‘
517 2810 708 2841 Arridaeum
733 2810 947 2850 Pliilippum'
971 2816 1084 2843 vocat.
1112 2811 1185 2842 Vor.

538 2863 589 2901 §2
618 2862 668 2893 Ad
693 2862 896 2901 mitigandum
926 2872 1029 2893 eorum
1055 2862 1186 2903 animos]

907 303 1048 333 NOTAE
1082 304 1302 336 VARIORU
1314 307 1345 335 M
1380 307 1430 336 IN

1205 398 1260 430 Sic
1274 400 1371 432 Junt.
1383 410 1458 431 cum
1473 400 1546 432 aliis
1563 400 1674 433 editis.
1717 402 1811 433 Male
1828 413 1899 434 mu-

1207 455 1322 482 tarunt
1337 451 1394 492 qui
1408 452 1492 483 hanc
1510 453 1679 492 syntaxin,
1696 453 1737 484 de
1754 463 1819 494 qua
1833 454 1901 486 vid.

1206 501 1380 532 sanctium
1397 502 1430 532 in
1445 503 1763 543 Minerva,etVoss.
1776 505 1808 533 in
1825 503 1902 535 Ari-

1207 552 1354 591 starcho,
1381 552 1591 592 ignorarunt.
1626 562 1739 584 xxlu.
1766 556 1796 585 8.
1819 554 1828 570 ‘
1844 553 1901 585 Ad

1208 603 1478 642 persequendum
1496 603 1574 634 belli
1588 604 1771 645 reliquias.'
1795 605 1904 636 Graev.

1208 650 1427 692 Antiquiores
1449 652 1528 683 edd.
1553 655 1594 684 ad
1617 654 1837 694 mitigandum,
1859 664 1904 685 ae-

1209 711 1276 742 que
1293 702 1391 733 bene.
1433 703 1490 733 Sic
1507 712 1614 736 xxnl.
1629 707 1661 735 8.
1690 705 1762 735 Vor.

1255 752 1378 783 Omissa
1403 753 1568 792 legatione,
1590 754 1740 785 militibus
1753 755 1904 786 consenti-

1209 801 1280 841 unt]
1294 803 1370 833 Non
1385 812 1515 842 possum
1529 814 1593 834 non
1605 805 1720 845 legere
1736 806 1908 845 peditibus;

1210 860 1285 881 cum
1302 851 1375 883 init.
1402 862 1477 893 cap.
1494 853 1619 884 dixerit
1641 857 1649 871 ‘
1664 855 1827 896 Equites‚'
1842 858 1907 888 &c.

1210 902 1219 918 ‘
1231 902 1371 934 Pedites
1389 903 1578 944 indignati!
1602 906 1648 935 Et
1660 915 1760 937 mox:
1782 907 1791 922 ‘
1803 906 1907 947 Equi-

1212 956 1265 983 tes
1291 953 1419 993 trepidi
1444 954 1485 984 ab
1509 955 1591 985 urbe
1614 955 1809 995 discedunt,
1834 966 1907 987 cas-

1213 1002 1338 1043 trisque
1355 1003 1472 1043 positis
1490 1009 1525 1035 et
1540 1005 1603 1044 ipsi
1627 1005 1760 1045 pedites
1776 1010 1908 1036 terrere

1215 1052 1414 1091 coeperunt?
1467 1054 1543 1085 Nec
1571 1055 1755 1096 quidquam
1785 1058 1911 1087 attinet

1216 1101 1397 1133 discrimen
1425 1104 1531 1134 statui
1552 1114 1648 1144 posse
1674 1105 1763 1137 inter
1779 1107 1910 1147 equites

1217 1157 1252 1183 et
1269 1153 1416 1193 pedites,
1432 1164 1452 1185 a
1466 1155 1645 1186 nobilitate
1669 1161 1727 1186 aut
1748 1157 1814 1187 alia
1830 1165 1910 1197 qua-

1217 1204 1268 1233 vis
1283 1205 1502 1243 praestantia;
1518 1215 1594 1237 nam
1607 1207 1741 1247 utrique
1753 1207 1913 1248 militant,

1219 1258 1254 1284 et
1269 1254 1343 1284 illos
1359 1265 1417 1285 suo
1431 1256 1564 1286 nomine
1582 1257 1731 1296 appellat
1745 1257 1912 1298 Justinus,

1220 1306 1363 1346 equites,
1375 1305 1520 1345 pedites.
1555 1307 1646 1339 Quin
1663 1308 1761 1348 paulo
1776 1318 1913 1349 quoque

1218 1355 1359 1387 inferius
1376 1357 1409 1386 in
1425 1356 1488 1387 hoc
1510 1357 1584 1396 ipso
1600 1366 1674 1396 cap.
1689 1358 1736 1388 ita
1752 1367 1772 1388 a
1786 1358 1914 1388 Nostro

1218 1407 1379 1446 scriptum
1407 1405 1494 1437 fuit:
1530 1409 1538 1423 ‘
1552 1406 1721 1437 Perdicca
1751 1407 1841 1438 ultro
1869 1408 1914 1439 ad

1219 1456 1352 1497 pedites
1380 1456 1532 1487 veniret!
1570 1457 1683 1488 Faber.
1740 1457 1831 1488 Cave
1860 1459 1916 1490 hic

1220 1505 1389 1536 auscultes
1419 1505 1491 1536 viro
1529 1506 1740 1546 politissimo,
1767 1507 1823 1547 qui
1853 1517 1917 1548 pro

1220 1554 1370 1585 militibus
1390 1554 1615 1585 substituend.
1632 1555 1809 1586 contendit
1830 1556 1918 1596 pedi-

1223 1605 1313 1637 tibus.
1371 1605 1467 1636 Miles
1503 1605 1625 1646 saepius
1663 1606 1830 1646 accipitur
1854 1616 1918 1646 pro

1222 1655 1353 1695 pedite,
1367 1660 1403 1686 et
1419 1656 1602 1696 opponitur
1624 1656 1741 1696 equiti.
1787 1657 1919 1688 Caesar:

1222 1706 1231 1722 ‘
1243 1706 1432 1745 Tripartito
1448 1705 1574 1736 milites
1597 1706 1796 1747 equitesque
1811 1707 1844 1737 in
1861 1716 1919 1737 ex-

1223 1756 1432 1796 peditionem
1456 1755 1570 1787 misit!
1615 1756 1693 1787 vid.
1709 1756 1861 1788 Gronov.
1876 1755 1921 1787 ad

1222 1805 1295 1836 Liv.
1313 1814 1449 1836 xxvni.
1467 1807 1497 1836 1.
1525 1809 1560 1836 et
1586 1805 1771 1836 Hermann.
1787 1805 1921 1837 Rhabo-

1224 1855 1303 1886 dum
1319 1856 1488 1887 Schelium
1504 1855 1547 1886 ad
1574 1856 1701 1896 Hygin.
1726 1856 1767 1886 de
1784 1856 1921 1888 Castra-

1223 1906 1409 1937 metatione
1427 1906 1524 1936 Rom.
1549 1915 1583 1946 p.
1599 1908 1652 1936 88.
1668 1905 1724 1946 qui
1748 1907 1923 1937 annotavit

1225 1955 1364 1996 pulchre
1389 1956 1398 1973 ‘
1410 1956 1550 1986 militem
1567 1955 1577 1969 '
1608 1956 1686 1996 poni
1716 1965 1778 1996 pro
1805 1956 1922 1996 pedite,

1228 2005 1305 2045 quia
1322 2005 1354 2035 in
1371 2005 1487 2045 pedite
1514 2006 1726 2046 praecipuum
1752 2005 1853 2037 robur
1869 2006 1921 2037 fu-

1228 2055 1293 2086 erit
1323 2057 1536 2087 exercituum
1565 2056 1804 2095 Romanorum,
1834 2057 1922 2088 sicut

1226 2111 1347 2137 contra
1363 2105 1606 2146 posterioribus
1620 2106 1740 2136 seculis
1755 2105 1818 2136 sub
1835 2106 1923 2138 Con-

1228 2156 1378 2187 stantino
1394 2160 1429 2187 et
1446 2156 1511 2186 illis
1537 2155 1819 2196 Imperator-ibus,
1844 2166 1921 2188 cum

1227 2205 1334 2235 omnis
1359 2205 1408 2236 vis
1432 2205 1604 2237 exercitus
1626 2205 1660 2235 in
1677 2206 1845 2246 equitatu,
1867 2207 1927 2238 ‘e-

1227 2255 1356 2297 quites'
1400 2256 1523 2287 milites
1571 2256 1761 2296 appellatos
1807 2256 1925 2289 fuisse.

1230 2307 1339 2338 Graev.

1271 2357 1323 2397 §3
1346 2355 1475 2395 Statim,
1500 2356 1568 2397 Esau]
1597 2356 1687 2388 Saxo
1712 2365 1762 2388 xl.
1792 2367 1824 2398 p.
1851 2360 1927 2389 220.

1230 2407 1305 2438 iuit.
1349 2407 1358 2423 ‘
1370 2406 1560 2447 Statimque
1574 2407 1721 2446 impetus
1736 2407 1857 2446 crevit,
1869 2407 1927 2439 ubi

1231 2461 1336 2498 caput
1351 2461 1386 2487 et
1401 2457 1578 2488 consilium
1593 2457 1718 2488 habere
1733 2457 1860 2497 caepit!

1275 2509 1292 2549 ς
1308 2510 1328 2539 4
1361 2507 1413 2539 Aa
1442 2508 1599 2538 delendum
1627 2507 1812 2547 equitatum]
1850 2507 1928 2540 Hoc

1233 2567 1314 2589 vero
1333 2557 1543 2598 propositum
1561 2557 1734 2598 peditibus
1750 2557 1853 2588 fuisse
1870 2559 1926 2589 vix

1234 2607 1450 2647 crediderim,
1459 2617 1568 2649 neque
1581 2608 1649 2638 ulla
1659 2607 1762 2639 docet
1774 2608 1927 2641 historia.

1233 2657 1307 2689 Imo
1321 2658 1472 2699 sequitur
1493 2658 1626 2698 ‘etipsi
1648 2657 1780 2698 pedites
1799 2663 1929 2689 terrere

1235 2707 1436 2749 coeperunt‚'
1454 2717 1512 2748 per
1529 2708 1633 2739 vicem
1649 2718 1696 2740 sc.
1711 2713 1746 2739 et
1759 2709 1854 2749 quasi
1870 2717 1929 2749 pe-

1235 2757 1323 2789 dites
1341 2761 1420 2788 ante
1436 2761 1601 2788 terrorem
1618 2757 1819 2788 incusserint
1836 2757 1929 2798 equi·

1236 2808 1338 2840 tibus.
1382 2808 1423 2839 In
1437 2809 1521 2840 Mss.
1537 2812 1588 2839 est
1602 2809 1641 2839 ad
1655 2808 1862 2848 deligandum,
1875 2808 1930 2839 vel

1235 2860 1453 2892 «iudicandum.
1513 2859 1613 2891 Unde
1643 2860 1806 2901 conjicias
1836 2860 1928 2894 Just.
