2174 3424
474 350 558 391 73³2

477 454 548 492 bat,
565 453 704 494 legerim
721 464 779 485 non
799 456 870 487 «luc.
893 457 928 488 in
953 468 986 488 eo
1009 468 1058 498 pr.
1083 470 1113 499 q.
1132 469 1171 489 m.

475 503 634 542 Μηλιᾶ.
679 504 802 536 Iusaue
820 506 905 537 benc
921 518 929 538 ι
946 508 1032 538 euim
1049 508 1171 539 subau-

475 554 586 585 dimus
615 556 648 585 in
674 556 765 587 hisce
794 556 832 587 τὸ
859 562 936 597 tam,
967 569 1031 599 qua
1060 559 1102 590 de
1133 569 1171 590 re

473 606 572 636 multi
598 607 714 646 multa,
739 612 775 638 et
797 617 859 639 nos
883 609 917 639 in
942 609 1171 650 Novautiquis

475 656 598 686 nostris
629 656 743 688 dicere
775 658 996 690 meminimus.
1033 660 1170 690 Medius.

474 706 717 745 Freinshemio‚
744 707 818 738 haec
844 708 892 739 ita
921 710 1171 749 transponenti‚

472 764 533 786 non
547 759 611 786 tam
626 756 690 788 mil.
705 757 739 787 in
754 767 787 788 eo
799 767 847 796 pr.
863 769 950 798 quam
964 760 1033 790 duc.
1052 758 1170 790 suffra-

475 811 575 845 gatur
592 816 623 837 n.
638 816 792 848 sequens,
815 812 850 839 et
870 809 973 849 magis
991 810 1171 841 antecedd.

474 855 554 886 duo.
601 856 696 888 Mod.
714 857 847 898 legend.
874 863 994 890 censet
1016 869 1075 889 mm
1092 861 1122 891 cl.
1138 861 1171 890 in

473 916 507 935 eo
529 916 561 945 p.
587 917 616 946 q.
643 916 682 937 m.
710 912 746 938 ut
777 907 1000 939 subaudiatur
1029 908 1066 939 τὸ
1095 912 1170 941 tam.

474 955 651 986 Quomodo
666 956 761 988 Curt.
779 966 847 988 vii.
864 961 894 988 7.
909 961 961 988 39.
989 960 998 975 ‘
1018 959 1092 990 Nec
1117 969 1169 990 me

473 1014 526 1035 ars
551 1015 627 1036 mea
650 1016 749 1046 quam
777 1006 1014 1038 benevolentia
1039 1013 1170 1048 pertur-

474 1054 553 1085 bat!
579 1056 624 1086 Et
635 1056 726 1088 Just.
739 1056 812 1097 ipse
826 1066 942 1088 xxvu.
954 1060 985 1088 3.
1000 1061 1051 1089 10.
1069 1059 1078 1076 ‘
1093 1059 1171 1089 Non

473 1105 600 1136 amicus
629 1106 746 1137 dedito
776 1117 874 1147 quam
905 1107 1008 1138 hostis
1037 1107 1171 1139 factus!

475 1156 558 1186 Cum
585 1156 697 1187 omnia
720 1161 860 1197 exputo,
881 1166 974 1187 mens
998 1156 1172 1198 Auctoris,

473 1206 634 1247 quicquid
649 1206 722 1247 ipse
740 1207 928 1247 scripserit,
945 1208 992 1238 ita
1007 1207 1072 1246 legi
1096 1217 1172 1247 pos-

473 1257 561 1288 tulat
576 1268 583 1288 :
603 1261 666 1287 tam
676 1258 745 1289 duc.
757 1257 789 1287 in
805 1267 837 1288 eo
855 1267 904 1297 pr.
919 1267 1009 1297 quam
1024 1257 1090 1288 mil.
1106 1258 1172 1296 vel,

471 1316 530 1336 non
540 1310 662 1337 tantum
673 1308 740 1337 duc.
757 1308 779 1338 i.
796 1317 824 1337 e.
837 1318 869 1347 p.
886 1308 938 1337 sed
953 1310 983 1337 et
994 1307 1058 1338 mil.
1082 1308 1170 1338 Nam

472 1365 554 1387 ecce
571 1366 648 1386 mox
665 1357 843 1396 subjicitur
854 1356 1051 1387 assertionis
1070 1357 1169 1396 ratio,

471 1406 614 1445 primum
632 1407 674 1436 de
690 1413 835 1446 utroque
858 1405 957 1443 duce,
979 1406 1118 1437 Conone
1135 1411 1171 1437 et

473 1456 663 1494 Pisandr0;
687 1456 812 1486 deiude
832 1465 864 1487 n.
892 1459 923 1486 9.
946 1455 988 1486 de
1004 1457 1170 1487 militibus

471 1507 562 1547 ipsis.
576 1508 759 1538 Berneccer.
776 1507 934 1547 Pugnant
946 1517 1038 1548 seqq.
1053 1508 1086 1537 in
1100 1508 1171 1548 qui-

473 1557 534 1587 bus
558 1562 594 1588 et
616 1558 740 1588 ducum
759 1563 794 1588 et
812 1558 954 1588 militum
973 1568 1034 1598 par
1051 1559 1171 1588 alacri-

471 1612 522 1638 tas
546 1609 768 1640 extolluntur.
815 1609 992 1641 Quomodo
1018 1609 1073 1639 alii
1098 1609 1171 1640 liaec

471 1663 530 1689 aut
560 1659 828 1699 transposuerint
857 1664 916 1690 aut
947 1660 1170 1698 correxerint,

471 1718 526 1749 ap.
545 1710 628 1739 alios
645 1709 812 1740 videatur.
859 1709 937 1740 Nou
955 1709 1074 1741 dubito
1091 1711 1170 1751 quin

471 1760 642 1790 scribeud.
660 1760 704 1791 sit
719 1770 777 1790 non
799 1763 921 1791 tantum
936 1761 1004 1791 duc.
1021 1761 1052 1790 in
1076 1771 1109 1791 eo
1121 1770 1171 1801 pr.

469 1811 563 1840 etium
592 1811 658 1842 mil.
688 1811 843 1841 (emulatio
874 1810 954 1848 suit.
1000 1810 1170 1841 Boxhoru.

469 1861 566 1892 Junt.
582 1871 716 1902 quoque
732 1867 768 1891 ut
790 1871 903 1892 omnes
921 1862 1004 1891 Mss.
1024 1871 1083 1892 non
1099 1863 1168 1894 duc.

469 1911 503 1941 in
534 1921 566 1941 eo
594 1921 644 1951 pr.
675 1921 766 1951 quam
792 1911 857 1941 mil.
887 1921 956 1942 cem.
974 1910 1056 1947 suit.
1101 1911 1170 1943 Pro

468 1971 559 2000 quam
572 1962 705 1992 mallem
722 1971 797 1992 cum
820 1961 1026 1991 Berueccer.
1051 1962 1170 1993 rescri-

470 2010 552 2042 bere
581 2013 634 2042 sed
657 2014 699 2050 et,
725 2011 752 2041 si
778 2011 860 2041 Mss.
888 2020 928 2041 eo
954 2011 1169 2045 inclinarent.

472 2062 581 2092 Graev.
601 2061 751 2092 Freinsli.
775 2061 909 2100 legebat
934 2071 994 2092 non
1019 2065 1082 2092 tam
1105 2063 1170 2094 mil.

470 2111 504 2141 in
519 2122 553 2141 eo
563 2121 612 2151 pr.
627 2122 718 2151 quam
733 2112 802 2142 duc.
816 2114 868 2151 &a
894 2112 1016 2143 Faber.
1041 2112 1169 2144 Omnes

472 2161 557 2193 Mss.
573 2171 654 2202 quos
671 2162 780 2201 Bong.
797 2166 832 2192 et
848 2162 942 2193 Mod.
961 2162 1090 2203 videre,
1113 2164 1170 2195 ha-

472 2211 554 2243 bent
577 2222 636 2243 non
658 2213 727 2243 duc.
753 2215 874 2243 tantum
895 2213 929 2243 in
951 2222 985 2243 eo
1006 2223 1056 2253 pr.
1080 2225 1170 2254 quum

471 2264 536 2294 mil.
583 2264 657 2294 Nec
673 2263 770 2294 aliter
785 2264 990 2304 antiquiores
1007 2265 1096 2305 typis
1113 2275 1170 2295 ex-

472 2312 580 2352 pressi
592 2313 688 2344 Junt.
703 2318 738 2343 et
753 2313 856 2344 Bech.
879 2313 926 2343 At
941 2314 1050 2354 Major
1062 2314 1171 2346 edidit

470 2367 609 2393 nontam
624 2364 691 2394 duc.
706 2363 740 2393 in
762 2373 795 2393 eo
816 2373 866 2403 pr.
891 2374 980 2403 quam
992 2375 1002 2394 .-
1026 2374 1170 2406 eumque

473 2414 582 2453 Bong.
601 2419 636 2444 et
653 2413 709 2443 alii
726 2413 883 2444 videntur
900 2415 1018 2446 secuti.
1043 2416 1170 2447 Verum

473 2465 552 2495 lect.
571 2474 612 2495 ea
629 2474 738 2505 neque
762 2465 825 2505 his,
849 2476 922 2505 quae
950 2467 1170 2507 antecedunt,

475 2524 585 2555 noque
613 2515 673 2553 liis,
705 2525 778 2555 quae
809 2521 1008 2556 sequuntur,
1031 2526 1170 2548 consen-

472 2570 574 2596 tanea
591 2569 643 2596 est
659 2576 666 2596 :
693 2565 843 2605 pluribus
859 2567 947 2597 enini
965 2566 1091 2599 Auctor
1113 2578 1168 2599 ex-

473 2616 581 2655 ponit,
592 2620 750 2656 quantam
767 2626 880 2646 curam
894 2616 997 2648 duces
1010 2618 1169 2649 adhibue-

471 2667 550 2698 rint.
576 2666 674 2699 Quod
687 2666 905 2698 considerans
919 2668 1082 2700 Beruecc.
1093 2677 1169 2700 con-

467 2718 556 2758 jecit
573 2718 707 2758 legend.
722 2727 809 2756 esse,
826 2718 946 2749 vocula
960 2728 1020 2749 non
1035 2720 1169 2759 omissa,

471 2772 534 2798 tum
558 2769 624 2798 duc.
649 2778 755 2808 quam:
782 2769 847 2806 vel,
867 2778 926 2798 non
952 2772 1073 2799 tantum
1097 2771 1165 2801 duc.

470 2820 522 2848 sed
544 2822 573 2849 et
597 2819 661 2850 mil.
705 2818 788 2849 Mihi
803 2817 840 2848 τὸ
854 2829 912 2850 ηοη
938 2820 1004 2850 duc.
1032 2823 1167 2859 tantum,

472 2868 549 2908 quia
563 2869 594 2898 in
613 2873 663 2898 tot
682 2868 763 2899 Mss.
778 2873 812 2899 et
826 2869 1072 2909 antiquioribus
1085 2879 1164 2909 quo-

472 2928 534 2958 que
554 2919 642 2959 typis
658 2919 826 2959 expressis
839 2920 1020 2960 reperitur,
1033 2920 1165 2951 omnino

928 363 1067 394 NOTAE
1100 365 1364 397 VARIORUM
1398 367 1449 397 ΙΝ

1221 460 1389 492 retinend.
1407 460 1550 493 videtur.
1594 460 1662 492 Sed
1679 470 1740 502 pro
1755 471 1846 502 quam
1868 462 1916 493 le-

1223 510 1321 550 gend.
1354 516 1424 542 tuin
1455 513 1509 543 sed
1535 512 1654 549 etiam;
1688 512 1777 553 quod
1807 511 1848 543 ad
1877 512 1915 543 τὸ

1221 571 1312 600 quam
1342 563 1440 601 paulo
1467 563 1604 602 propius
1634 563 1782 602 accedit,
1815 573 1916 604 quam

1222 611 1311 651 quod
1342 612 1506 643 Bernecc.
1539 613 1676 644 volebat
1704 615 1757 644 sed
1785 617 1826 645 et.
1870 615 1918 645 Et

1222 660 1367 692 fortasse
1382 663 1435 692 sed
1458 662 1500 693 ab
1523 661 1674 694 Auctore
1699 664 1797 704 plane
1820 664 1919 695 omis-

1222 712 1294 742 su‘m
1317 710 1395 750 fuit,
1425 716 1461 742 et
1487 712 1650 752 scriptum
1677 713 1776 744 modo
1798 715 1916 751 etiam‚·

1222 762 1388 802 quomodo
1416 771 1518 793 xxw.
1548 765 1578 793 8.
1608 766 1640 793 6.
1677 764 1687 780 ‘
1705 764 1780 795 Nec
1809 764 1917 795 oculis

1222 815 1352 842 tantum
1373 811 1446 842 haec
1472 821 1508 842 se
1534 813 1759 852 perspexisse,
1781 813 1917 845 audisse

1221 862 1325 892 etiam
1337 862 1516 893 stridorem
1530 863 1652 901 arcus,'
1663 863 1803 903 pro‚sed
1815 864 1918 894 etiam

1221 912 1376 943 audisse:
1410 917 1512 953 atque
1536 913 1584 943 ita
1610 912 1789 944 facillimus
1813 913 1854 944 ad
1878 913 1916 943 τὸ

1220 971 1309 1001 quam
1335 962 1498 992 transitus
1524 961 1600 994 fuit.
1638 962 1741 994 Vorst.
1786 962 1915 994 Omnes

1221 1012 1303 1043 Mss.
1329 1013 1413 1043 miro
1441 1022 1605 1043 consensu
1630 1012 1757 1043 habeut
1781 1016 1916 1044 tantum.

1223 1061 1268 1092 At
1284 1062 1362 1093 huic
1380 1073 1446 1094 non
1473 1063 1654 1104 respondet
1669 1073 1777 1103 quam:
1801 1063 1917 1104 itaque

1221 1121 1283 1151 pro
1299 1122 1339 1143 eo
1355 1113 1506 1144 scribunt
1528 1115 1581 1144 secl
1605 1117 1647 1153 et,
1670 1114 1725 1145 vel
1746 1115 1799 1144 sed
1813 1114 1918 1153 etiam,

1221 1162 1310 1202 quod
1333 1167 1444 1194 tamen
1462 1174 1560 1204 qnam
1582 1164 1723 1194 recedat
1742 1164 1853 1204 longe,
1870 1164 1919 1194 vi-

1221 1211 1280 1241 det
1297 1213 1450 1253 quilibet.
1480 1214 1564 1244 Mihi
1579 1213 1698 1244 vitium
1715 1214 1748 1244 iu
1764 1217 1841 1253 tam,
1857 1219 1918 1245 aut

1221 1265 1352 1302 tantum,
1375 1273 1447 1294 esse
1473 1263 1620 1304 videtur,
1646 1274 1775 1305 proque
1803 1273 1855 1304 eo,
1878 1269 1916 1296 ut

1222 1312 1460 1352 compendiose
1485 1314 1625 1354 scripto,
1647 1314 1791 1354 ponend.
1813 1318 1917 1345 tanto-

1220 1371 1301 1402 rum,
1316 1367 1354 1393 ut
1372 1363 1480 1394 oratio
1495 1364 1539 1394 sit
1554 1365 1721 1405 elliptica,
1743 1365 1917 1397 omissum-

1222 1421 1286 1452 que
1302 1413 1513 1453 intelligatur
1528 1424 1593 1445 non
1609 1418 1686 1454 tam,
1702 1415 1774 1454 sed,
1789 1416 1919 1457 magis3

1222 1464 1313 1504 quasi
1330 1465 1540 1504 scripsisset:
1564 1465 1702 1496 Summa
1726 1466 1827 1506 igitur
1849 1476 1917 1498 non

1221 1515 1325 1555 magis
1342 1519 1508 1546 tantorum
1532 1516 1655 1547 ducum
1679 1516 1712 1547 in
1738 1526 1778 1548 eo
1799 1518 1918 1559 praelio

1222 1576 1320 1607 quam
1344 1567 1486 1597 militum
1511 1568 1680 1599 aemulatio
1698 1567 1773 1600 fuit.
1817 1569 1917 1602 Quod

1222 1616 1248 1646 si
1266 1626 1326 1656 pro
1340 1627 1399 1647 non
1420 1617 1626 1648 scriberetur
1641 1627 1707 1657 nec,
1725 1618 1834 1650 adhuc
1848 1628 1916 1649 me-

1223 1667 1285 1697 lius
1302 1667 1409 1698 oratio
1424 1677 1458 1698 se
1474 1668 1626 1699 haberet.
1662 1669 1672 1685 ‘
1689 1669 1818 1710 Magis’
1836 1670 1918 1701 alias

1222 1717 1335 1748 omitti
1364 1728 1417 1758 ap.
1443 1722 1514 1759 opt.
1542 1719 1726 1759 scriptores
1754 1719 1787 1750 in
1813 1720 1918 1760 priori

1222 1767 1385 1806 membro,
1401 1772 1528 1799 notum.
1545 1768 1650 1807 Schef.
1676 1769 1776 1809 Angli
1790 1769 1918 1801 Summa

1220 1819 1322 1857 igitur
1343 1819 1376 1850 in
1397 1830 1431 1849 eo
1452 1821 1558 1860 pra’lio
1574 1824 1639 1851 tam
1653 1822 1721 1853 duc.
1743 1832 1832 1862 quam
1852 1823 1918 1854 mil.

1222 1868 1486 1900 Accommodate
1502 1870 1544 1901 ad
1561 1880 1706 1902 sensum.
1749 1872 1816 1903 Sed
1832 1872 1917 1904 hanc

1221 1928 1297 1950 esse
1323 1920 1503 1960 genuinam
1524 1921 1743 1962 scriptionem
1767 1923 1823 1954 vix
1847 1933 1917 1955 cre·

1220 1969 1377 2009 ‹liderim‚
1413 1980 1489 2001 cum
1527 1971 1690 2003 recedant
1726 1973 1811 2005 Mss.
1841 1973 1915 2006 fere

1220 2029 1346 2051 omnes.
1372 2021 1420 2053 Id.

1264 2064 1281 2103 ς
1305 2066 1325 2094 6
1351 2063 1396 2093 Εο
1423 2063 1603 2103 speciosius]
1632 2064 1715 2096 Tac.
1746 2064 1810 2106 Ag.
1839 2075 1916 2107 cap.

1219 2117 1272 2145 35.
1318 2115 1327 2131 ‘
1345 2114 1471 2154 Ingens
1501 2115 1656 2146 victoriae
1693 2115 1797 2146 decus
1827 2117 1915 2147 citra

1221 2165 1407 2195 Romanum
1424 2164 1617 2203 sanguinem
1634 2164 1781 2197 bellare.'
1804 2166 1902 2198 Rern.

1262 2215 1368 2246 Alieni
1384 2215 1506 2255 imperii
1518 2214 1634 2245 viribus
1649 2215 1790 2255 ‹1imicet]
1821 2216 1842 2249 J
1847 2221 1915 2249 unt.

1219 2266 1328 2296 alienis
1341 2265 1401 2296 vir.
1416 2266 1491 2296 dim.
1515 2265 1630 2295 Graev.

1261 2317 1279 2356 ς
1302 2319 1321 2347 8
1339 2315 1558 2354 Conjunctioue
1574 2314 1730 2356 Agesilai]
1755 2316 1838 2347 Erat
1855 2327 1914 2348 ux-

1219 2367 1285 2397 oris
1308 2366 1379 2407 ejus
1396 2365 1512 2396 frater.
1533 2366 1691 2403 Bongnrs.
1723 2367 1733 2383 ‘
1749 2366 1917 2407 Coujunc-

1219 2415 1363 2447 tionein’
1392 2426 1453 2456 pro
1480 2414 1642 2446 affinitate
1669 2417 1917 2457 cognationeve

1220 2467 1321 2498 sumit
1337 2470 1372 2497 et
1387 2467 1476 2506 Nep.
1488 2466 1520 2496 in
1533 2466 1614 2496 Vita
1630 2465 1757 2497 Attici:
1773 2468 1782 2483 ‘
1797 2467 1916 2508 Ipsum

1220 2516 1421 2557 Pompeium
1435 2516 1651 2556 conjunctum
1667 2525 1733 2546 nou
1749 2515 1915 2549 offendit.'

1219 2569 1330 2601 Quam
1348 2568 1427 2598 lect.
1442 2566 1625 2597 infeliciter
1648 2566 1704 2597 alii
1728 2567 1914 2608 lacessunt,

1218 2625 1382 2649 assertam
1401 2627 1420 2648 a
1434 2617 1523 2649 Jano
1545 2617 1702 2657 Rutgers.
1717 2617 1798 2647 Var.
1815 2617 1913 2649 Lect.

1218 2677 1260 2700 11.
1277 2671 1307 2700 S.
1332 2669 1430 2699 Rern.

1262 2718 1312 2749 Ne
1326 2728 1345 2748 α
1361 2718 1449 2748 rebus
1462 2717 1559 2757 gestis
1581 2717 1656 2757 ejus,
1675 2717 1744 2757 ἃς]
1768 2718 1913 2750 Videtur

1218 2767 1350 2799 Auctor
1373 2768 1560 2808 scripsisse,
1584 2777 1621 2798 ne
1643 2768 1706 2799 reb.
1732 2778 1767 2805 g.
1795 2769 1860 2807 ejus
1884 2774 1913 2801 et

1214 2820 1323 2859 gloria>
1339 2820 1494 2859 splendore
1509 2819 1676 2849 decederet.
1722 2819 1776 2849 lta
1789 2819 1913 2850 Horat.

1217 2880 1256 2901 11.
1290 2870 1357 2901 (Μ.
1381 2873 1412 2900 (i.
1439 2872 1486 2899 Μ.
1523 2870 1531 2886 ‘
1553 2868 1618 2899 Ubi
1650 2877 1716 2899 nou
1744 2869 1911 2909 Hymetto

1217 2921 1320 2951 Mella
1337 2919 1530 2951 decedunt)
1557 2920 1653 2950 (aron.
