2174 3424
482 364 568 406 620

480 479 536 510 ap.
564 469 720 510 Assyrios
746 479 890 512 regnare
913 470 1058 511 coeperit
1083 470 1176 513 (quae

483 520 758 552 constantissima
794 521 969 553 doctorum
1006 522 1176 553 hominum

480 571 651 602 sententia
667 567 749 613 es‘t),
774 572 830 613 qui
857 572 992 604 tandem
1011 572 1084 604 fieri
1101 583 1176 614 pos-

481 621 537 660 sit,
564 625 602 652 ut
628 626 695 652 tam
720 623 833 653 multis
860 623 1064 663 anteipsum
1080 624 1176 655 annis

479 671 623 702 Vexoris
645 672 678 702 in
705 673 851 713 AEgypto
875 673 1046 713 regnarit?
1090 675 1176 706 Eod.

479 731 614 762 quoque
633 721 768 753 videtur
793 722 958 754 referend.
987 723 1075 764 quod
1097 724 1175 754 Tro-

479 781 554 812 gus,
582 772 718 804 Justino
745 776 846 812 teste,
872 773 1022 813 scripsit,
1048 773 1175 804 Ninum

478 821 598 852 tributi
616 822 786 862 pendendi
811 821 912 853 finem
928 822 1062 862 fecisse,
1086 823 1175 863 quod

477 871 616 911 Scythae
646 872 768 902 ceteris
795 872 886 902 Asiae
913 872 1047 912 populis
1070 872 1174 913 impo-

479 926 630 960 suerant,
654 932 714 962 per
736 925 830 953 1500.
868 932 973 953 annos
1015 926 1093 953 aute
1124 923 1174 963 ip-

477 980 550 1001 sum
568 971 705 1003 Ninum.
750 971 837 1002 Haec
864 972 950 1003 enim
974 972 1174 1003 nisifabulis

476 1025 512 1051 et
528 1021 727 1052 commentis
744 1027 896 1052 veterum
917 1022 1123 1063 accensebis,
1139 1022 1174 1052 iu

477 1072 594 1111 multa,
613 1082 718 1114 eaque
741 1074 867 1114 gravia,
881 1073 1094 1105 incommoda
1110 1074 1173 1105 tibi

475 1123 713 1155 incurrendum
729 1123 845 1163 fuerit,
863 1125 891 1156 si
912 1130 947 1156 te
965 1125 1066 1156 animi
1083 1126 1172 1166 cogi-

476 1174 606 1204 tatione
630 1174 672 1205 ad
703 1184 814 1205 rerum
836 1175 998 1215 originem
1029 1175 1172 1215 referes,

475 1223 584 1264 qualis
611 1224 710 1255 hodie
737 1234 779 1255 ex
802 1224 870 1255 fide
893 1225 968 1258 libr.
992 1227 1170 1257 Sacrorum

474 1272 675 1305 confirmata
691 1279 742 1305 est
758 1278 792 1306 et
810 1276 1036 1307 constabilita.
1070 1277 1170 1307 Nunc

472 1323 538 1353 aiio
554 1323 656 1354 etiam
680 1329 795 1355 nostra
819 1331 1037 1357 convertatur
1060 1327 1170 1358 oratio

472 1370 679 1413 (quanquam
710 1374 791 1405 nihil
820 1375 893 1406 haec
918 1376 960 1407 ad
990 1377 1169 1419 Vexorin).

471 1420 571 1460 Sunt,
608 1422 698 1463 iique
722 1425 784 1454 viri
811 1425 948 1457 doctiss.
973 1427 1028 1467 qui
1052 1427 1098 1459 ita
1121 1427 1169 1458 di-

472 1476 572 1502 cant:
596 1472 765 1504 Sesostrin
795 1474 965 1506 Herodoti
990 1476 1083 1507 illum
1118 1477 1169 1518 ip-

471 1530 544 1551 sum
568 1531 654 1560 esse,
677 1533 776 1563 quem
800 1524 1025 1556 Hebraeorum
1051 1536 1167 1558 monu-

470 1575 585 1601 menta
609 1572 814 1613 ‘Sesacum,'
844 1584 903 1604 seu
942 1576 1166 1616 ‘Susakeim‚'

469 1626 605 1653 vocant.
652 1623 717 1654 Sed
746 1623 780 1654 id
817 1623 890 1655 fieri
926 1634 993 1656 non
1030 1631 1166 1667 potest;

468 1680 546 1701 nam
574 1672 631 1702 ille
655 1673 752 1704 Sesac
782 1674 963 1705 vehemens
990 1676 1102 1716 lupus,
1131 1682 1167 1708 et

468 1729 580 1751 merus
611 1723 783 1763 rapacida,
805 1725 861 1765 qui
877 1725 1018 1766 clypeos
1036 1737 1166 1767 aureos,

468 1772 530 1802 &Q
563 1772 624 1803 sub
661 1774 836 1813 primulam
868 1776 963 1814 regni
1002 1776 1165 1808 Hebraici

468 1821 665 1853 divisionem
704 1823 830 1863 floruit,
869 1825 957 1865 quod
982 1836 1001 1856 a
1029 1827 1163 1858 nemine

465 1873 574 1911 possit
590 1874 726 1912 negari;
756 1878 792 1904 at
815 1874 975 1905 Sesostris
1001 1880 1079 1906 ante
1097 1876 1164 1907 bel-

465 1922 533 1951 lum
555 1922 736 1962 Trojanum
755 1923 905 1962 bibebat,
922 1924 1073 1963 ludebat,
1095 1925 1163 1956 bel-

466 1970 579 2009 labat3
595 1972 764 2002 excidium
780 1978 891 2003 autem
907 1973 1085 2012 Trojanum
1099 1974 1162 2004 sub

464 2021 563 2052 finem
580 2021 753 2062 Judicnm,
777 2033 835 2053 seu
856 2023 1030 2063 Ἀρχόντων
1044 2024 1163 2055 Judai·

466 2079 591 2108 corum,
609 2071 745 2103 accidit.
793 2073 892 2103 Unde
908 2073 1011 2113 igitur
1032 2074 1087 2104 ille
1103 2075 1161 2105 Se-

463 2128 533 2158 sac,
557 2120 707 2151 nobiliss.
732 2121 788 2152 ilie
812 2122 910 2162 latro,
933 2123 1021 2154 unde
1044 2124 1070 2154 is
1087 2134 1160 2155 esse

462 2168 627 2199 Sesostris
655 2170 788 2210 potuit?
832 2171 917 2202 Haec
941 2177 1085 2204 autema
1101 2184 1160 2204 no·

464 2217 512 2247 bis
531 2217 571 2248 ad
588 2219 829 2250 intendendam
853 2221 1005 2252 Lectoris
1021 2223 1161 2262 diligen-

463 2267 556 2307 tiam,
571 2269 666 2299 etad
690 2271 922 2302 exacuendum
949 2273 1047 2304 animi
1065 2274 1158 2314 judi-

461 2318 561 2357 cium,
585 2319 765 2351 scribenda
777 2330 849 2352 esse
871 2323 1157 2366 existimavimus;

460 2377 536 2408 quae
552 2368 580 2399 si
598 2368 764 2402 inbuisset
788 2369 988 2412 diffundere,
1008 2378 1043 2404 et
1059 2374 1158 2406 latius

462 2427 502 2448 ac
540 2419 700 2459 prolixius
728 2430 902 2462 spargere,
931 2423 1073 2454 multum
1099 2424 1158 2456 illa

461 2469 636 2510 temporis,
660 2472 802 2502 multum
825 2473 966 2512 chartae,
994 2484 1156 2515 occupas-

459 2524 557 2558 sent3
585 2520 643 2551 sed
667 2521 694 2552 is
729 2531 799 2553 mos
836 2532 1007 2564 nunquam
1040 2529 1156 2557 noster

459 2568 535 2601 fuit.
561 2570 636 2602 Fab.
683 2571 748 2604 Inf.
764 2582 805 2603 11.
819 2576 850 2604 5.
865 2576 896 2604 8.
913 2575 922 2591 ‘
938 2575 1080 2606 Vexoris
1097 2585 1155 2607 rex

459 2619 663 2660 AEgyptius.'
709 2622 870 2653 Ceterum
907 2633 983 2664 quae
1027 2624 1155 2656 Noster

458 2670 596 2709 Vexori,
623 2679 662 2702 ea
687 2670 818 2702 Herod„
841 2672 1000 2713 Sesostri,
1025 2674 1154 2707 tribuit.

457 2720 558 2751 Unde
586 2721 734 2753 'rm-neb.
768 2722 822 2754 hic
845 2732 978 2765 quoque
1004 2724 1155 2756 Sesostris

456 2769 590 2810 legend.
627 2776 757 2804 censet.
801 2773 846 2804 Et
873 2782 952 2806 sane
976 2778 1072 2806 vetus
1097 2775 1151 2807 ed.

455 2819 553 2850 Junt.
565 2825 602 2852 ut
618 2825 654 2852 et
669 2822 785 2855 Graev.
799 2827 957 2865 testatur,
971 2823 1151 2865 manifeste

454 2868 609 2900 Sesostres
642 2870 756 2903 habet.
815 2872 915 2905 Quod
953 2878 1066 2906 autem
1103 2875 1150 2907 id.

455 2918 571 2953 GraeV.
583 2920 636 2952 ed.
652 2920 748 2953 istam
764 2922 950 2964 Bongarsio
961 2933 1028 2956 non
1044 2924 1150 2958 visam

937 375 1079 408 NOTAE
1113 377 1373 409 VARIORUM
1411 379 1461 409 IN

1227 474 1338 512 putet,
1352 471 1424 502 falli
1441 471 1585 504 videtur.
1631 473 1775 505 Notavit
1791 483 1923 516 quoque

1228 520 1300 561 ipse
1316 522 1481 562 Bongars.
1494 521 1536 552 ad
1550 531 1591 553 11.
1609 524 1640 553 3.
1657 525 1688 553 8.
1722 523 1850 555 Justini
1867 525 1921 556 ed.

1226 571 1454 603 Florentinam
1470 576 1505 603 et
1520 573 1552 603 h.
1568 578 1603 603 et
1619 573 1727 604 altero
1751 574 1774 604 l.
1795 574 1922 606 habere

1225 620 1390 653 Sesostres.
1436 621 1545 663 Atqui
1575 622 1628 653 ed.
1665 622 1760 654 Junt.
1786 633 1852 664 qua
1879 624 1922 655 de

1225 670 1272 702 id.
1303 671 1421 703 Graev.
1445 676 1604 712 testatur,
1627 672 1700 713 ipsa
1725 673 1922 705 Florentina

1225 725 1289 760 est,
1304 725 1424 761 utpote
1447 721 1629 753 Florentiae
1651 732 1737 753 anno
1755 725 1851 754 1525.
1867 733 1922 755 cu·

1225 775 1310 802 rata.
1353 771 1440 802 Sunt
1455 775 1490 802 et
1513 772 1607 802 varia
1633 772 1711 812 alia,
1734 781 1776 802 ex
1799 773 1920 813 quibus

1224 820 1338 861 colligi
1354 821 1449 860 licet,
1464 821 1560 852 eand.
1584 821 1672 853 illam
1698 823 1795 855 Junt.
1818 827 1920 863 atque

1224 870 1376 902 Florent.
1414 870 1468 902 ed.
1505 880 1605 912 quam
1633 871 1772 902 Graevio
1801 871 1919 903 videre

1224 919 1381 959 contigit,
1405 926 1441 951 et
1467 930 1509 950 ex
1544 930 1611 961 qua
1633 921 1778 960 optimas
1801 922 1919 962 quasd.

1222 971 1303 1002 lect.
1320 971 1409 1002 idem
1426 970 1570 1002 Auctori
1593 971 1754 1012 reddidit,
1777 977 1812 1003 et
1827 973 1918 1003 Bon-

1222 1020 1334 1059 garsio
1351 1020 1453 1051 visam
1471 1020 1598 1053 fuisse:
1624 1021 1688 1052 etsi
1710 1021 1800 1053 idem
1833 1032 1918 1063 prae—

1222 1073 1381 1104 stantiam
1397 1073 1524 1104 codicis
1548 1073 1699 1104 fortassis
1715 1083 1782 1104 non
1808 1074 1855 1105 sic
1879 1079 1918 1106 ut

1221 1134 1284 1164 par
1299 1129 1372 1156 erat
1385 1125 1616 1156 aestimaverit.
1637 1126 1740 1157 Vorst.
1784 1126 1845 1157 Nil
1860 1127 1917 1158 hie

1220 1179 1361 1214 mutem,
1376 1175 1438 1205 etsi
1453 1175 1550 1207 Junt.
1575 1174 1738 1215 Sewstres,
1763 1179 1799 1206 et
1821 1185 1917 1207 reve-

1221 1233 1258 1254 ra
1288 1224 1342 1255 hic
1379 1223 1485 1255 fuerit
1514 1224 1571 1265 qui
1601 1224 1674 1255 aliis
1709 1225 1919 1257 ‘Sesostris.'

1221 1275 1369 1306 Nomina
1384 1275 1473 1306 enim
1496 1275 1636 1315 propria
1651 1275 1782 1306 variant
1797 1275 1830 1306 in
1844 1275 1917 1306 infi-

1219 1325 1325 1356 nitum
1343 1334 1396 1366 ap.
1412 1325 1609 1365 scriptores.
1639 1326 1811 1356 Caeterum
1826 1325 1915 1356 hunc

1218 1376 1388 1406 Vexorem
1406 1385 1471 1406 non
1494 1375 1718 1416 antiquiorem
1735 1375 1838 1414 Nino,
1854 1375 1916 1406 sed

1219 1425 1455 1463 recentiorem,
1475 1424 1591 1463 fuisse,
1621 1424 1754 1464 pridem
1775 1424 1844 1459 alii,
1867 1425 1916 1455 in-

1219 1477 1338 1514 terque
1354 1474 1444 1514 ipsos
1459 1474 1562 1505 etiam
1585 1475 1759 1514 Rupertus
1777 1474 1819 1505 ad
1837 1474 1916 1505 His-

1218 1523 1336 1553 toriam
1354 1523 1505 1562 Besoldi,
1521 1523 1681 1554 docuere.
1704 1523 1808 1561 Schef.

1262 1574 1400 1614 Tannus]
1410 1574 1443 1605 Is
1456 1572 1480 1606 f.
1493 1583 1589 1615 quem
1604 1573 1791 1606 Jornandes
1803 1575 1812 1591 ‘
1824 1575 1914 1605 Tau-

1217 1623 1329 1653 nasin'
1347 1628 1453 1655 vocat.
1483 1624 1636 1662 Bongurs.
1669 1623 1766 1654 Idem
1779 1623 1915 1655 videtur

1218 1682 1290 1704 esse
1308 1682 1383 1704 cum
1395 1673 1553 1714 Targitao
1566 1673 1746 1705 Herodoti.
1774 1675 1837 1705 Ox.

1259 1724 1275 1763 ξ
1299 1726 1318 1754 7
1341 1723 1543 1764 Longinqua]
1565 1722 1730 1761 Ἐκδήμους
1749 1721 1913 1764 στρατείας

1214 1772 1364 1812 Thucyd.
1397 1783 1420 1804 1.
1448 1783 1481 1813 p.
1510 1777 1542 1805 6.
1580 1774 1691 1805 Strab.
1719 1783 1759 1804 11.
1785 1784 1817 1814 p.
1837 1777 1912 1806 511.

1213 1823 1357 1863 Ἐφόδυυς
1373 1823 1556 1862 ἐποιήσαντο
1575 1825 1632 1856 τὰς
1642 1824 1699 1864 μὲν
1709 1824 1908 1867 μακροτέρας,

1213 1874 1269 1905 τὰς
1285 1873 1316 1904 δὲ
1332 1874 1383 1904 καὶ
1395 1873 1535 1913 ἔγγυθεν.
1560 1876 1660 1906 Gron.

1258 1925 1326 1955 Nec
1346 1926 1508 1965 imperium
1531 1925 1605 1965 sibi]
1629 1925 1684 1956 Ita
1701 1925 1836 1966 Scythae
1849 1925 1909 1956 inf.

1213 1983 1252 2006 11.
1272 1978 1302 2006 3.
1320 1978 1351 2005 7.
1375 1976 1552 2006 ‘Victores
1579 1976 1660 2006 nihil
1686 1980 1811 2016 practer
1839 1977 1909 2016 glo-

1212 2025 1293 2055 riam
1309 2026 1576 2066 concupiscunt:
1610 2026 1697 2057 Flor.
1714 2035 1769 2057 111.
1787 2029 1838 2057 10.
1855 2028 1909 2057 34.

1211 2076 1309 2106 Bern.

1256 2126 1416 2165 Quoesz'toe,
1443 2126 1512 2166 Em]
1541 2127 1630 2157 Saxo
1655 2127 1904 2159 Grammaticus

1210 2185 1234 2206 1.
1256 2176 1347 2207 Hist.
1364 2177 1452 2207 Dan.
1479 2187 1511 2217 p.
1536 2180 1609 2209 204.
1627 2181 1678 2209 14.
1703 2179 1711 2194 ‘
1725 2179 1799 2210 Nec
1817 2189 1906 2220 qua‘-

1209 2226 1283 2257 sitae
1308 2227 1544 2257 dominationis
1576 2226 1742 2259 felicitate
1767 2234 1905 2259 conten·

1210 2276 1294 2307 tus’:
1319 2285 1394 2307 xiv.
1420 2286 1452 2317 p.
1470 2279 1543 2308 317.
1563 2280 1594 2308 9.
1621 2279 1629 2294 ‘
1645 2278 1782 2318 Quippe
1799 2278 1903 2309 Saxo-

1209 2334 1280 2364 nes,
1305 2325 1501 2366 proferendi
1535 2326 1667 2366 imperii
1701 2327 1904 2367 cupiditate,

1209 2375 1361 2407 victoriae
1387 2376 1481 2407 lucra
1514 2377 1677 2407 continua
1695 2377 1904 2417 possessione

1206 2423 1366 2456 firmare?

1249 2475 1265 2514 ς
1288 2477 1308 2505 9
1331 2474 1511 2514 Zoroastre]
1549 2474 1649 2506 Diod.
1668 2483 1708 2506 11.
1728 2478 1759 2506 6.
1777 2475 1903 2507 dicitur

1204 2522 1379 2564 Ὀξυάρτης.
1416 2525 1574 2564 Bongurs.
1619 2526 1674 2556 De
1711 2525 1774 2557 lioc
1810 2526 1898 2558 Plin.

1205 2583 1297 2606 XXX.
1314 2578 1342 2606 l.
1382 2575 1427 2606 D.
1452 2574 1541 2615 Aug.
1568 2583 1644 2606 xxr.
1664 2578 1714 2606 14.
1760 2576 1833 2607 Civ.
1852 2577 1899 2607 D.

1204 2625 1303 2656 Bern.
1347 2625 1476 2657 Scribit
1502 2630 1538 2656 et
1562 2626 1667 2657 Diod.
1692 2626 1748 2657 lib.
1763 2635 1804 2657 11.
1821 2636 1898 2658 cum

1205 2684 1286 2716 rege
1317 2676 1462 2716 quodam
1489 2676 1746 2707 Bactrianorum
1772 2677 1898 2709 Ninum

1204 2725 1329 2756 bellum
1368 2727 1529 2767 gessisse:
1557 2736 1673 2758 verum
1704 2737 1769 2759 non
1798 2728 1900 2760 Zoro-

1202 2780 1340 2816 astrem,
1366 2776 1426 2807 sed
1452 2776 1654 2818 Oxyartem,
1679 2787 1755 2809 eum
1784 2783 1898 2811 vocat.

1207 2825 1311 2858 Vorst.
1358 2826 1413 2857 De
1441 2827 1612 2858 Zoroastri
1639 2832 1742 2859 aetate
1764 2828 1898 2860 incerta

1201 2880 1280 2907 sunt
1295 2876 1428 2915 omnia;
1445 2881 1542 2907 tanta
1554 2881 1607 2908 est
1622 2877 1818 2917 opinionum
1831 2878 1896 2910 dis-

1200 2926 1327 2958 cordia.
1374 2927 1613 2959 Recentiorem
1642 2926 1758 2968 fuisse,
1796 2933 1832 2960 et
1861 2929 1893 2960 in
