2101 3419
517 352 715 385 JUSTINI
749 353 842 383 mu.
874 353 1023 386 xmu.
1055 355 1164 386 cAP.
1195 345 1235 385 1.

183 455 261 488 que.
285 446 337 478 Id.

226 497 244 537 ξ
268 500 286 528 5
311 495 468 537 Maximo]
489 495 642 528 Freinsh.
663 493 811 537 maxime,
833 506 880 528 sc.

186 556 256 587 prae
270 546 422 578 finitimis
444 547 658 578 civitatibus:
683 547 807 587 placet.
830 543 880 579 Id.

186 597 265 629 Non
294 597 427 636 dubito,
449 597 529 637 quin
552 606 628 627 curn
653 596 805 627 Freinsh.
826 595 882 627 hic

185 647 320 678 maxime
337 647 380 678 sit
396 646 529 687 legend.
553 646 655 683 Schts.

230 697 248 737 ᾗ
270 699 290 727 6
313 697 352 727 In
380 696 567 737 Hispaniam
582 696 690 727 bellum
711 696 884 737 gerentem]

186 745 268 786 Leg.
283 745 316 777 in
332 744 510 786 Hispania:
534 745 602 777 vid.
624 755 681 777 ιιι.
696 748 726 777 1.
749 746 863 778 Faber.

229 797 247 837 ᾧ
269 799 289 827 7
314 797 436 837 Mittit,
448 797 586 837 servum]
616 797 757 827 Mallem
773 797 887 836 mittit,

186 849 218 878 et
231 856 351 878 servum
362 857 373 884 ‚·
396 847 474 888 qnia
484 847 666 878 verisimile
677 846 887 887 conjunctio-

189 906 266 928 nem
281 907 300 928 a
314 897 443 937 syllaba
456 897 576 928 ultima
588 897 678 928 vocis
692 897 888 938 praeceden-

186 947 231 978 tis
260 957 322 988 per
344 946 598 979 similitudinem
621 956 696 979 esse
719 947 889 988 Intercep-

187 1001 268 1030 tam.
291 997 395 1035 Schef.

231 1049 249 1088 ξ
272 1050 291 1078 8
315 1047 351 1078 Si
381 1047 447 1086 ejus
471 1058 602 1087 regnum
625 1047 761 1080 muneris
783 1056 888 1078 eorum.

181 1097 314 1138 fuisset]
350 1097 526 1129 ‘Fuisset'
554 1108 629 1139 pro,
654 1102 770 1130 esset:
813 1108 888 1139 quae

189 1153 380 1189 temporum
411 1148 630 1189 permutatio,
661 1152 698 1180 nt
721 1158 792 1188 sup.
819 1157 889 1178 mo-

189 1198 335 1238 unimus,
349 1197 508 1239 frequens
526 1202 589 1229 est.
617 1198 626 1214 ‘
642 1197 725 1229 Esse
740 1197 889 1228 muneris

192 1247 399 1289 aliquorum’
417 1248 494 1279 talis
506 1248 592 1288 ῥῆσις
602 1247 783 1289 est‚qualis
796 1250 804 1265 ‘
817 1256 891 1278 esse

185 1297 297 1338 juris:
323 1300 332 1316 ‘
347 1307 422 1330 esse
438 1298 573 1330 ditionis
589 1297 800 1339 aliqnorum.'
823 1298 893 1329 De-

191 1347 272 1379 inde
284 1347 403 1379 dicunt
431 1350 440 1365 ‘
452 1347 567 1379 facere
583 1347 709 1389 aliquid
725 1346 893 1387 muneris:

191 1397 319 1437 ‘juris‚’
349 1398 552 1438 ‘potestatis
580 1395 790 1438 aliquorum‚'
818 1405 892 1437 pro,

192 1446 307 1479 facere
321 1451 361 1478 ut
376 1447 419 1478 sit
432 1447 698 1488 muneris,juris,
710 1444 893 1486 potestatis

195 1497 379 1538 aliquorum
395 1507 403 1536 ;
421 1501 458 1528 ut
473 1507 548 1537 sup.
564 1496 782 1528 ostendimus.
820 1496 893 1528 Vor.

236 1548 254 1587 ᾗ
279 1550 319 1578 10
342 1548 461 1578 Metam
474 1547 628 1578 Phrahati
639 1546 782 1586 incussit]
796 1546 818 1578 J
823 1550 893 1577 unt.

192 1597 341 1637 injunxit.
397 1598 468 1636 Sic,
504 1597 697 1638 injungere,
723 1596 894 1627 interdum

194 1651 260 1687 est,
276 1646 414 1679 inferre.
441 1647 626 1688 Injungere
637 1646 806 1687 injuriam,
823 1646 893 1677 Cic.

195 1705 254 1728 ιιι.
271 1696 313 1728 de
331 1697 375 1729 N.
395 1697 440 1728 D.
469 1697 478 1714 ‘
491 1697 546 1728 Ita
563 1696 604 1728 ab
620 1696 736 1736 inopia
759 1696 893 1727 temeri-

194 1750 301 1777 tatem
324 1747 357 1777 in
384 1747 487 1786 Deos,
511 1747 544 1777 in
567 1746 718 1777 homines
748 1745 894 1786 injunxit

193 1795 376 1836 injuriam.'
399 1798 408 1814 ‘
423 1796 608 1837 Injungere
637 1794 892 1826 detrimentum’

195 1844 264 1876 eid.
291 1855 366 1886 pro,
388 1845 545 1876 damnum
573 1844 710 1876 inferre.
754 1845 894 1886 ‘Injun-

196 1904 278 1936 gere
314 1894 484 1926 inimicos'
522 1894 629 1926 Livio.
676 1895 783 1926 Groev.
829 1896 893 1926 Re-

195 1944 316 1985 scripsi
324 1945 486 1976 audacter
496 1944 632 1984 injunxit
643 1955 656 1982 ,·
667 1945 756 1986 quod
768 1945 800 1976 in
809 1945 895 1976 anti-

196 1993 367 2034 quioribus
396 1993 487 2034 typis
524 1995 709 2034 expressis,
742 1999 778 2025 et
807 1995 895 2025 inter

196 2049 344 2085 ceteros,
373 2044 515 2077 Juntino
544 2049 607 2076 est.
638 2045 746 2084 Bong.
776 2045 896 2076 maluit

195 2095 344 2127 incussit:
367 2094 469 2137 quod,
499 2094 615 2134 eredo,
652 2094 687 2125 in
725 2095 894 2136 aliquibus

196 2145 296 2177 codd.
312 2146 396 2176 Mss.
411 2145 467 2175 ille
484 2145 623 2185 reperit.
666 2144 733 2175 Sed
750 2153 812 2184 ego
829 2153 895 2175 non

196 2195 316 2227 dubito
332 2195 413 2236 quin
428 2195 491 2226 hoc
515 2195 654 2226 alterius
677 2194 777 2225 modo
793 2195 897 2226 inter-

195 2249 446 2287 pretamentum
463 2245 519 2285 sit,
544 2248 580 2275 et
599 2254 642 2275 ex
655 2253 758 2284 marg.
773 2244 807 2274 in
821 2248 894 2275 tex-

196 2299 269 2327 tum
297 2295 487 2336 irrepserit.
530 2294 650 2326 Solent
673 2294 762 2326 enim
784 2294 893 2325 miuus

1519 345 1633 386 1025

934 452 1015 479 nota
1031 448 1105 479 aliis
1129 447 1320 480 notioribus
1343 447 1522 489 explicari,
1543 452 1579 480 et
1602 448 1636 479 iu

935 497 1066 528 illorum
1082 498 1192 529 locum
1208 498 1332 529 deinde
1347 498 1420 530 liaec
1436 498 1635 530 succedere.

935 546 1135 587 Injungere,
1164 557 1240 588 pro,
1277 547 1415 587 inferre,
1447 548 1637 589 imponere,

936 606 1004 628 non
1030 607 1154 629 rarum.
1198 599 1326 629 Brutus
1353 599 1386 629 in
1410 599 1474 638 Ep.
1499 599 1541 629 ad
1566 599 1639 630 Cic.

937 648 947 665 ‘
966 647 1019 678 Ne
1036 647 1118 688 quid
1134 647 1332 678 detrimenti
1343 648 1429 688 reip.
1442 647 1640 688 injungant!

936 698 1016 729 vid.
1034 702 1070 729 et
1085 707 1160 738 sup.
1185 697 1294 729 Notas
1308 698 1350 728 ad
1366 707 1422 729 ιιι.
1445 701 1519 729 5.8.
1555 698 1639 739 Ipse

939 747 1011 779 Cic.
1038 756 1095 778 111.
1126 747 1168 778 de
1196 747 1242 779 N.
1272 748 1318 779 D.
1345 748 1409 778 ‘In
1425 747 1642 779 hominesin-

933 796 1052 837 junxit
1088 794 1268 837 injuriam!
1312 796 1367 827 Sic
1404 796 1517 828 Livius
1553 796 1641 828 dicit

939 846 1136 887 ‘injungere
1151 847 1250 878 alicui
1263 846 1369 887 onuS‚’
1386 848 1395 864 ‘
1409 846 1642 887 stipendium:

940 897 950 915 ‘
963 895 1141 936 militiam,'
1171 897 1180 914 ‘
1195 895 1418 935 servitutem‚'
1444 897 1453 914 ‘
1468 896 1644 936 ignomini-

941 946 1018 979 am.’
1061 947 1152 977 Usus
1166 950 1201 977 et
1216 947 1293 978 Val.
1311 947 1361 977 M.
1378 955 1444 977 non
1459 947 1587 985 semel;
1604 950 1643 978 ut

941 997 975 1028 in
988 997 1088 1028 Notis
1101 997 1134 1027 in
1150 997 1239 1027 hunc
1253 997 1476 1028 ostendimus.
1504 997 1579 1030 Vor.

984 1048 1002 1088 ᾗ
1027 1050 1064 1078 11
1092 1048 1169 1078 Tota
1179 1046 1332 1087 Parthia]
1356 1046 1517 1078 Meminit
1527 1046 1643 1079 Strab.

942 1107 993 1130 vr.
1010 1101 1044 1129 et
1069 1107 1143 1129 xvr.
1183 1097 1280 1129 Suet.
1309 1098 1459 1129 Octavio
1483 1101 1537 1130 21.
1572 1098 1645 1130 Ho-

943 1152 1008 1179 rat.
1036 1157 1088 1179 1v.
1113 1147 1181 1179 Od.
1208 1148 1271 1179 ult.
1294 1147 1337 1178 de
1364 1147 1545 1188 Augusto:
1575 1149 1646 1180 ‘Et

943 1199 1038 1238 signa
1053 1202 1167 1229 nostro
1184 1198 1336 1229 restituit
1352 1198 1456 1239 Jovi‚'
1475 1201 1539 1230 &c.
1562 1199 1646 1230 Sue-

945 1247 1029 1279 tonii
1044 1247 1137 1278 locus
1158 1246 1334 1278 confirmat
1351 1248 1525 1289 antiquam
1542 1248 1648 1288 scrip·

946 1301 1056 1328 turam
1088 1297 1264 1328 Crassiana.
1309 1297 1420 1337 Vulgo
1449 1297 1537 1328 enim
1564 1297 1648 1338 legi-

949 1351 1005 1378 tur
1016 1347 1174 1378 Cassiam).
1195 1347 1364 1386 Bongars.
1393 1346 1473 1377 Vid.
1492 1347 1583 1378 Flor.
1598 1356 1647 1379 ιν.

950 1400 1002 1429 12.
1015 1400 1069 1428 63.
1093 1398 1192 1428 Bern-

992 1450 1009 1489 ξ
1034 1451 1074 1479 12
1097 1447 1178 1479 Filii
1194 1447 1273 1488 Ph.]
1311 1448 1463 1480 Quorum
1483 1457 1569 1479 unus
1589 1448 1650 1479 Se-

950 1500 1168 1541 raspadanes,
1192 1499 1281 1529 alter
1304 1498 1504 1540 Rhodaspes
1530 1500 1650 1540 appel·

949 1550 1040 1581 latur
1069 1549 1103 1579 in
1129 1548 1367 1589 inscriptione,
1395 1559 1470 1590 quae
1491 1552 1591 1580 extat
1615 1549 1650 1579 in

946 1600 1053 1631 hortis
1077 1599 1258 1639 Mediceis,
1280 1600 1452 1640 publicata
1466 1600 1507 1631 ab
1524 1599 1650 1630 illustri

946 1650 1118 1690 Scaligero
1135 1658 1192 1681 111.
1215 1649 1349 1690 Isagog.
1373 1660 1407 1691 p.
1423 1652 1498 1681 523.
1535 1649 1651 1682 strab.

948 1709 1029 1731 xw.
1060 1709 1094 1740 p.
1125 1702 1200 1731 748.
1237 1699 1280 1730 de
1306 1700 1477 1730 Phi-abate
1506 1700 1650 1731 scribit:

948 1749 1019 1790 Καὶ,
1046 1748 1181 1780 καλέσας
1212 1747 1253 1780 εἷς
1286 1748 1444 1788 σύλλογον
1469 1749 1569 1780 Τίτιον
1598 1748 1652 1779 τὸν

948 1800 1170 1831 ἐπιστατοῦντα
1188 1798 1260 1831 τότε
1279 1800 1337 1836 τῆς
1356 1799 1477 1840 Συρίας,
1499 1798 1652 1839 τέτταρας

946 1853 1057 1882 παῖδας
1075 1849 1219 1889 γνησίους
1242 1849 1428 1890 ἐνεχείρισεν
1449 1849 1548 1890 ὅμηρα
1569 1849 1654 1888 αὐτῷ

948 1901 1152 1943 Σαρασπάδην
1171 1900 1223 1932 καὶ
1243 1900 1442 1942 Κεροπάσδην
1464 1901 1564 1942 (MSS.
1588 1901 1652 1932 Ca-

948 1953 1042 1984 saub.
1066 1950 1278 1992 Κερεσπάδην)
1298 1950 1349 1982 καὶ
1369 1949 1505 1992 Φραάνην
1525 1950 1653 1992 (Medi-

949 2011 1030 2033 ceus
1046 2000 1179 2042 Φραάτ.)
1195 1999 1245 2032 καὶ
1264 2000 1396 2038 Bothum.

992 2052 1215 2091 Magnitudine
1241 2052 1387 2091 nominis,
1413 2051 1481 2092 ἔξω]
1515 2051 1590 2082 Hoc
1606 2061 1654 2083 sc.

949 2106 1002 2134 est
1022 2102 1032 2120 ‘
1045 2102 1135 2134 fama
1152 2103 1241 2133 bella
1258 2101 1460 2143 profligare‚'
1489 2111 1544 2142 ap.
1570 2103 1652 2133 Tac.

950 2154 993 2185 G.
1009 2156 1058 2184 13.
1095 2154 1170 2186 Qua
1183 2154 1225 2185 de
1241 2164 1278 2185 re
1303 2154 1447 2186 Gruter-i
1470 2154 1559 2185 Diss.
1584 2163 1654 2185 vu.

950 2204 993 2234 ad
1006 2205 1085 2236 Tac.
1102 2213 1215 2245 operae
1239 2204 1387 2246 pretium
1402 2208 1454 2236 est
1470 2204 1652 2246 inspicere.

947 2253 1047 2285 Ber-n.

704 2620 922 2669 LIBER
962 2621 1163 2668 XLIlI.

248 2791 336 2824 CAP.
360 2801 384 2822 1.
418 2793 435 2832 ξ
464 2794 480 2823 1
509 2792 701 2832 Explicatis]
723 2791 899 2823 Junt.nec

205 2851 271 2872 non
297 2847 380 2874 vett.
405 2842 481 2873 edd.
509 2843 583 2873 aliae
611 2842 787 2882 expeditis:
810 2841 899 2882 quod

206 2894 342 2932 elegans
358 2896 422 2923 est.
468 2894 589 2925 Nullus
610 2892 728 2924 dubito
752 2891 830 2934 quin
847 2901 899 2922 ex—

289 2944 403 2985 Delph.
419 2949 447 2976 et
470 2945 545 2977 Var.
564 2945 647 2977 Clas.

952 2791 1078 2832 plicatis
1087 2790 1132 2821 sit
1149 2789 1316 2830 expositio
1331 2788 1387 2818 τοῦ
1398 2788 1561 2828 expeditis.
1593 2788 1654 2819 So·

953 2842 1025 2872 lent
1041 2841 1129 2872 enim
1145 2840 1254 2870 minus
1271 2839 1366 2880 trita,
1381 2848 1454 2879 qua]
1475 2848 1539 2868 non
1556 2839 1654 2869 intel-

955 2891 1073 2932 ligunt,
1093 2891 1208 2923 delere
1223 2889 1349 2921 librarii
1363 2894 1397 2919 et
1412 2888 1515 2926 scioli,
1528 2898 1566 2919 ac
1585 2889 1654 2919 vul-

860 2945 884 2975 J
888 2946 931 2973 ιωί
938 2942 982 2976 in.
1500 2944 1517 2971 3
1541 2942 1568 2971 'l‘
