2174 3424
618 380 814 412 JUS'rlNl
847 380 940 411 mn.

228 477 355 510 tatibus
369 475 575 508 attulerunt?
603 473 776 505 Videndus
787 473 921 505 omniuo

228 530 322 569 Lips.
337 527 378 558 de.
393 526 537 566 Magnit.
553 526 649 557 Rom.
666 534 706 556 η.
723 528 754 556 9.
777 525 877 556 Ber-n.

270 579 307 609 In
323 575 690 616 titulumgratulationis]
714 575 802 605 Illud
820 575 921 605 etiam

227 627 386 658 Romanis
401 626 577 664 usitatum,
592 634 700 665 neque
720 634 852 656 coronae
868 634 920 655 so-

226 677 296 707 lum
318 675 403 715 ipsae
417 674 654 712 mittebantur,
672 674 731 705 sed
749 683 865 705 aurum
882 679 920 705 ut

224 725 370 767 pecunia
382 724 424 755 ad
441 733 596 764 coronas,
614 727 716 765 atque
733 723 767 754 id
783 723 920 764 proprie

225 784 342 806 aurum
358 774 580 806 coronarium.
603 774 700 804 Idem.

271 826 371 855 Grate
395 834 519 856 munere
541 823 677 864 accepto]
701 832 805 855 xxxr.
829 826 860 854 7.
887 825 918 854 6.

225 873 234 891 ‘
245 874 388 905 Gratum
400 883 435 903 se
448 883 566 904 munus
580 872 760 913 accipere.¹
797 873 842 904 Et
851 881 918 904 ΧΠ.

226 927 277 955 11.
288 927 320 955 2.
336 924 345 940 ‘
359 923 434 955 Nec
447 933 466 954 a
478 922 690 954 debitoribus
704 922 810 962 magis
821 931 920 962 quam

225 985 245 1006 a
261 974 485 1005 creditoribus
507 973 637 1014 gratius
654 978 799 1014 excepta
815 972 920 1003 muni-

222 1025 385 1057 ficentia.’
414 1025 518 1056 Vorst.

266 1076 340 1115 §11
365 1075 405 1105 Id
427 1084 493 1104 eum
516 1073 550 1104 in
576 1074 656 1114 Tyro
678 1071 795 1112 cetere]
822 1073 918 1104 Vett.

222 1125 311 1155 deum
343 1124 442 1165 Tyro:
464 1122 597 1163 legend.
622 1122 768 1153 arbitror
792 1122 827 1152 id
852 1131 919 1152 eum

222 1174 258 1206 in
275 1174 357 1214 Tyro
378 1176 491 1212 vetere,
506 1173 679 1213 antiquiore
694 1173 824 1212 templo.-
847 1172 919 1202 sine

223 1223 354 1262 copula.
405 1221 593 1253 Dicebatur
622 1221 710 1252 enim
740 1222 832 1252 locus
861 1221 918 1251 ille

223 1270 425 1311 Παλαῖτυρος.
471 1270 550 1301 Vid.
565 1271 661 1302 Curt.
679 1279 711 1301 v.
726 1273 758 1301 2.
783 1269 918 1301 Arrian.

222 1331 264 1353 11.
280 1321 383 1352 Diod.
400 1329 489 1352 xvu.
505 1323 558 1351 40.
582 1324 618 1351 et
644 1320 736 1351 Plut.
760 1320 794 1350 in
818 1318 917 1350 Alex.

223 1374 276 1402 41.
300 1371 455 1409 Bongars.
502 1370 612 1401 Scribi
639 1369 755 1401 curavi
771 1370 805 1400 in
823 1370 917 1410 Tyro-

222 1424 335 1459 vetere,
351 1425 493 1462 utraque
509 1429 593 1451 voce
609 1429 670 1460 per
688 1420 845 1450 lineolam
862 1429 917 1450 co·

223 1471 360 1511 pulata3
383 1475 421 1501 ut
436 1470 686 1510 intelligeretur
699 1479 770 1500 esse
785 1479 919 1510 compo-

224 1521 333 1552 sitam.
379 1520 466 1551 Haec
488 1520 613 1560 Tyrus,
629 1520 832 1559 Palaetyros,
850 1519 871 1549 i.
888 1529 917 1551 e.

223 1573 327 1612 Tyros
351 1571 508 1610 Vetusta,
533 1581 554 1601 a
569 1570 697 1602 Graecis
719 1570 918 1608 dicebatur3

223 1621 373 1652 distabat
398 1625 510 1652 autem
537 1621 579 1651 ab
606 1621 714 1651 altera
738 1621 826 1660 Tyro
852 1624 919 1650 sta-

224 1671 288 1702 diis
314 1674 365 1702 30.
389 1675 476 1702 teste
502 1670 693 1709 Strabone3
716 1675 856 1711 eratque
882 1670 917 1701 in

223 1720 432 1758 continenti;
468 1724 504 1751 at
543 1720 662 1759 altera,
694 1720 919 1751 celebratissi-

223 1781 280 1801 ma
303 1771 360 1802 illa
380 1775 415 1802 et
438 1770 714 1801 decantatissima
728 1769 848 1810 Tyros,
869 1770 918 1800 in-

226 1822 299 1851 sula
328 1824 412 1860 erat,
447 1829 522 1850 cum
559 1819 707 1850 obsideri
744 1819 786 1850 ab
816 1819 918 1850 Alex-

227 1870 333 1901 andro
349 1874 460 1910 coepta
472 1873 536 1900 est.
582 1869 754 1908 Ceterum,
770 1869 824 1900 ubi
840 1879 917 1900 mox

224 1919 349 1951 dicitur
366 1922 396 1950 et
411 1919 586 1959 antiquiore
600 1919 723 1959 templo,
750 1923 845 1950 recte
871 1919 918 1950 vi-

222 1969 275 2000 dit
303 1969 468 1999 Bernecc.
495 1967 710 2008 expungend.
732 1977 805 1999 esse
833 1968 916 1999 illud

221 2022 263 2059 et,
277 2019 339 2050 hoc
355 2027 467 2057 sensu,
490 2027 551 2058 per
571 2017 752 2048 ablativum
769 2017 917 2049 abstrac-

224 2073 315 2101 tum:
340 2068 483 2100 Rectius
500 2067 534 2098 id
547 2067 581 2097 in
598 2067 727 2098 Vetere
742 2068 830 2108 Tyro
847 2067 916 2099 fac-

222 2124 346 2158 turum,
372 2117 562 2158 antiquiore
586 2117 725 2157 templo,
747 2116 769 2148 i.
785 2126 814 2148 e.
840 2127 916 2148 cum

222 2168 388 2209 Palaetyri
413 2167 577 2207 templum
599 2167 707 2198 multo
724 2171 815 2198 esset
831 2167 918 2198 anti-

222 2219 321 2260 quius
347 2227 446 2258 quam
472 2216 506 2247 id
535 2216 625 2257 quod
653 2216 686 2246 in
715 2216 813 2247 Nova
827 2217 915 2258 Tyro

221 2267 504 2308 conspiciebatur.
521 2266 632 2298 Faber.
679 2266 720 2297 In
732 2267 916 2298 continenti

220 2317 286 2349 fuit
313 2315 515 2356 Παλαίτυρος,
541 2315 685 2356 Antiqua
718 2316 828 2356 Tyrus,
858 2316 916 2347 ubi

222 2367 363 2399 Herculi
384 2376 481 2398 sacra
506 2365 622 2396 facere
647 2365 842 2396 Alexander
857 2376 915 2406 po-

221 2418 351 2450 tuisset.
381 2416 449 2457 Ap.
466 2416 561 2448 Curt.
576 2416 681 2456 legati
697 2416 916 2456 respondent,

222 2470 233 2487 ‘
246 2478 318 2500 esse
334 2469 497 2508 templum
513 2467 672 2498 Herculis
687 2472 787 2498 extra
799 2467 915 2498 urbem

222 2521 255 2552 in
271 2529 343 2551 eam
370 2519 484 2550 sedem
511 2528 608 2560 quam
635 2519 834 2558 Palaetyron
850 2518 915 2559 ipsi

220 2574 366 2602 vocant:
389 2569 435 2601 ibi
459 2578 573 2609 regem
598 2569 676 2599 Deo
701 2578 834 2599 sacrum
849 2569 915 2599 rite

221 2619 413 2652 facturum.'
458 2619 500 2650 In
523 2619 710 2660 antiquiore
732 2618 790 2649 illo
808 2619 916 2649 Palae-

221 2671 288 2712 tyri
313 2670 438 2710 templo
467 2669 597 2701 occisus
625 2668 693 2700 fuit
721 2669 867 2700 Sichaeus
897 2678 915 2700 a

222 2720 460 2760 Pygmalione:
481 2718 571 2759 quod
598 2727 640 2749 ex
667 2727 706 2749 eo
732 2718 914 2758 colligitur,

224 2769 311 2810 quod
328 2769 432 2808 Dido,
446 2778 520 2799 cum
540 2767 583 2798 ad
608 2767 860 2808 Pygmalionem
882 2768 915 2798 in

224 2819 348 2859 regiam
363 2828 398 2850 se
416 2823 590 2850 venturam
611 2817 797 2856 simularet,
813 2826 914 2848 naves

225 2869 432 2909 conscendit,
448 2873 549 2911 atque
564 2869 612 2900 ita
628 2867 772 2909 aufugit.
800 2868 904 2899 Vorst.

972 380 1042 411 xr.
1073 381 1180 412 cAP.
1210 370 1281 411 11.
1580 369 1665 411 ’793

1015 475 1033 514 ξ
1051 476 1090 504 12
1116 474 1186 505 Non
1201 474 1302 504 minus
1316 472 1476 514 animosis]
1510 473 1592 505 Mss.
1608 473 1665 503 lia-

972 523 1055 554 bent
1074 524 1224 554 animosos
1249 524 1370 563 Tyrios,
1393 529 1427 554 et
1443 533 1520 555 mox
1535 524 1665 563 excipit,

973 573 1061 615 quod
1076 571 1100 603 f.
1117 582 1183 603 non
1206 578 1257 604 est
1274 573 1463 613 negligend.
1510 573 1599 605 Quia
1615 577 1666 603 ta-

971 631 1047 652 men
1062 622 1143 653 illnd
1161 632 1263 662 genus
1279 623 1404 654 Nostro
1428 622 1505 653 alibi
1530 631 1664 663 quoque

971 672 1106 712 passive
1119 672 1338 712 magiS‚quam
1351 671 1462 701 active
1473 676 1667 710 usurpatur,

971 721 1048 751 ideo
1085 721 1239 761 suspicor
1271 720 1443 760 scripsisse
1481 721 1665 751 Nostrum:

970 770 1188 810 confestimque
1213 770 1351 800 exercitu
1375 770 1482 800 insula>
1504 770 1667 808 applicato,

971 830 990 851 a
1000 830 1060 851 non
1074 821 1174 850 minus
1187 819 1330 850 animosis
1345 819 1450 859 Tyriis
1465 818 1596 859 fiducia,
1610 821 1663 858 ‹ij-c.

972 871 1047 902 Nisi
1070 871 1165 901 malis
1181 870 1248 900 ista
1264 869 1379 908 verba,
1402 879 1462 900 non
1484 870 1583 900 minus
1598 870 1665 900 ani-

970 921 1076 959 mosis,
1088 922 1140 960 ξἐ.
1162 925 1283 960 putare
1307 929 1455 950 seorsum
1473 919 1583 959 posita
1598 919 1664 959 sig-

970 971 1109 1002 nificare
1140 980 1287 1008 causam,
1310 979 1412 1010 quare.
1442 969 1532 1000 bello
1562 968 1668 999 fucrit

971 1026 1147 1062 exceptus.
1192 1021 1273 1052 Cum
1287 1020 1476 1061 praesertim
1489 1019 1569 1050 alibi
1582 1029 1664 1060 quo-

971 1083 1034 1113 que
1055 1072 1137 1103 illud
1162 1071 1264 1111 excipi
1293 1071 1340 1101 sic
1367 1070 1518 1101 absolute
1547 1074 1662 1110 ponat.

969 1123 1018 1153 Ut
1031 1131 1071 1152 11.
1085 1125 1117 1152 5.
1130 1125 1159 1152 1.
1181 1121 1190 1137 ‘
1203 1121 1339 1161 Scythae
1350 1120 1462 1151 servili
1476 1120 1563 1150 bello
1575 1119 1663 1150 domi

970 1172 1187 1212 excipiuntur
1199 1169 1219 1209 ;’
1242 1180 1305 1201 non
1323 1170 1415 1208 dicit,
1439 1170 1447 1186 ⁸
1461 1179 1480 1199 a
1495 1169 1584 1210 quo‚’
1599 1169 1660 1200 sed

970 1222 1180 1261 simpliciter,
1205 1222 1214 1238 ‘
1229 1221 1445 1261 excipiuntur
1462 1219 1576 1250 bello!
1606 1220 1661 1251 Sic

970 1281 1072 1303 XL111.
1091 1275 1121 1303 1.
1138 1272 1179 1303 de
1199 1272 1321 1302 AEnea:
1344 1272 1353 1287 ‘
1367 1271 1555 1312 Statimque
1572 1269 1662 1301 bello

970 1325 1159 1362 exceptus.⁷
1181 1322 1287 1360 Schef.

1012 1374 1085 1413 §13
1121 1373 1295 1412 Ducentes]
1324 1370 1435 1402 Scrib.
1463 1369 1664 1406 ducentibus;

969 1427 1008 1453 ut
1031 1421 1200 1453 referatur
1225 1421 1267 1452 ad
1295 1421 1493 1461 praecedens
1515 1419 1665 1460 ‘Tyriis‚'

968 1482 1034 1503 non
1050 1472 1092 1516 ad
1113 1472 1122 1488 ‘
1135 1470 1283 1502 animos!
1310 1472 1407 1501 Gron.

1012 1524 1029 1563 ξ
1047 1525 1085 1553 14
1110 1523 1181 1552 Non
1195 1521 1320 1561 magno]
1344 1522 1417 1552 Imo
1432 1521 1511 1551 satis
1527 1530 1663 1560 magnO,

969 1572 997 1602 si
1015 1576 1149 1602 aetateiu
1163 1571 1348 1602 Alexandri
1365 1576 1511 1611 spectes,
1522 1575 1557 1601 et
1572 1575 1663 1600 cete-

970 1631 1024 1652 ras
1040 1631 1092 1652 res
1109 1621 1152 1652 ab
1169 1631 1208 1652 eo
1225 1626 1334 1660 gestas
1349 1632 1356 1651 :
1381 1626 1511 1661 septem
1534 1620 1661 1661 qnippe

969 1681 1099 1702 menses
1128 1672 1160 1702 in
1188 1672 1250 1702 hac
1281 1670 1455 1702 obsidione
1483 1670 1661 1700 consumti.

971 1722 1063 1753 Plut.
1079 1721 1110 1751 in
1127 1720 1226 1752 Alex.
1238 1723 1290 1753 41.
1307 1721 1399 1752 Curt.
1416 1729 1465 1750 lv.
1478 1723 1509 1751 4.
1527 1722 1576 1750 30.
1600 1719 1660 1750 Fr.

1013 1772 1079 1802 Per
1103 1770 1308 1810 proditionem
1336 1768 1515 1809 capiuntur]
1550 1768 1660 1799 Nemo

970 1819 1107 1860 dixerit,
1122 1830 1184 1861 per
1200 1819 1423 1860 proditionem
1439 1829 1511 1850 esse
1527 1823 1661 1858 captam

969 1871 1111 1910 Tyrum.
1140 1871 1226 1901 Voss.
1270 1870 1329 1900 Bis
1346 1875 1469 1910 peccat
1484 1869 1661 1908 Justinus;

967 1930 1044 1951 nam
1073 1924 1109 1951 et
1141 1925 1274 1960 tempus
1309 1919 1488 1950 obsidionis
1523 1920 1661 1959 longum

968 1969 1055 2008 fuit;
1079 1974 1115 2000 et
1142 1979 1204 2009 per
1230 1969 1456 2009 proditionem
1478 1969 1570 2009 capti
1593 1978 1659 1999 non

968 2018 1105 2050 fuerunt
1116 2019 1222 2059 Tyrii.
1239 2019 1347 2050 Faber.
1394 2019 1533 2059 Septem
1549 2023 1662 2050 tamen

967 2079 1099 2100 menses
1116 2069 1150 2099 in
1175 2069 1350 2100 obsidione
1376 2069 1458 2110 Tyri
1483 2069 1662 2108 consumti,

968 2124 1006 2150 ut
1018 2129 1058 2150 ex
1070 2119 1187 2150 Curtio
1200 2123 1326 2149 notum.
1351 2118 1407 2149 De
1422 2118 1431 2134 ‘
1443 2117 1661 2159 proditione,'

969 2180 1034 2211 qua
1049 2175 1149 2210 capta
1164 2169 1207 2199 sit
1232 2168 1355 2209 TyruS,
1374 2169 1454 2199 nihil
1479 2169 1661 2209 prodidere

966 2220 1036 2251 alii.
1080 2220 1159 2260 Ipse
1180 2218 1310 2250 Noster
1335 2227 1448 2249 xvrn.
1472 2221 1503 2249 3.
1529 2218 1662 2257 scribit,

966 2271 976 2287 ‘
991 2273 1184 2310 expugnata
1196 2267 1299 2300 urbe?
1325 2269 1427 2299 Vorst.

1010 2320 1096 2351 CAP.
1114 2327 1166 2349 xr.
1190 2320 1240 2359 §l
1264 2319 1343 2348 Inde
1368 2317 1525 2357 Rhodum]
1558 2317 1660 2348 Oros.

966 2380 1022 2402 111.
1049 2374 1100 2401 16.
1129 2373 1164 2400 et
1194 2372 1247 2400 17.
1275 2369 1361 2399 hanc
1390 2369 1471 2400 lect.
1497 2369 1660 2410 sequitur,

968 2430 1043 2462 quae
1070 2419 1149 2450 mihi
1173 2424 1314 2460 propter
1342 2419 1427 2449 Mss.
1457 2418 1658 2448 varietatem

967 2474 1123 2510 suspecta
1136 2475 1209 2500 est:
1233 2477 1345 2499 eorum
1367 2468 1519 2508 plerique
1534 2467 1660 2498 habent

966 2521 1056 2551 Inter
1077 2520 1141 2550 hoec
1165 2519 1236 2549 dum
1260 2517 1530 2556 AlexanderAEg.
1557 2517 1617 2548 Cil.
1632 2527 1659 2547 s.

965 2581 1025 2602 cer.
1039 2569 1162 2610 recipit,
1185 2569 1225 2599 ad
1245 2569 1354 2599 «Iovem
1376 2567 1591 2607 Hammonem,
1605 2569 1658 2606 ᾅτ.

965 2622 1075 2660 Bong.

1012 2668 1226 2709 Ciliciamque]
1251 2666 1429 2699 Ciliciam?
1451 2675 1517 2697 non
1529 2665 1658 2706 opinor.

965 2721 1052 2751 hanc
1078 2719 1166 2750 enim
1192 2719 1281 2749 inter
1310 2716 1434 2757 primas
1456 2715 1584 2746 habuit.
1616 2715 1656 2746 F.

969 2772 1119 2813 Cyrenen.
1142 2770 1199 2800 Fr.

1011 2817 1224 2859 Ciliciamque]
1248 2816 1353 2858 Atqui
1369 2815 1487 2848 Cilicia
1502 2816 1574 2856 jam
1597 2815 1655 2846 diu

965 2875 1040 2902 erat
1056 2873 1170 2910 capta.
1215 2866 1323 2899 Scrib.
1335 2866 1448 2908 itaque
1461 2865 1656 2906 Syriamque.
