2174 3424
645 314 840 346 Jus'riNi
877 315 969 345 Lm.
1000 315 1093 346 xii.
1127 317 1232 346 CAP.
1263 307 1302 347 1.

280 411 375 441 Curt.
398 418 463 441 non
487 409 535 440 ita
556 409 657 450 longe
678 409 720 440 ab
742 409 816 441 init.
833 409 888 441 lib.
908 418 972 441 vu.

280 459 322 491 de
339 461 400 491 hac
413 469 447 490 re
460 460 610 500 loquens,
622 459 670 490 ita
683 459 821 490 scribit:
847 461 855 477 ‘
872 468 973 492 xxvr.

279 512 382 542 millia
409 511 572 542 talentum
602 510 753 550 proxima
780 510 897 550 praeda
923 520 973 542 re·

280 561 380 592 dacta
407 565 517 599 erant,
544 570 562 591 e
588 561 681 600 queis
709 569 774 591 xn.
810 561 912 591 millia
938 560 970 591 in

278 612 484 652 congiarium
520 611 662 642 militum
695 611 852 642 absumta
884 615 972 642 sunt.

277 661 347 692 Par
371 661 449 692 huic
476 661 629 701 pecuniae
647 671 774 692 summa
795 660 970 692 custodum

275 709 397 742 fraude
413 711 583 742 subtracta
596 711 670 742 est.'
702 712 742 742 In
754 711 855 743 Diod.
869 712 971 752 triplo

276 761 384 792 minor
400 772 538 793 summa.
583 761 670 792 Haec
686 761 762 792 ideo
778 761 921 799 adduco,
935 765 972 792 ut

276 811 448 842 videamus
462 822 560 852 quam
584 812 664 842 nihil
681 812 777 852 pensi
793 811 972 842 habuerint

276 860 422 892 Romani
458 862 641 901 scriptores
669 861 748 902 quid
782 866 972 893 narrarent.

278 911 366 942 Nam
390 911 462 942 init.
477 911 547 952 huj.
564 911 622 942 lib.
639 921 702 942 nec
726 911 792 942 loci
809 911 972 949 meminit,

277 961 334 993 nbi
349 962 420 993 haec
437 967 525 1001 acta,
541 971 603 992 nec
617 961 674 992 ubi
699 971 738 992 ea
757 961 900 1001 pecunia
923 961 972 991 in-

276 1017 389 1052 venta,
403 1012 462 1043 ubi
481 1012 600 1051 divisa,
619 1021 683 1052 quo
700 1010 859 1051 seposita.
898 1012 972 1051 Ego

276 1061 312 1093 in
327 1062 460 1093 Parthis
475 1062 547 1093 haec
563 1066 639 1092 acta
654 1065 748 1101 puto.
777 1061 923 1091 Glarean.

320 1111 497 1152 Ecbatana]
542 1113 594 1142 Ex
619 1111 768 1151 vestigiis
793 1111 972 1150 scripturae

278 1162 402 1192 veteris
431 1162 592 1193 odoratus
625 1171 698 1192 sum
723 1161 788 1200 leg.
814 1161 973 1192 Ecbatana

276 1216 431 1251 congesta.
461 1213 558 1243 Vett.
573 1211 662 1242 enim
674 1210 802 1241 habent
814 1214 843 1241 et
861 1211 972 1241 batanu

277 1266 439 1302 congesta:
476 1262 611 1303 quidam
646 1271 686 1292 ex
728 1261 880 1291 ebatanu:
917 1261 972 1291 alii

278 1313 389 1343 aliter.
432 1312 536 1343 Diod.
558 1321 647 1342 xvu.
668 1314 720 1341 10.
755 1311 972 1342 Parmenioni

279 1362 473 1392 commissos
490 1362 596 1392 refert
611 1359 683 1392 τοὺς
693 1359 845 1396 βασιλέως
861 1360 971 1397 θησαύ-

278 1423 348 1451 ρους
372 1412 403 1442 ἐν
425 1410 636 1451 Ἐκβατάνοις,
659 1410 789 1450 ἔχοντας
811 1409 972 1441 ταλάντων

278 1461 484 1492 ὀκτωκαίδεκα
504 1460 652 1502 μυριάδας.
696 1461 775 1492 Vid.
802 1466 838 1492 et
857 1462 972 1493 Strab.

280 1520 342 1543 xv.
361 1513 514 1551 Bongars.

324 1562 484 1592 Ecbatana
498 1571 594 1602 nuper
602 1560 758 1601 congesta]
781 1561 790 1578 ‘
805 1562 856 1591 Ex
872 1561 974 1591 vesti—

280 1611 342 1651 giis
358 1613 535 1651 scripturae
553 1611 679 1642 veteris
703 1612 860 1642 odoratus
878 1610 973 1650 sum,’

280 1661 391 1702 inquit
403 1661 510 1701 Bong.
529 1663 537 1677 ⁴
548 1662 613 1700 leg.
649 1661 808 1692 Ecbatana
820 1665 973 1700 congesta.

281 1712 376 1742 Vett.
408 1711 495 1742 enim
537 1711 662 1742 habent
698 1715 728 1742 et
759 1711 870 1742 butanu
904 1721 973 1742 con-

277 1766 389 1802 gesta:
411 1762 546 1803 quidam
561 1772 600 1793 ea:
615 1763 761 1793 ebatanu:
781 1763 836 1793 alii
850 1762 973 1794 aliter)

280 1813 349 1852 Ita,
367 1813 516 1853 inquam,
539 1812 582 1843 de
606 1813 640 1843 h.
657 1813 678 1843 l.
702 1814 809 1853 Bong.
828 1813 881 1843 cui
899 1822 974 1852 per-

280 1863 392 1903 sagaci
419 1863 472 1893 hic
494 1873 535 1892 ne
561 1863 633 1903 quis
657 1862 792 1893 dubitet
808 1862 972 1901 credere3

280 1914 591 1944 scirelicetnostras
602 1913 810 1944 membranas
822 1914 974 1944 diser-tim

279 1964 352 2004 ejus
369 1964 599 2004 conjecturam
623 1963 841 2001 confirmare3
865 1973 974 2004 neque

279 2014 314 2044 in
334 2014 396 2045 hoc
412 2019 555 2051 tantum,
569 2013 627 2044 sed
650 2013 683 2043 in
699 2014 756 2044 illo
771 2013 871 2043 etiam
885 2013 974 2054 quod

278 2063 316 2094 τὸ
327 2074 421 2104 nuper
437 2064 570 2095 delend.
586 2063 720 2094 omnino
737 2068 876 2093 censet:
899 2073 975 2094 nus-

279 2125 377 2156 quam
405 2115 493 2145 enim
519 2115 590 2154 ejus
615 2114 704 2144 vocis
734 2118 792 2144 aut
813 2113 891 2144 vola
916 2118 975 2145 aut

279 2165 459 2206 vestigium
483 2165 516 2195 in
542 2164 665 2195 nostris
689 2165 769 2194 Mss.
786 2171 974 2204 comparet.

280 2215 368 2246 Mod.
421 2215 647 2254 Persagacem
681 2214 860 2253 Bongarsii
897 2224 975 2245 con-

277 2266 447 2306 jecturam
468 2265 575 2296 Modii
599 2265 801 2296 membranae
823 2264 974 2295 disertim

279 2316 490 2348 confirmant.
534 2316 614 2347 Vid.
646 2320 681 2346 et
707 2316 803 2346 Curt.
826 2325 857 2346 v.
883 2319 914 2347 8.
945 2319 974 2348 1.

281 2367 434 2398 Freinsh.
460 2366 612 2397 ostendit
641 2366 719 2396 mihi
746 2366 855 2396 locum
883 2366 974 2397 Plin.

279 2425 329 2447 Vl.
346 2419 397 2447 14.
431 2417 439 2433 ‘
465 2416 641 2447 Ecbatana
670 2425 689 2445 a
719 2415 860 2446 Seleuco
894 2425 975 2455 rege

280 2467 416 2498 condita
427 2466 446 2504 ;’
471 2466 527 2507 qui
551 2466 654 2506 gestis
670 2465 762 2495 hisce
779 2465 885 2495 multo
903 2474 975 2504 pos-

281 2516 386 2546 terior
411 2515 486 2547 fuit.
532 2515 746 2546 Alterutrum
775 2515 878 2554 igitur
900 2524 975 2545 esse

281 2565 398 2597 falsum
411 2570 570 2606 oportet:
588 2565 671 2595 nisi‘
685 2563 847 2595 condere’
863 2563 975 2595 Plinio

282 2615 370 2646 idem
385 2616 429 2647 sit
444 2616 756 2657 quod‚instaurare.
779 2615 833 2645 Sic
846 2614 977 2646 Auctor

282 2674 388 2697 xvnl.
401 2669 433 2696 4.
446 2669 475 2698 1.
489 2667 618 2697 Bernec.
646 2666 734 2696 Nam
748 2664 977 2705 θησαυροφυλοί-

282 2728 344 2746 κιον
361 2726 476 2756 regum
489 2717 614 2748 Mediae
631 2722 665 2747 et
676 2716 803 2746 Persiae
816 2716 862 2746 ait
875 2715 976 2747 fuisse

282 2768 421 2798 Batanis
431 2766 582 2798 Isidorus
595 2767 818 2797 Chatacenus.
840 2767 976 2798 Bataua

284 2821 396 2847 autem
423 2820 521 2847 vocat
545 2815 731 2855 Ecbatana,
756 2822 794 2846 ut
820 2821 856 2847 et
876 2817 974 2847 Curt.

285 2875 336 2898 lv.
369 2867 378 2884 ‘
393 2866 435 2897 Se
448 2875 591 2907 quoque,
601 2876 676 2898 cum
687 2866 861 2897 transisset
871 2875 975 2907 mare,

1635 310 1719 352 805

1024 419 1089 442 non
1121 412 1287 452 Ciliciam,
1318 416 1377 444 aut
1407 412 1548 454 Lydiam
1573 414 1719 456 (quippe

1024 461 1109 491 tanti
1127 461 1204 492 belli
1223 463 1377 501 exiguam
1395 463 1478 494 lianc
1495 473 1569 495 esse
1593 475 1719 497 merce-

1023 509 1127 549 dem),
1151 511 1208 541 sed
1239 512 1462 552 Persepolim,
1488 519 1592 554 caput
1622 515 1719 555 regni

1023 560 1108 600 ejus,
1124 561 1263 600 Bactra,
1288 561 1410 592 deinde
1431 563 1574 602 Baiana,
1594 564 1720 595 ultimi-

1021 620 1085 651 que
1103 610 1256 641 Orientis
1277 621 1381 651 oram,
1403 612 1543 651 imperio
1567 622 1624 643 suo
1647 613 1721 644 des·

1023 659 1171 690 tinasse.’
1218 660 1275 690 Sic
1305 660 1369 700 leg.
1414 661 1502 691 Nam
1531 662 1596 692 Ms.
1619 662 1721 693 liabe-

1020 709 1080 740 bat
1096 710 1232 740 Batava.
1278 711 1324 740 Et
1342 710 1389 740 sic
1406 709 1429 741 f.
1444 715 1478 740 et
1491 710 1569 741 alibi
1583 711 1720 751 scripsit

1023 759 1120 791 Curt.
1165 761 1250 791 Sane
1274 760 1650 792 Pseudo-Callisthenes
1675 763 1719 794 de

1022 809 1136 840 Rebus
1154 810 1256 849 gestis
1275 809 1464 841 Alexandri
1489 810 1606 852 (quem
1622 816 1720 842 uten-

1021 859 1099 890 dum
1136 859 1243 890 habeo
1271 869 1313 890 ex
1350 859 1563 890 Bibliotheca
1594 860 1720 901 Lugd.)

1021 909 1143 941 Βάτανα
1166 920 1301 951 semper
1318 914 1426 941 vocat.
1473 910 1541 941 Sed
1559 910 1600 941 de
1619 921 1658 942 eo
1675 912 1719 943 ad

1022 960 1257 991 Ptolemaeum.
1287 961 1371 992 Voss.
1411 961 1569 992 Ecbatana
1585 962 1719 1001 legend.

1022 1009 1182 1040 odoratus
1199 1014 1250 1040 est
1273 1010 1414 1050 Bong.e
1439 1010 1591 1050 vestigiis
1616 1012 1720 1051 scrip·

1022 1063 1107 1090 turae
1124 1059 1262 1098 veteris,
1275 1069 1350 1090 cum
1367 1064 1446 1090 ante
1463 1060 1586 1091 lectum
1601 1070 1660 1100 pro
1677 1071 1719 1092 eo

1022 1117 1111 1144 esset
1132 1123 1171 1143 ex
1195 1112 1325 1143 victoria
1346 1121 1453 1152 nuper.
1497 1112 1580 1142 Post
1603 1117 1718 1143 autem

1022 1163 1159 1194 Modius
1172 1164 1205 1194 in
1219 1163 1284 1193 suis
1294 1162 1494 1193 membranis
1506 1161 1542 1192 τὸ
1558 1162 1720 1193 Ecbatana

1022 1213 1200 1245 manifeste
1213 1213 1379 1253 scriptum
1393 1212 1532 1252 reperit.
1561 1212 1651 1244 Plin.
1666 1222 1718 1244 vr.

1021 1267 1074 1295 24.
1120 1265 1129 1282 ‘
1146 1262 1342 1295 Ecbatana’
1371 1273 1389 1293 a
1413 1263 1555 1293 Seleuco
1583 1263 1719 1294 demum

1022 1314 1158 1345 condita
1173 1314 1302 1345 scribit.
1345 1313 1471 1343 Verum
1492 1313 1719 1353 antiquiorem

1023 1364 1141 1395 urbem
1166 1374 1238 1394 eam
1267 1373 1339 1394 esse
1365 1363 1420 1393 vel
1443 1372 1485 1393 ex
1511 1363 1596 1395 Tob.
1616 1372 1670 1394 111.
1685 1366 1717 1395 7.

1022 1415 1136 1455 colligi
1155 1424 1254 1454 posse
1270 1414 1417 1445 videtur.
1445 1414 1547 1445 Vorst.

1067 1467 1234 1506 Congesta]
1259 1465 1435 1495 Hactenus
1448 1464 1530 1494 editi
1546 1474 1641 1504 nuper
1649 1475 1719 1496 con-

1020 1519 1119 1554 gesta.
1163 1516 1228 1546 Sed
1246 1514 1378 1545 deleud.
1392 1524 1487 1553 nuper
1502 1519 1538 1544 et
1560 1515 1669 1554 Bong.
1684 1515 1719 1545 in

1024 1565 1230 1596 variantibus
1256 1564 1400 1602 censuit,
1429 1568 1465 1594 et
1488 1564 1625 1595 Modius
1655 1575 1720 1596 nec

1023 1615 1203 1655 vestigium
1216 1615 1289 1655 ejus
1304 1615 1337 1644 in
1347 1614 1413 1645 suis
1427 1614 1509 1645 Mss.
1521 1623 1719 1654 comparere

1024 1665 1119 1696 dicit.
1143 1667 1274 1696 Bernec.

1067 1717 1082 1756 ξ
1107 1719 1126 1747 4
1148 1716 1273 1746 Bellum
1289 1714 1469 1755 Sopyrionis
1487 1714 1630 1754 proefecti
1644 1714 1721 1753 ejus,

1022 1765 1055 1796 in
1072 1764 1216 1805 Scythia]
1260 1765 1356 1796 Junt.
1373 1764 1557 1804 Zopyrionis
1576 1764 1720 1803 proefecti.

1022 1816 1085 1854 ejus
1131 1816 1165 1846 in
1202 1815 1331 1855 Scythia
1371 1824 1453 1845 mors
1497 1815 1720 1847 continebatur.

1024 1866 1152 1897 Graecis
1188 1866 1344 1906 Ζωπυρίων
1375 1866 1578 1906 appellatur.
1612 1867 1720 1898 (ἲν-αὐ.

1023 1916 1062 1946 F.
1087 1916 1215 1956 Scythia
1236 1927 1272 1946 ac
1300 1925 1390 1946 mors.
1434 1915 1719 1955 Conjunctionem

1023 1966 1162 1997 abstulit
1177 1965 1362 1996 similitudo
1377 1966 1577 1996 litterarum.
1601 1966 1706 2004 Schef.

1066 2018 1114 2056 §5
1142 2017 1308 2047 Exercitus
1324 2016 1470 2056 suscepit]
1499 2016 1642 2047 Quidam
1664 2026 1720 2047 co-

1024 2066 1134 2098 dicum
1160 2067 1242 2097 Mss.
1260 2076 1323 2107 pro
1345 2066 1476 2106 suscepit
1494 2065 1597 2097 habet
1619 2067 1722 2106 cepit;

1025 2116 1112 2158 quod
1142 2121 1223 2156 puto
1255 2116 1434 2147 revocaud.
1495 2116 1584 2146 Nam
1613 2126 1720 2156 capere

1023 2167 1167 2204 dolorem,
1191 2166 1346 2204 loetitiam,
1369 2169 1543 2206 receptum
1569 2175 1629 2196 usu
1655 2173 1720 2198 est.

1026 2217 1152 2247 Noster
1174 2216 1246 2256 ipse
1271 2216 1437 2246 simillima
1465 2216 1595 2246 ratione
1620 2225 1671 2247 Vl.
1688 2220 1720 2248 5.

1024 2266 1033 2283 ‘
1051 2267 1131 2296 Plus
1149 2270 1262 2296 tamen
1280 2265 1425 2296 tristiti‘ae
1439 2265 1509 2305 ipse
1526 2274 1567 2295 ex
1583 2265 1721 2295 incensa

1026 2321 1061 2347 et
1098 2316 1211 2347 diruta
1243 2327 1262 2347 a
1299 2315 1561 2346 Lacedaemoniis
1596 2316 1721 2355 patria,

1026 2376 1125 2407 quam
1140 2366 1268 2396 laetitiae
1281 2375 1323 2395 ex
1339 2370 1540 2405 recuperata
1555 2370 1631 2404 post
1649 2369 1720 2395 tan-

1025 2420 1096 2446 tum
1112 2416 1271 2455 temporis
1286 2414 1399 2455 cepit.'
1438 2414 1485 2444 At
1499 2414 1650 2454 suscipere
1669 2416 1722 2445 do-

1026 2467 1134 2504 lorem,
1156 2465 1270 2496 nescio
1301 2474 1342 2495 an
1374 2465 1508 2504 legatur
1535 2464 1624 2494 alibi.
1674 2465 1721 2495 Et

1026 2516 1160 2546 videtur
1178 2516 1277 2555 plane
1300 2514 1382 2544 illud
1400 2523 1450 2544 sus
1472 2513 1649 2543 adhaesisse
1666 2523 1722 2544 vo-

1026 2566 1159 2605 cabulo,
1175 2566 1269 2605 cepit,
1285 2575 1326 2595 ex
1349 2563 1466 2594 ultima
1489 2566 1538 2593 tus
1553 2563 1720 2603 vocabuli,

1025 2617 1113 2658 quod
1131 2617 1283 2657 proxime
1298 2614 1472 2656 praecedit.
1495 2613 1599 2651 Schef.

1069 2667 1122 2707 §6
1145 2666 1285 2706 Graecia]
1313 2663 1413 2696 Diod.
1430 2672 1523 2695 xvu.
1543 2666 1596 2694 62.
1621 2664 1718 2696 Curt-

1025 2726 1072 2748 VI.
1087 2719 1115 2747 l.
1145 2717 1301 2754 Bongars.

1069 2764 1312 2806 Recuperandoe]
1348 2764 1430 2795 Mss.
1463 2762 1556 2803 φθεὶρ.
1582 2763 1624 2794 de
1654 2773 1720 2804 qua

1023 2826 1108 2847 voce
1138 2825 1213 2846 cum
1237 2814 1393 2854 dixerim,
1417 2823 1553 2854 parcam
1576 2813 1719 2844 ulterius

1024 2867 1216 2898 admonere.
1241 2865 1327 2895 Mod.
