2101 3419
505 348 590 389 974

505 452 547 482 ad
572 451 797 493 Syracusanos
823 451 858 483 in
886 451 1039 492 Thucyd.
1070 460 1117 482 vr.
1146 453 1198 482 34.

504 501 568 533 ‘ld
599 502 778 543 unicuique
814 501 917 533 fixum
941 507 1138 542 certumque
1165 501 1200 531 in

505 552 615 583 animo
638 557 726 591 esto,
751 552 840 593 quod
866 556 1099 593 contemptum
1125 551 1200 582 hos·

506 601 590 632 tium
606 601 686 641 ipsis
702 600 801 633 factis
817 606 853 632 et
867 601 993 632 viribus
1015 601 1200 640 declarare,

504 650 538 680 in
555 659 592 681 re
610 660 687 681 vero
704 651 864 691 praesenti
887 660 963 682 cum
983 655 1077 682 metu
1099 660 1200 691 appa-

505 704 614 731 ratum
629 700 865 739 firmissimum,
882 706 1042 742 tanquam
1062 702 1096 732 in
1111 700 1200 731 haud

506 751 610 783 dubio
627 752 790 792 periculo,
811 762 1021 793 comparare,
1043 752 1142 792 longe
1156 751 1201 783 sit

505 802 743 835 utilissiinum.’
788 803 891 842 Nam,
906 808 943 833 ut
964 802 1072 843 inquit
1083 801 1201 833 Archi-

506 855 624 885 damus
638 863 692 894 ap.
712 853 813 884 eund.
830 862 870 884 11.
886 855 916 884 3.
931 855 962 883 6.
984 853 993 869 ‘
1007 851 1107 883 Haud
1125 861 1200 882 raro

506 913 612 944 parva
628 913 744 934 manus
768 912 922 943 magnam
947 901 1199 933 multitudinem

505 954 663 993 hostium,
679 953 734 993 qui
752 952 975 992 contemptim
992 956 1028 983 et
1044 950 1201 991 imparati

505 1007 676 1034 certarnen
693 1003 849 1039 inierant,
866 1000 1081 1042 profligavit.’
1106 1002 1201 1032 Curt.

506 1063 555 1084 vr.
575 1056 605 1085 3.
624 1056 676 1084 11.
699 1054 708 1070 ‘
723 1053 817 1084 Nihil
835 1056 908 1083 tuto
924 1052 958 1082 in
973 1052 1069 1082 hoste
1090 1051 1200 1090 despi-

503 1102 617 1140 citur;
648 1111 746 1143 quem
773 1102 950 1141 spreveris,
979 1099 1200 1131 valentiorem

503 1152 714 1193 negligentia
729 1150 859 1182 facies?
883 1149 1059 1183 Quomodo
1071 1149 1105 1179 in
1122 1149 1198 1179 Flo-

505 1212 542 1233 ro
558 1211 597 1232 11.
616 1205 666 1233 14.
687 1202 696 1218 ‘
713 1200 871 1239 Macedo,
897 1200 1068 1240 aliquanto
1098 1207 1198 1238 quam

505 1258 583 1283 ante
594 1252 741 1292 gravior,
752 1251 831 1282 dum
842 1248 1091 1281 contemnitur.'
1100 1249 1198 1279 Bern.

546 1303 562 1342 ξ
586 1305 606 1333 6
633 1301 674 1332 Ut
700 1302 755 1332 hoc
784 1299 935 1340 exemplo]
972 1299 1056 1330 Mss.
1086 1299 1196 1339 Bong.

501 1357 536 1384 ut
548 1363 588 1384 ex
602 1353 632 1385 h.
647 1363 674 1383 e.
691 1351 780 1393 quod
795 1360 861 1382 non
878 1350 997 1381 debuit
1013 1349 1197 1381 contemni.

503 1404 612 1435 Plena
641 1403 728 1434 enim
755 1406 807 1433 est
836 1401 976 1440 locutio,
1000 1409 1074 1442 quae
1100 1400 1199 1440 vulgo

502 1463 564 1495 per
592 1451 841 1494 praepositionis
879 1451 1016 1491 ellipsin
1047 1448 1198 1481 effertur.

502 1506 589 1535 Sane
606 1503 654 1534 sic
678 1501 812 1543 legend.
835 1501 938 1532 etiam
954 1500 1031 1530 hinc
1048 1500 1200 1540 colligas,

501 1555 590 1597 quod
608 1555 642 1585 in
658 1553 813 1595 quibusd.
830 1552 1000 1593 reperitur
1016 1554 1094 1582 utet
1117 1551 1146 1582 h.
1173 1560 1198 1581 e.

500 1605 587 1648 quod
619 1605 690 1636 sine
724 1603 825 1635 dubio
862 1612 904 1633 ex
934 1602 1055 1640 altero,
1083 1609 1198 1632 errore

500 1655 632 1694 scribae,
647 1655 694 1685 sic
711 1653 892 1684 formatum
912 1657 976 1683 est.
1019 1651 1147 1682 Similia
1163 1655 1198 1682 et

501 1707 581 1737 alibi
600 1705 787 1736 notavimus
803 1714 857 1744 ap.
872 1704 993 1735 Nostr.
1017 1702 1120 1740 Schef.

545 1757 562 1796 ξ
585 1758 604 1787 7
628 1755 700 1786 Rex
718 1755 820 1795 Syrioe
832 1754 1002 1785 Antiochus
1014 1752 1197 1792 Ptolemaeo]

501 1808 586 1838 Cum
603 1811 654 1837 tot
670 1807 736 1837 sint
756 1804 915 1836 Antiochi
932 1814 986 1845 ap.
1002 1804 1200 1843 scriptores,

501 1866 567 1886 non
596 1855 754 1896 dignatur
774 1854 929 1887 ,lustinus
946 1854 998 1884 vel
1014 1862 1080 1883 uno
1098 1853 1200 1883 verbo

500 1906 652 1944 innuere,
676 1904 718 1935 de
740 1913 882 1945 quonam
900 1903 1068 1934 Antiocho
1082 1902 1136 1933 hic
1152 1902 1199 1933 lo-

501 1961 636 1996 quatur,
659 1954 702 1985 de
719 1955 907 1985 Ptolemaeo
923 1953 964 1984 ad
985 1953 1083 1984 idem.
1128 1953 1200 1992 Ego

502 2005 637 2046 quidem
655 2011 738 2045 puto
765 2014 840 2035 eum
859 2004 951 2045 loqui
968 2003 1009 2034 de
1027 2003 1199 2034 Antiocho

502 2057 689 2098 Epiphane,
720 2056 851 2087 Seleuci
883 2064 950 2086 vu.
977 2054 1066 2094 regis
1093 2054 1199 2094 Syriae

500 2106 616 2138 fratre.
659 2105 738 2136 Vid.
756 2106 845 2136 Flor.
871 2114 942 2135 xm.
965 2104 998 2135 in
1015 2104 1101 2134 Livii
1119 2103 1200 2143 Epi-

501 2161 602 2188 tome.
648 2156 737 2187 Item
761 2155 804 2186 de
826 2155 1014 2186 Ptolemaeo
1030 2154 1199 2184 Philoma-

501 2212 553 2238 tre
570 2211 667 2237 sexto
683 2210 759 2246 post
777 2205 1018 2242 Alexandrum,
1035 2204 1199 2239 hactenus

502 2261 668 2297 perpetuo
687 2266 705 2287 a
723 2260 817 2296 patre
840 2255 1044 2295 suscipiente
1068 2254 1201 2294 imperi-

502 2315 570 2345 nm,
586 2310 622 2337 ut
640 2306 745 2346 inquit
760 2305 871 2335 Strah.
889 2304 945 2334 lib.
961 2304 1022 2334 ult.
1049 2304 1198 2333 Glarean.

544 2355 730 2395 Antiochus]
756 2355 950 2395 Epiphanes
961 2354 1088 2391 dictus,
1104 2353 1200 2392 Mag-

501 2406 534 2436 ni
556 2405 663 2437 filius:
688 2406 759 2446 ejus
781 2405 904 2436 sororis
930 2405 1121 2444 Cleopatrae
1144 2403 1197 2434 hic

500 2455 706 2486 Ptolemaeus
719 2454 805 2485 filius
821 2459 905 2485 erat.
931 2454 1036 2493 Bong.

545 2504 656 2534 Nimia
682 2503 807 2543 sagina]
844 2502 934 2534 Add.
965 2511 1041 2534 xxr.
1063 2505 1094 2533 2.
1114 2505 1143 2533 l.
1162 2506 1198 2533 et

502 2557 709 2584 xxxv11r.8.
729 2556 777 2584 14.
802 2554 898 2584 Rern.

545 2604 666 2643 Regiae,
694 2603 763 2643 Sym]
798 2603 888 2634 Saxo
912 2612 960 2634 vr.
986 2613 1017 2644 p.
1045 2605 1117 2634 106.
1142 2605 1197 2634 42.

498 2654 509 2671 ‘
522 2653 799 2695 Intermissisque
813 2653 914 2694 regiae
929 2653 1115 2694 majestatis
1126 2651 1196 2683 offi-

501 2703 586 2735 ciis:

544 2755 562 2794 ς
585 2756 604 2784 8
630 2753 781 2794 Particip.
797 2753 866 2794 ξω]
898 2752 1088 2794 Hegesipp.
1106 2756 1195 2785 1.40.

500 2805 511 2821 ‘
522 2805 622 2843 Nam,
638 2809 779 2844 accepto
791 2804 995 2844 diademate,
1009 2813 1114 2845 prope
1125 2804 1198 2835 uni-

502 2854 589 2884 versi
606 2855 700 2894 regni
724 2855 910 2894 potentiam
929 2864 1003 2886 cum
1016 2853 1121 2885 fratre
1137 2863 1198 2886 suo

503 2904 686 2944 [Pher-ora]
711 2904 868 2936 Herodes
902 2903 1198 2945 participaverat?

962 357 1101 388 NOTAE
1134 357 1396 387 VARIORUM
1431 357 1482 387 IN

1250 449 1308 481 ubi
1321 460 1360 480 ex
1377 450 1444 481 Ms.
1461 455 1496 481 et
1518 449 1670 490 Josepho
1687 457 1712 480 1.
1730 447 1772 479 de
1785 448 1826 480 B.
1840 448 1874 482 J.
1889 451 1942 481 24.

1248 500 1434 541 reponend.
1471 504 1607 540 excepto.
1655 499 1711 530 Ita
1736 499 1825 529 enim
1859 499 1917 529 ille
1933 508 1943 530 ε

1242 549 1301 582 *Os
1321 549 1423 587 πάσης
1448 549 1504 589 μὲν
1532 549 1677 581 ἐκοινώνει
1705 550 1761 586 τῆς
1781 547 1943 585 βασιλείας

1247 599 1331 637 πλὴν
1356 599 1546 639 διαδήματος.
1591 601 1680 631 Saxo
1710 609 1782 630 xxv.
1806 610 1840 640 p.
1867 602 1942 631 312.

1249 655 1300 684 43.
1322 653 1331 669 ‘
1346 653 1419 683 Rex
1436 653 1530 693 regui
1552 653 1766 693 majestatem
1782 662 1858 683 curn
1872 660 1947 683 san-

1250 705 1352 745 guine
1378 714 1438 735 suo
1466 704 1670 745 participare
1693 713 1759 735 non
1789 703 1946 734 damnum

1248 755 1394 793 honoris,
1420 754 1479 785 sed
1508 754 1671 786 claritatis
1701 753 1946 785 incrementum

1251 803 1408 845 putavit.'

1292 855 1379 886 CAP.
1404 864 1459 886 111.
1504 856 1520 896 ξ
1546 857 1561 885 1
1586 855 1724 894 Legatus
1741 854 1784 885 P.
1802 851 1946 893 Popilius

1249 906 1288 936 ad
1302 906 1504 946 Antiochum]
1546 905 1628 946 Huj.
1644 905 1750 944 legati
1766 908 1800 935 et
1817 912 1946 945 praeno-

1248 965 1325 986 men
1352 960 1387 986 et
1412 966 1533 987 nomeu
1554 956 1645 987 varie
1668 955 1806 995 legitur,
1830 958 1869 985 ut
1890 963 1946 994 ap.

1249 1006 1326 1036 Val.
1343 1006 1392 1037 M.
1409 1015 1457 1036 vr.
1473 1008 1505 1036 4.
1524 1011 1559 1036 et
1574 1016 1626 1046 ap.
1645 1005 1739 1036 alios.
1783 1004 1858 1045 Ego
1873 1012 1946 1034 cre-

1249 1055 1292 1086 do
1311 1055 1434 1095 Caium,
1449 1065 1515 1086 non
1534 1055 1693 1086 Publium:
1719 1054 1800 1085 item
1826 1052 1947 1094 Popili-

1250 1113 1301 1134 um
1323 1104 1447 1144 absque
1469 1115 1498 1135 m
1518 1105 1551 1134 in
1580 1104 1689 1144 prima
1710 1103 1852 1144 syllaba,
1877 1111 1945 1133 non

1250 1153 1436 1194 Pompilium
1451 1153 1669 1184 nominatum.
1705 1154 1806 1185 Certe
1822 1153 1893 1184 Liv.
1909 1161 1943 1182 v.

1251 1202 1326 1234 dec.
1353 1213 1386 1234 v.
1422 1203 1546 1244 ubique
1583 1207 1684 1235 vocat
1716 1204 1753 1234 C.
1785 1202 1946 1243 Popilium

1251 1252 1409 1284 Lenatem.
1434 1253 1528 1284 Glar.

1290 1302 1429 1342 Legatus
1444 1302 1610 1343 Popillius]
1645 1302 1701 1333 De
1726 1311 1767 1333 eo
1783 1301 1851 1333 vid.
1869 1301 1943 1333 Liv.

1250 1360 1328 1383 XLV.
1347 1355 1399 1382 12.
1434 1352 1527 1383 Plut.
1553 1352 1688 1393 Apoph.
1712 1354 1765 1384 32.
1800 1352 1876 1383 Val.
1892 1352 1944 1383 M.

1248 1411 1300 1433 vr.
1314 1404 1345 1433 4.
1361 1404 1391 1433 3.
1408 1411 1427 1433 a
1442 1401 1562 1443 quibus
1588 1403 1623 1434 C.
1641 1402 1794 1443 Popillius
1810 1401 1947 1434 dicitur.

1248 1451 1383 1483 Patere.
1399 1461 1424 1483 1.
1444 1455 1494 1483 10.
1513 1455 1543 1483 1.
1566 1457 1620 1484 est
1639 1452 1792 1492 Marcus,
1810 1457 1845 1483 et
1865 1452 1948 1483 Hie-

1248 1512 1387 1543 ronymo
1403 1503 1436 1533 in
1452 1512 1502 1534 xr.
1516 1504 1652 1534 Daniel.
1700 1503 1767 1534 Hic
1778 1503 1879 1544 vulgo
1895 1507 1948 1535 est

1249 1554 1288 1585 P.
1301 1554 1453 1594 Popilius.
1468 1555 1577 1593 Bong.
1604 1552 1695 1585 Add.
1713 1553 1801 1585 Plin.
1816 1561 1947 1585 xxxrv.

1247 1606 1281 1634 6.
1308 1603 1366 1634 ubi
1393 1609 1503 1634 tamen
1535 1612 1650 1634 errore
1676 1601 1854 1634 manifesto
1882 1603 1946 1634 Cn.

1248 1654 1414 1685 Octavius
1430 1665 1492 1695 pro
1507 1654 1640 1696 Popilio
1659 1654 1819 1695 ponitur:
1847 1654 1946 1685 item·

1248 1714 1313 1746 que
1344 1705 1417 1737 Cic.
1448 1705 1536 1737 Phil.
1563 1714 1644 1737 vm.
1672 1708 1704 1736 8.
1731 1709 1766 1736 et
1791 1703 1943 1746 Appian.

1247 1755 1376 1795 Syriae.
1393 1765 1425 1795 p.
1443 1758 1513 1786 131.
1531 1765 1572 1785 ιιι.
1596 1755 1696 1786 Ber-n.

1291 1806 1308 1845 ξ
1330 1807 1350 1835 2
1384 1805 1547 1836 Fal—essere
1571 1805 1724 1845 privatam
1758 1801 1947 1844 amicitiam]

1247 1855 1304 1887 Ita
1335 1855 1545 1894 Timotheus,
1583 1854 1745 1886 adversus
1773 1854 1948 1894 Jasonem,

1247 1907 1258 1924 ‘
1270 1906 1389 1946 patriae
1402 1905 1572 1937 sanctiora
1583 1906 1671 1946 jura,
1683 1914 1781 1946 quam
1796 1903 1948 1944 hospitii,

1249 1963 1324 1986 esse
1355 1955 1487 1986 duxitz'
1524 1955 1656 1986 Probus
1692 1953 1837 1985 Timoth.
1875 1957 1948 1985 ext.

1231 2005 1234 2008 '
1249 2004 1425 2036 Quomodo
1443 2005 1692 2035 Demosthenes
1703 2003 1802 2042 dixit,
1817 2004 1826 2020 ‘
1839 2011 1875 2034 se
1888 2012 1946 2033 an-

1251 2058 1416 2093 teponere
1459 2054 1562 2084 salem
1600 2053 1749 2084 civitatis
1786 2051 1947 2092 hospitali

1248 2102 1399 2143 mensae,'
1415 2103 1503 2143 quod
1517 2103 1549 2133 ei
1561 2108 1671 2134 tamen
1686 2101 1855 2133 maledicti
1873 2102 1946 2133 loco

1248 2153 1366 2193 objicit
1392 2153 1566 2184 AEschines
1590 2153 1624 2182 in
1653 2152 1753 2182 Orat.
1781 2151 1824 2182 de
1855 2151 1945 2182 Fals.

1249 2203 1367 2243 Legat.
1391 2203 1574 2234 Ber-neccer.
1619 2203 1711 2233 Saxo
1728 2210 1806 2233 xrv.
1824 2211 1856 2242 p.
1872 2203 1946 2232 335.

1249 2251 1272 2283 f.
1292 2255 1300 2269 ‘
1316 2253 1406 2284 Quin
1424 2253 1550 2292 potius,
1566 2251 1621 2282 ubi
1639 2251 1783 2292 publicae
1802 2251 1947 2282 necessi-

1250 2302 1312 2332 tati
1339 2303 1537 2338 consulitur,
1564 2303 1712 2342 privatas
1738 2302 1812 2332 lites
1838 2299 1946 2332 faces·

1251 2361 1324 2382 sere
1339 2351 1522 2392 oportere.’

1294 2402 1310 2441 ς
1334 2403 1352 2431 3
1380 2401 1423 2432 Ut
1453 2405 1482 2432 et
1506 2401 1620 2431 amicos
1645 2399 1782 2440 caperet]
1806 2400 1868 2430 Est
1888 2398 1947 2440 qui

1250 2453 1410 2492 languere
1428 2452 1499 2484 haec
1518 2453 1631 2492 verba,
1645 2457 1681 2483 et
1696 2453 1743 2483 ita
1759 2450 1947 2482 rescriben-

1251 2504 1295 2534 da
1320 2508 1450 2543 censet,
1473 2507 1506 2534 ut
1533 2507 1566 2534 ue
1589 2514 1618 2533 ιι.
1642 2514 1668 2534 c.
1696 2512 1770 2543 qum
1788 2501 1868 2543 quid
1883 2500 1946 2532 sibi

1250 2555 1334 2586 velit
1351 2555 1554 2593 emendatio,
1576 2563 1640 2584 non
1665 2553 1774 2584 video.
1817 2550 1946 2584 Justini

1249 2615 1365 2637 mens:
1392 2605 1474 2636 Eam
1499 2603 1601 2635 fuisse
1627 2603 1755 2635 circulo
1775 2602 1947 2643 capacita-

1251 2660 1331 2694 tem,
1345 2659 1383 2686 ut
1398 2655 1487 2686 iutra
1498 2663 1574 2686 eum
1584 2658 1674 2684 stare
1689 2656 1827 2693 possent
1842 2651 1946 2682 etiam

1250 2705 1349 2736 amici
1365 2704 1535 2736 Antiocho
1551 2703 1752 2742 advocandi,
1767 2706 1804 2734 et
1820 2702 1853 2733 in
1866 2709 1946 2733 con-

1251 2755 1360 2786 silium
1390 2753 1581 2785 adhibendi.
1624 2754 1702 2784 Vox
1729 2751 1867 2784 ‘amici’
1891 2760 1945 2782 su-

1250 2805 1354 2836 mitur
1369 2804 1422 2834 hic
1439 2813 1480 2835 eo
1496 2801 1697 2843 significatu,
1720 2806 1759 2834 ut
1777 2810 1828 2833 rx.
1846 2804 1877 2833 8.
1894 2803 1946 2832 16.

1251 2864 1319 2887 xn.
1336 2857 1386 2887 12.
1402 2857 1433 2885 8.
1466 2862 1574 2885 xxxi.
1591 2856 1622 2885 6.
1642 2856 1670 2884 l.
1697 2858 1733 2884 et
1749 2852 1871 2894 passim
1888 2860 1945 2892 ap.

1251 2909 1424 2938 auctores:
1450 2904 1634 2936 clarissime
1663 2912 1742 2935 vero
1771 2912 1825 2944 ap.
1853 2903 1945 2933 Suet.
