2101 3419
378 330 488 371 1000

375 436 518 465 leantur.
563 434 606 465 Et
624 434 776 467 existimo
793 435 833 468 ab
850 446 889 467 eo
908 446 994 475 esse,
1014 437 1070 477 qui

375 484 553 524 sequentia
572 485 754 525 explicare
784 486 928 518 volebat.
965 486 1070 525 Scltef.

374 533 489 565 Facile
505 533 618 565 videas
631 534 651 565 1.
668 534 756 566 hunc
770 535 891 567 vitiose
906 536 1068 577 scriptum

373 597 459 618 esse.
503 587 559 618 Sic
593 588 764 618 emendari
796 592 921 628 potest,
954 593 990 621 et
1027 599 1069 620 ex

373 642 487 669 mente
516 648 555 669 ac
590 639 679 678 stylo
708 638 857 671 Justini:
892 649 960 670 cum
987 640 1070 670 inter

372 689 449 719 hauc
471 689 552 719 decr.
582 688 821 720 amaritudinem
842 691 987 729 parendo,
1008 700 1069 720 uon

372 742 494 769 tantum
526 748 575 769 eos
610 749 670 769 non
700 739 886 780 mitigasset,
912 740 996 780 quin,
1032 749 1069 771 ne

371 788 512 820 acerbius
525 798 557 819 se
575 788 609 819 in
632 788 697 820 dies
717 793 842 829 gerant,
864 800 923 821 non
949 790 1067 821 obtinu-

371 840 456 870 isset.
501 838 612 870 Aliter
634 839 779 880 conjecit
801 840 927 871 amicus
942 844 1069 880 noster,

372 892 428 922 alii
452 891 551 922 aliter
572 891 766 931 conjicient,
787 892 880 932 queis
903 892 979 932 plus
995 892 1068 928 otii,

372 942 448 982 plus
472 941 609 981 ingenii,
637 943 711 982 plus
738 940 914 973 felicitatis
943 942 977 972 in
1004 943 1068 973 hoc

372 1001 497 1032 genere
511 990 626 1022 fuerit.
659 992 769 1023 Faber.
795 992 874 1023 Non
890 996 1068 1024 contemno

371 1044 459 1074 hanc
475 1041 759 1073 emendationem.
796 1042 941 1073 Videtur
955 1047 1068 1073 tamen

372 1093 508 1134 propius
530 1102 549 1123 a
570 1092 649 1123 lect.
674 1091 783 1122 veteri
809 1091 911 1131 abire,
929 1092 957 1123 si
982 1093 1069 1131 lega-

373 1154 458 1182 mus,
478 1153 537 1174 uon
562 1145 664 1173 tamen
692 1151 743 1172 eos
771 1142 938 1181 mitigarit.
985 1142 1069 1176 Quin

372 1193 508 1224 acerbius
521 1202 553 1222 se
569 1194 681 1230 gerant
696 1201 755 1221 non
772 1190 948 1222 obtinuisse.
994 1191 1069 1222 Nisi

372 1243 468 1274 malis
493 1242 589 1282 sequi
615 1241 703 1282 qnod
727 1242 760 1271 in
786 1241 874 1272 notis
893 1242 965 1281 jam
990 1245 1069 1272 ante

373 1292 497 1324 monui.
521 1291 626 1329 Schef.

418 1343 489 1373 Non
522 1341 700 1381 obtinuisse]
750 1341 836 1372 Haec
863 1341 885 1371 f.
924 1341 1070 1372 delenda

372 1398 464 1432 sunt,
481 1396 599 1433 utpote
616 1393 820 1433 transposita
836 1403 878 1424 ex
891 1402 983 1434 seqq.
1002 1393 1069 1433 §.Q

377 1444 475 1473 Grau.

414 1495 431 1533 ᾧ
448 1496 467 1524 7
494 1493 628 1532 Raptam
643 1496 743 1524 tamen
757 1492 817 1523 sibi
832 1502 894 1523 esse
909 1492 1070 1523 victoriam

372 1544 435 1582 ejas
450 1544 487 1574 ab
504 1543 579 1583 illis]
602 1543 697 1575 Junt.
715 1553 780 1573 non
796 1543 971 1573 invenuste
986 1543 1070 1581 Rap-

372 1598 439 1625 tum
453 1598 476 1626 t.
492 1605 517 1625 s.
533 1604 558 1625 e.
574 1595 713 1624 victoria>
726 1593 793 1632 jus.
817 1594 932 1625 Graev.
970 1593 1069 1626 Quod

372 1654 438 1675 non
475 1644 711 1675 contemnend.
771 1643 947 1674 Praecedit
982 1643 1070 1674 enim

372 1696 380 1711 ‘
400 1696 508 1727 Quam
527 1695 606 1734 jure
629 1694 780 1735 gentium
805 1694 912 1725 victor
927 1704 1070 1735 occupa-

374 1743 490 1775 verat!
520 1744 592 1775 Vor.

418 1796 557 1830 Quorum
571 1794 665 1834 nihil]
688 1793 818 1825 Similia
830 1794 938 1825 Minio
950 1794 1070 1835 legatis

375 1846 532 1877 Romanis
556 1845 675 1886 objicit
697 1855 751 1885 ap.
777 1845 852 1876 Liv.
881 1854 997 1876 xxxv.
1022 1847 1071 1876 16.

377 1897 475 1927 Rern.

417 1948 434 1986 ᾧ
459 1950 478 1976 8
502 1946 630 1984 Regem,
653 1945 720 1985 &cst
754 1945 914 1976 Memnon
931 1948 982 1976 32.
1014 1949 1072 1976 Μι-

374 1995 511 2036 θριδάτης
525 1995 579 2026 τὸν
593 1995 735 2036 Χρηστὸν
756 1994 957 2033 ἐπικληθέντα
982 2000 1071 2026 Νικο·

374 2045 471 2085 μήδην
486 2044 698 2082 ἀντεκαθίστη.

420 2098 437 2136 §
461 2099 481 2126 9
497 2096 616 2135 Populo
630 2096 846 2136 Cappadocum
857 2106 915 2136 pro
929 2095 1072 2127 libertate

375 2146 477 2177 oblata
495 2146 648 2176 Gordium
663 2155 768 2184 regem
790 2149 907 2185 orante,
928 2148 980 2186 &a
1004 2146 1072 2177 ideo

374 2206 434 2227 non
449 2195 630 2236 obtinuisse]
671 2196 747 2226 Non
768 2195 881 2226 ferunt
897 2206 994 2227 aures
1012 2197 1073 2226 La-

378 2247 456 2278 tinae
469 2247 578 2286 populo
589 2249 696 2276 orante
707 2256 766 2277 non
778 2245 952 2277 obtinuisse.
976 2247 997 2278 J
1003 2251 1071 2277 unt.

372 2297 515 2337 populos:
552 2296 608 2326 alii
639 2299 788 2326 orantem.
824 2296 906 2336 Leg.
947 2296 1073 2336 populos

378 2347 591 2386 Cappadocum
602 2356 658 2386 pro
673 2346 695 2376 l.
710 2357 738 2376 o.
758 2346 800 2377 G.
817 2356 845 2377 r.
868 2349 999 2385 orantes,
1019 2348 1071 2386 ⁸5⁶·

375 2407 435 2427 non
449 2397 634 2428 obtinuisse:
658 2406 733 2437 cap.
748 2399 778 2428 7.
801 2396 859 2428 iid.
875 2397 971 2428 Junt.
985 2398 994 2414 ‘
1005 2396 1072 2427 Seu

376 2447 510 2488 populis
540 2457 653 2478 eorum
684 2445 842 2478 conferat
871 2446 971 2477 suoS.'
1015 2446 1073 2477 Sic

373 2499 381 2514 ‘
397 2497 508 2528 Latini
525 2496 663 2537 populi,’
678 2497 686 2514 ‘
704 2496 803 2537 AEqui
819 2496 1002 2537 Volscique
1016 2505 1073 2536 po-

377 2548 469 2589 puli,'
494 2548 503 2565 ‘
521 2548 719 2580 Samnitium
748 2548 884 2588 populi'
913 2558 967 2589 ap.
998 2548 1074 2579 Liv.

377 2600 433 2629 De
450 2607 516 2639 quo
533 2598 602 2629 vid.
620 2598 727 2629 multa
743 2599 901 2638 exempla
917 2608 969 2639 ap.
989 2598 1074 2630 Gro-

377 2658 454 2679 nov.
486 2648 527 2679 ad
556 2649 630 2680 Liv.
659 2658 692 2680 ν.
723 2652 774 2680 34.
813 2650 919 2681 Groev.
967 2650 1075 2680 Recte

378 2700 491 2730 Graev.
513 2700 650 2740 populoS.
678 2699 798 2731 Faber.
833 2699 873 2730 In
898 2699 993 2731 Junt.
1024 2705 1076 2730 est

376 2750 510 2789 populos.
555 2747 638 2780 Ideo
663 2749 704 2780 cl.
729 2750 846 2780 Graev.
863 2759 939 2779 mox
957 2749 1076 2780 scribit

378 2803 510 2829 orantes.
556 2800 640 2839 Ego,
662 2799 819 2839 quoniam
842 2799 873 2830 in
892 2798 985 2829 libris
1001 2799 1074 2829 aliis

379 2853 431 2878 est
454 2852 601 2888 orantem,
629 2849 742 2879 malim
765 2850 908 2880 alterum
932 2853 1078 2888 mutare,

379 2907 417 2929 ac
440 2898 589 2930 scribere
614 2899 767 2939 populum.
813 2899 942 2931 Vitium
968 2910 1009 2931 cx
1037 2909 1075 2930 eo

829 342 968 373 NOTAE
1001 341 1262 373 VARIORUM

1296 342 1347 373 IN

1119 442 1248 477 natum,
1262 437 1417 479 quoniam
1438 436 1593 469 librarius
1611 436 1750 478 antiqua
1764 446 1814 468 ra-

1119 488 1210 518 tione
1223 489 1332 528 populo
1347 497 1421 519 cum
1433 488 1554 519 lineola
1568 497 1671 528 supra
1686 498 1702 518 o
1719 486 1813 518 finali

1118 538 1303 578 scripserat
1341 548 1403 578 pro
1439 540 1594 579 populum.
1639 538 1724 569 Inde
1757 537 1814 568 alii

1115 589 1226 628 populo
1256 589 1465 629 simpliciter,
1490 590 1649 629 neglecta
1677 588 1814 626 lineola,

1119 638 1176 668 alii
1187 639 1315 678 populos
1326 638 1452 679 fecere,
1467 643 1504 670 ut
1518 638 1619 670 facile
1633 638 1814 678 colligitur.

1119 688 1223 726 Sclzef.

1161 739 1178 778 ξ
1204 741 1243 769 10
1271 739 1379 770 Ultum
1397 739 1471 769 ierit
1493 737 1541 778 se]
1570 738 1626 770 Ita
1651 748 1694 769 ex
1719 739 1818 770 Vett.

1119 788 1318 820 emendavi:
1343 789 1510 830 quomodo
1530 793 1565 820 et
1589 799 1642 829 ap.
1664 789 1743 820 Tac.
1766 789 1814 819 le-

1115 838 1215 879 gend.
1229 839 1344 871 docuit
1355 849 1408 870 me
1426 841 1465 871 P.
1478 840 1640 878 Pithoeus,
1651 848 1702 870 vr.
1715 842 1767 870 36.
1783 841 1814 870 1.

1116 891 1125 907 ‘
1143 892 1226 921 Mox
1258 891 1449 922 Artabanus
1484 896 1556 922 tota
1592 891 1681 922 mole
1719 890 1815 931 regni

1118 941 1226 972 ultimi
1242 941 1276 972 id
1301 941 1424 981 peritia
1444 941 1616 973 locorum.'
1662 942 1740 981 Leg.
1768 942 1814 972 ul-

1119 994 1184 1022 tum
1198 991 1248 1031 iit,
1271 995 1308 1022 ut
1331 991 1545 1022 doctissimus
1561 996 1596 1023 et
1612 991 1814 1031 diligentiss.

1120 1040 1210 1080 Lips.
1234 1040 1420 1071 annotavit.
1444 1041 1599 1079 Bongars.
1646 1040 1747 1071 Amat
1766 1040 1815 1071 ita

1120 1090 1210 1130 ioqui
1226 1090 1365 1121 Tacitus
1381 1101 1388 1120 ε
1414 1095 1449 1121 ut
1466 1099 1550 1122 xm.
1564 1093 1618 1121 44.
1634 1093 1665 1122 7.
1696 1091 1705 1107 ‘
1722 1090 1815 1131 Inju-

1120 1140 1186 1170 rias
1209 1140 1315 1170 ultum
1337 1140 1424 1170 isse.’
1479 1141 1516 1171 F.
1532 1140 1720 1171 imitatione
1743 1140 1816 1171 Sal-

1119 1189 1209 1220 lustii
1225 1190 1282 1221 Ju.
1299 1192 1330 1221 6.
1345 1192 1377 1220 S.
1395 1192 1423 1220 l.
1452 1189 1461 1206 ‘
1479 1190 1595 1221 Ultum
1611 1190 1660 1221 ire
1676 1190 1816 1230 injurias

1118 1237 1280 1270 festinat.’
1324 1239 1379 1269 Ita
1402 1239 1496 1270 Curt.
1524 1248 1560 1269 x.
1585 1242 1616 1270 8.
1645 1239 1820 1270 ‘Temeri-

1120 1293 1226 1319 tatem
1253 1289 1352 1319 armis
1382 1289 1486 1320 ultum
1518 1289 1601 1321 ivit?
1632 1290 1816 1321 Berneccer.

1124 1340 1234 1370 Ultum
1258 1339 1331 1370 ierit
1354 1343 1448 1370 recte
1470 1340 1642 1380 rescripsit
1667 1341 1776 1381 Bong.
1797 1349 1816 1371 e

1120 1390 1204 1420 Mss.
1250 1390 1295 1420 Et
1307 1389 1488 1430 loquuntur
1503 1390 1553 1421 ita
1568 1394 1602 1421 et
1618 1390 1686 1422 alii.
1729 1390 1769 1420 In
1783 1399 1817 1420 eo

1121 1439 1162 1471 ab
1178 1440 1421 1480 antiquioribus
1438 1440 1525 1481 typis
1548 1450 1645 1481 expr.
1669 1444 1706 1472 et
1727 1440 1818 1471 inter

1119 1490 1178 1520 hos
1194 1490 1336 1522 Juntino
1353 1490 1471 1529 abest,
1493 1490 1734 1532 adjectumque
1749 1500 1818 1522 non

1122 1550 1218 1581 aeque
1235 1540 1322 1571 bene
1338 1544 1390 1571 est
1406 1550 1425 1571 a
1440 1541 1641 1581 Bongarsio.
1668 1541 1740 1573 Vor.

1170 1591 1299 1621 Ventum
1311 1591 1430 1622 obviam
1443 1591 1475 1622 in
1486 1601 1531 1631 eo,
1541 1594 1572 1622 et
1587 1591 1680 1631 nunc]
1700 1592 1816 1624 Juntae

1121 1650 1186 1671 non
1202 1645 1390 1681 agnoscunt
1404 1641 1436 1672 in
1450 1651 1502 1672 eo.-
1527 1642 1654 1673 rectius
1670 1642 1818 1674 abesset.

1125 1693 1231 1722 Groev.
1278 1692 1383 1722 Error
1399 1690 1618 1730 manifestus;
1643 1701 1703 1733 pro
1725 1692 1758 1723 in
1783 1701 1818 1722 eo

1121 1741 1255 1782 legend.
1285 1745 1370 1781 tunc,
1398 1752 1473 1773 cum
1504 1751 1582 1773 mox
1623 1742 1728 1774 addat
1752 1742 1762 1760 ‘
1782 1747 1819 1775 et

1120 1792 1232 1824 nunc.’
1260 1793 1370 1823 Faber.
1414 1793 1521 1824 Recte
1547 1798 1690 1824 censent
1719 1803 1819 1834 posse

1120 1842 1158 1873 τὸ
1175 1843 1206 1873 in
1220 1853 1253 1874 eo
1270 1842 1398 1874 abesse.
1422 1842 1521 1876 Quod
1535 1843 1562 1874 si
1579 1847 1692 1875 tamen
1705 1845 1818 1885 probis

1122 1895 1155 1925 in
1178 1893 1277 1925 codd.
1304 1894 1432 1934 reperit
1458 1894 1678 1934 Bongarsius,
1699 1900 1818 1935 putem

1121 1945 1210 1977 Just.
1236 1944 1284 1975 sie
1314 1944 1498 1984 scripsisse,
1522 1944 1561 1974 ab
1591 1944 1667 1983 ipsis
1695 1948 1819 1976 ventum

1119 1993 1249 2024 obviam.
1296 1993 1343 2023 Eo
1357 1997 1386 2024 et
1402 2003 1490 2032 nunc,
1506 1993 1637 2025 utillud
1649 2004 1683 2025 eo
1696 1994 1819 2025 refera-

1123 2048 1178 2074 tur
1195 2043 1237 2073 ad
1257 2043 1266 2059 ‘
1282 2042 1388 2083 quod’
1407 2042 1624 2083 subsequens,
1644 2048 1680 2075 et
1703 2048 1818 2084 potest

1121 2094 1154 2125 in
1178 2098 1258 2124 ante
1288 2102 1321 2124 eo
1346 2091 1473 2123 factum
1494 2102 1567 2123 esse
1595 2093 1636 2124 ab
1656 2103 1698 2133 m,
1727 2093 1817 2134 quod

1121 2143 1288 2184 praecedit
1304 2143 1456 2183 proxime
1476 2142 1510 2173 in
1531 2142 1597 2174 fine
1620 2143 1713 2175 vocis
1733 2144 1742 2160 ‘
1759 2144 1818 2175 ob-

1122 2193 1230 2225 viam!
1253 2192 1357 2230 Schef.

1164 2243 1314 2283 Saltalr]
1345 2243 1429 2275 Quae
1452 2241 1540 2280 Νύση
1555 2242 1620 2274 fuit
1633 2243 1817 2284 appellata.

1121 2293 1200 2326 vid.
1215 2294 1443 2331 Memnonem,
1458 2295 1510 2324 33.

1165 2344 1251 2375 CAP.
1276 2353 1327 2374 v1.
1365 2345 1382 2384 ς
1407 2346 1423 2373 1
1460 2343 1533 2374 Non
1557 2342 1669 2374 aelicta
1693 2343 1816 2384 regum]

1121 2394 1201 2425 Sall.
1229 2394 1262 2424 in
1289 2392 1396 2433 Epist.
1420 2393 1539 2425 Mithr.
1563 2393 1606 2424 ad
1632 2392 1793 2424 Arsacem
1808 2404 1818 2424 :

1121 2445 1129 2461 ‘
1149 2444 1305 2484 Namque
1330 2442 1489 2474 Romanis
1511 2452 1588 2474 cum
1614 2443 1819 2485 nationibus,

1123 2494 1268 2535 populis,
1282 2493 1419 2533 regibus
1432 2493 1573 2534 cunctis,
1588 2503 1655 2524 una
1670 2498 1705 2525 et
1721 2498 1818 2525 vetus

1123 2554 1223 2576 causa
1246 2543 1392 2575 bellandi
1416 2548 1482 2583 est,
1507 2543 1632 2584 cupido
1653 2543 1820 2585 profunda

1124 2595 1256 2636 imperii
1286 2599 1322 2626 et
1351 2594 1564 2634 divitiarum,’
1592 2596 1655 2626 &c.
1702 2595 1756 2627 Id.
1782 2599 1819 2627 et

1123 2647 1292 2687 Jugurtha
1315 2655 1370 2686 ap.
1392 2645 1492 2676 eund.
1515 2645 1593 2676 Sall.
1610 2648 1661 2676 81.
1678 2648 1710 2677 2.
1734 2647 1820 2677 Βοη-

1121 2707 1207 2737 gat-s.
1251 2695 1305 2727 Id.
1321 2695 1476 2726 Britanni
1501 2704 1556 2735 ap.
1580 2696 1658 2727 Tac.
1682 2695 1746 2737 Ag.
1765 2699 1818 2728 30.

1125 2748 1199 2779 Nec
1225 2746 1374 2777 diversus
1400 2745 1470 2776 abit
1494 2744 1671 2785 Appianas
1694 2746 1729 2777 in
1752 2745 1818 2778 fine

1124 2797 1184 2828 lib.
1200 2797 1244 2827 de
1261 2797 1301 2827 Β.
1321 2795 1440 2826 Mithr.
1463 2795 1562 2825 Bern.

1169 2847 1276 2887 Neque
1286 2846 1319 2876 in
1329 2854 1360 2876 se
1372 2855 1441 2884 uno,
1450 2844 1516 2884 sed]
1533 2844 1603 2876 Cic.
1616 2854 1671 2876 111.
1684 2845 1774 2876 Fam.
1788 2849 1819 2877 8.

1125 2898 1133 2914 ‘
1148 2896 1246 2930 Quod
1258 2895 1292 2927 in
1305 2899 1338 2926 te
1350 2894 1434 2926 bene
1447 2894 1567 2926 merito
1583 2894 1671 2936 grati
1684 2895 1818 2928 essent?
