2101 3419
399 322 483 369 918

399 425 636 457 dissertatione
653 426 875 459 demonstrat.
908 429 1008 460 Bern.

442 477 459 516 ᾗ
472 479 512 506 12
526 477 781 508 Concurrentz'bus
792 479 831 508 ad
839 478 1094 519 opinionem,&c.]

398 526 447 556 Ut
463 524 590 556 factum
606 536 735 568 quoque
751 536 858 559 xvm.
874 533 906 561 5.
922 532 975 561 17.
1001 531 1051 561 Id.

443 575 646 615 Bruttiosque
659 586 691 606 se
705 586 745 608 ex
760 578 894 618 nomine]
917 579 1026 610 Strab.
1043 588 1093 612 vr.

399 624 554 655 Bruttios
581 625 691 657 dictos
713 627 762 657 ait
786 638 805 658 a
821 629 979 669 Lucanis,
1002 634 1093 669 Βρετ-

398 673 480 705 τίους
488 673 548 716 ’γὰρ
556 676 684 706 καλοῦσι
693 675 764 708 τοὺς
775 677 963 710 ἀποστάτας.
1009 680 1092 711 Cum

399 733 514 755 eorum
528 731 642 757 essent
655 732 817 766 pastores,
830 729 930 759 rebus
941 734 1093 770 tempore

400 775 560 815 Dionysii
576 775 734 816 turbatis,
756 777 797 808 ab
820 778 860 808 iis
878 777 1093 811 defecerunt.

400 824 518 864 Steph.
541 835 560 855 a
576 825 709 866 Bretto‚
732 826 890 857 Herculis
913 827 960 859 fil.
984 828 1094 860 dictos

400 874 482 904 vult.
525 874 604 904 Vid.
631 875 788 907 Eustath.
812 876 844 906 in
870 877 1008 918 Dionys.
1037 878 1094 919 qui

401 932 458 953 eos
470 923 625 963 Βρεντίους
641 930 751 965 vocat,
772 931 808 957 et
830 927 930 958 Diod.
948 936 1025 958 xw.
1042 932 1094 960 15.

398 975 553 1014 Bongars.
597 975 752 1016 Βρούττιοι
773 977 990 1009 nominantur
1012 979 1094 1010 Pto-

398 1023 535 1055 lemaeo:
561 1025 570 1042 ‘
586 1025 731 1056 Brettii'
745 1026 898 1067 leguntur
913 1027 946 1058 in
961 1028 1095 1059 Numis-

399 1075 566 1106 matibus:
606 1077 614 1093 ‘
629 1077 809 1108 Brutates’
848 1087 902 1118 ap.
946 1079 1093 1109 Festum.

399 1125 480 1166 Ipsa
496 1127 589 1166 regio
614 1126 704 1168 (quae
724 1129 734 1146 ‘
748 1128 906 1159 Calabria
931 1128 1094 1160 Inferior’

400 1175 516 1216 hodie)
541 1177 686 1218 Polybio
707 1186 757 1209 XI.
779 1178 956 1218 Βρεττανία,
982 1179 1095 1211 Strab-

404 1236 456 1258 VI.
496 1228 623 1268 Βρεττία
661 1230 862 1262 nominatur.
920 1229 951 1260 A
980 1231 1096 1270 Steph.

401 1278 512 1310 Schol.
532 1279 676 1310 Theocr.
702 1280 842 1320 aliisque
867 1281 1016 1312 Siciliam
1039 1291 1096 1312 vo-

401 1329 471 1358 cari
500 1334 596 1368 patet
620 1339 662 1360 ex
683 1339 735 1368 eo,
757 1330 845 1370 quod
869 1329 987 1362 fluvios
1003 1331 1097 1372 oppi-

401 1379 509 1420 daque
528 1390 592 1410 non
618 1389 725 1420 panca
740 1380 839 1421 hujus
861 1385 990 1413 tractus
1015 1382 1098 1413 Sici-

399 1428 455 1459 liae
486 1429 691 1469 adscribant,
728 1435 828 1469 prout
853 1432 1036 1462 etiamnum
1064 1432 1097 1462 in

401 1478 510 1508 titulis
533 1479 662 1518 Regum
687 1480 861 1520 Hispaniae
884 1483 892 1498 ⁴
909 1481 1098 1512 Sicilia-cis

401 1527 565 1559 Pbarum'
583 1529 788 1569 appellatur,
814 1530 854 1560 ad
871 1529 1098 1562 differentiam

401 1578 535 1616 Insulae,
559 1589 633 1620 quae
657 1581 666 1597 ‘
684 1581 772 1612 ultra
788 1581 961 1613 Pharum.’
1006 1582 1097 1615 Add.

402 1628 506 1659 Laus.
523 1629 675 1661 Consult.
694 1640 726 1670 p.
740 1634 813 1662 789.
838 1633 939 1663 Rern.

444 1680 514 1718 §14
540 1680 610 1715 Qua
631 1681 761 1712 victoria
787 1682 898 1722 erecti]
938 1683 1014 1715 Hoc
1040 1694 1099 1724 qua

402 1730 591 1760 necessario
620 1729 740 1761 referri
766 1730 869 1763 debet
898 1733 938 1763 ad
970 1739 1098 1765 certam

404 1779 564 1820 aliquam,
592 1780 634 1811 de
661 1791 727 1822 qua
751 1782 844 1821 prins
867 1783 1004 1814 dictum.
1051 1784 1100 1816 At

402 1829 457 1860 hic
473 1830 563 1860 nulla
579 1831 705 1862 mentio
728 1831 767 1862 fit
784 1832 933 1863 victoriae
958 1833 991 1864 in
1014 1843 1099 1874 prae-

403 1878 501 1910 cedd.
517 1879 574 1910 sed
599 1884 730 1911 tantum
749 1881 837 1911 belli.
884 1882 999 1914 Quare
1016 1889 1099 1924 puto

402 1929 459 1960 hic
475 1929 644 1961 scribend.
667 1941 723 1971 quo
738 1933 812 1963 vict.
860 1934 927 1968 Quo
950 1933 1099 1966 refertur

405 1979 447 2010 ad
475 1980 612 2019 bellum,
638 1986 674 2012 et
701 1983 839 2022 ponitur
862 1994 936 2024 pro,
961 1985 993 2015 in
1021 1996 1098 2026 quo.

405 2031 484 2061 Non
511 2031 753 2064 intellexerunt
782 2033 914 2073 scribae,
943 2040 991 2073 et,
1022 2037 1100 2076 quia

404 2086 614 2121 putaverunt
642 2092 700 2121 quo
730 2082 803 2113 vict.
833 2083 985 2114 vitiosum
1016 2094 1100 2124 esse,

405 2141 468 2162 nec
492 2131 699 2172 adjectivum
724 2132 935 2164 substantivo
963 2143 1099 2174 respon-

405 2181 498 2219 dere,
514 2182 588 2212 ideo
604 2192 663 2222 qua
678 2183 751 2213 vict.
769 2181 893 2214 fecere.
918 2183 1023 2221 Schef.

449 2231 534 2262 CAP.
554 2241 593 2262 11.
619 2233 634 2272 ξ
654 2236 669 2263 1
700 2233 862 2273 Principio
877 2235 1023 2265 adrentus
1037 2235 1101 2275 opi-

405 2281 506 2312 nionis
515 2281 593 2321 ejus]
617 2284 626 2299 ‘
641 2282 870 2322 Opinio'huic
882 2284 1024 2315 Auctori
1036 2290 1100 2324 est,

406 2330 496 2362 fama
524 2337 560 2363 et
590 2342 712 2363 rumor.
771 2333 903 2364 Nonius
935 2335 1103 2375 significa·

405 2382 532 2413 tionem
555 2383 710 2413 notavit:
735 2384 792 2414 sed
810 2386 979 2425 exempla,
1000 2391 1036 2417 ut
1053 2387 1104 2427 ip-

407 2431 475 2462 sius
488 2436 539 2462 est
552 2441 634 2471 mos,
646 2431 827 2473 adscripsit
842 2443 959 2473 parum
974 2445 1103 2466 accom-

406 2481 649 2513 modata.'1'ac.
666 2481 730 2522 Ag.
746 2485 777 2513 9.
799 2484 807 2499 ‘
823 2483 1015 2516 Comitante
1032 2487 1104 2526 opi-

407 2532 506 2562 nione
520 2531 732 2563 Britanniam
744 2533 774 2563 ei
787 2535 994 2573 provinciam
1008 2536 1103 2569 dari.y

408 2582 480 2613 Cic.
496 2590 546 2612 xi.
570 2582 611 2612 ad
639 2581 713 2613 Att.
733 2586 783 2613 16.
806 2590 841 2614 et
864 2586 914 2614 IS.
951 2586 1104 2625 Bongars.

408 2633 568 2663 Ceterum
583 2636 787 2663 structuram
803 2634 965 2665 orationis
984 2636 1037 2666 vix
1054 2636 1105 2668 liic

408 2682 566 2723 expedio.
612 2682 767 2722 Legerim
780 2684 1107 2725 Principio‚udventus

408 2733 472 2771 ejus
483 2733 622 2773 opinione
631 2743 711 2764 conc.
723 2735 773 2764 vel
787 2736 898 2774 potius
913 2747 919 2766 :
943 2737 1105 2778 Principio

408 2786 569 2822 adtentus,
594 2784 733 2823 opinione
758 2785 822 2822 eJ'us
846 2789 994 2827 concussi,
1019 2788 1050 2818 h.
1075 2798 1103 2820 e.

409 2833 499 2864 fama
515 2833 638 2865 territi.
682 2833 778 2865 Sicut
796 2844 857 2866 xx.
880 2839 911 2867 2.
929 2840 960 2868 3.
986 2840 994 2854 ‘
1013 2838 1103 2880 priu-

410 2884 500 2924 cipio
518 2883 705 2925 originuin.'
740 2884 918 2918 Bernccccr.
964 2887 1105 2929 Optime

850 335 990 367 NOTAE
1024 335 1284 368 VARIORUM
1318 337 1369 367 IN

1145 429 1295 461 Gron0V.
1311 439 1354 461 ex
1370 433 1456 461 vett.
1472 429 1571 471 impr.
1592 428 1686 461 libris
1701 429 1834 470 legend.

1143 484 1260 510 censet
1281 481 1429 510 adventus
1451 480 1513 518 ejus
1528 480 1668 520 opinione
1690 481 1837 520 concussi,

1142 528 1175 560 h.
1203 534 1268 570 est,
1296 529 1398 570 fama,
1434 535 1472 562 ut
1505 540 1597 571 saepe
1634 540 1689 571 ap.
1718 531 1836 562 Nostr-

1144 579 1252 610 Groev.

1186 629 1347 670 Principio
1362 631 1510 661 adtentus
1524 629 1676 670 opinionis
1690 630 1753 669 ejus
1766 641 1838 662 con·

1142 681 1235 720 cussi]
1259 681 1312 710 Ex
1335 681 1428 711 libris
1451 681 1549 720 impr.
1571 681 1731 712 emendat
1754 681 1841 712 Gro-

1142 730 1273 768 novius,
1299 732 1446 761 adventus
1469 731 1533 769 ejus
1557 731 1718 770 opinione‚·
1748 731 1837 772 quod

1143 783 1212 810 tam
1230 790 1342 810 verum
1359 785 1413 811 est
1429 790 1526 821 quam
1550 779 1651 811 facile
1668 780 1710 811 ad
1726 789 1838 812 emen-

1145 829 1244 861 dand.
1261 829 1347 869 fuit;
1370 834 1458 861 utet
1477 831 1566 871 quod
1588 840 1665 861 mox
1687 831 1840 872 sequitur

1145 888 1187 909 ex
1202 879 1223 911 J
1228 884 1298 911 unt.
1319 880 1508 911 vindicantes
1525 890 1586 920 pro
1601 881 1839 912 vindicantibus.

1144 928 1200 959 Ita
1216 930 1315 960 etiam
1331 930 1460 961 locutus
1476 935 1528 962 est
1539 931 1629 962 Just.
1646 940 1748 963 xxlv.
1761 934 1793 962 7.
1806 935 1838 963 6.

1144 979 1154 996 ‘
1172 979 1288 1010 Prima
1315 989 1455 1021 namque
1489 982 1647 1022 opinione
1677 983 1840 1014 adventus

1145 1029 1343 1069 Gallorum‚'
1356 1033 1420 1062 ἃς.
1445 1031 1556 1062 Faber.
1588 1032 1699 1073 Bong.
1711 1038 1746 1064 et
1758 1034 1841 1064 Ber-

1144 1087 1240 1110 necc.
1256 1079 1394 1110 edidere
1420 1080 1582 1121 Principio
1607 1083 1754 1113 adventus
1776 1083 1840 1122 opi-

1143 1129 1242 1159 nionis
1251 1130 1314 1168 ejus
1322 1130 1468 1160 concussi.
1502 1131 1569 1161 Sed
1582 1133 1717 1162 notavit
1728 1131 1839 1171 Bong.

1144 1179 1234 1218 typis
1250 1189 1428 1219 expressos
1453 1179 1578 1211 habere
1601 1181 1751 1220 opinione.
1796 1182 1842 1213 Et

1145 1227 1274 1259 fatetur
1299 1230 1464 1260 Bet-nece.
1489 1230 1552 1260 sibi
1575 1230 1709 1261 omnino
1732 1231 1779 1262 sic
1795 1231 1843 1262 le-

1145 1278 1246 1318 gend.
1263 1278 1380 1310 videri.
1423 1279 1491 1310 Sed
1514 1285 1549 1311 et
1564 1280 1713 1311 Gronov.
1736 1281 1841 1312 libros

1145 1328 1236 1368 typis
1252 1338 1430 1368 expressos
1447 1329 1500 1360 bic
1523 1329 1711 1370 sequendos
1727 1330 1845 1361 existi-

1145 1384 1226 1410 mat.
1272 1380 1333 1410 Est
1366 1384 1478 1410 autem
1503 1380 1513 1397 ‘
1527 1379 1658 1420 opinio’
1687 1380 1741 1411 hic
1769 1390 1843 1422 pro,

1144 1429 1246 1469 fama,
1262 1436 1299 1461 nt
1316 1430 1603 1472 frequentissime.
1633 1432 1734 1463 Vorst.

1189 1481 1205 1521 ς
1219 1483 1238 1511 2
1259 1481 1342 1516 Quos
1351 1481 1551 1520 Agathocles,
1559 1480 1627 1521 ξα]
1650 1481 1707 1513 Sic
1716 1481 1757 1512 ab
1769 1482 1846 1513 Tul-

1145 1531 1178 1561 lo
1194 1530 1341 1561 Hostilio
1358 1540 1393 1561 os
1417 1531 1576 1562 sublitum
1598 1536 1651 1563 est
1667 1531 1788 1572 legatis
1804 1532 1858 1573 C„

1147 1581 1271 1612 Cluilii.
1287 1580 1360 1612 Liv.
1374 1590 1399 1611 1.
1415 1583 1469 1612 22.
1480 1584 1511 1612 7.
1557 1581 1613 1612 Sic
1627 1581 1748 1620 legatis
1763 1581 1846 1622 ipsis

1147 1630 1308 1661 Romanis
1326 1630 1368 1661 ab
1385 1635 1488 1670 gente
1508 1630 1723 1671 Achaeorum,
1740 1631 1845 1663 Paus.

1147 1688 1212 1710 vu.
1230 1690 1262 1720 p.
1277 1682 1352 1711 423.
1367 1690 1413 1711 m.
1450 1680 1540 1711 Add.
1557 1681 1712 1712 Frontin.
1726 1690 1752 1712 1.
1767 1683 1799 1712 4.
1814 1684 1846 1712 6.

1153 1730 1253 1761 Rern.

1195 1780 1375 1811 Conscensis
1390 1780 1532 1820 navibus]
1555 1781 1640 1811 Mss.
1656 1789 1771 1811 omnes
1788 1780 1845 1812 ha-

1148 1829 1230 1861 bent
1245 1841 1406 1862 conscensa
1422 1840 1511 1870 nave,
1535 1830 1626 1872 quod
1642 1840 1708 1861 non
1735 1830 1847 1870 video,

1148 1889 1250 1920 quare
1266 1881 1436 1912 noluerint
1449 1890 1596 1912 servare.
1629 1880 1750 1913 Oratio
1765 1891 1847 1913 sane

1148 1931 1223 1973 ipsa
1246 1932 1454 1973 requirebat,
1476 1942 1554 1963 nam
1579 1932 1761 1964 frustratus
1788 1942 1846 1964 eos

1149 1988 1203 2013 est
1232 1983 1440 2023 Agathocles
1471 1993 1630 2014 conscensa
1658 1993 1747 2022 nave,
1779 1993 1846 2014 non

1146 2032 1287 2072 navibus,
1309 2042 1371 2063 nec
1387 2033 1474 2063 enim
1490 2033 1602 2072 plures
1617 2037 1754 2074 poterat
1770 2043 1849 2064 con-

1149 2082 1322 2113 scendere.
1367 2081 1506 2112 Fefellit
1522 2088 1744 2122 correctores,
1757 2083 1847 2124 quod

1148 2132 1314 2172 praecedit
1331 2132 1373 2163 de
1397 2134 1563 2164 exercitu.
1610 2132 1659 2164 At
1675 2133 1848 2165 debebant

1150 2182 1432 2222 animadvertere,
1455 2182 1521 2213 duo
1551 2183 1661 2214 divisa
1688 2184 1743 2214 hic
1770 2193 1848 2224 pro-

1150 2233 1240 2273 poni.
1286 2233 1465 2264 Exercitus
1481 2233 1731 2265 conscendebat
1746 2243 1848 2266 naves

1150 2288 1186 2314 et
1202 2284 1409 2324 trajiciebat,
1430 2284 1508 2314 dum
1525 2283 1731 2324 Agathocles
1757 2286 1849 2326 lega-

1151 2337 1203 2364 tos
1220 2333 1321 2364 habet
1338 2333 1372 2363 in
1388 2343 1495 2364 coena.
1536 2333 1671 2365 Deinde
1689 2335 1849 2375 sequeba-

1151 2387 1207 2414 tur
1224 2384 1297 2424 ipse
1314 2383 1534 2424 Agathocles,
1556 2393 1652 2414 coena
1671 2383 1787 2415 finita:
1813 2384 1848 2414 id

1152 2433 1242 2474 quod
1258 2433 1362 2465 fiebat
1378 2443 1442 2464 uno
1465 2438 1500 2464 et
1521 2433 1684 2473 peculiari
1700 2433 1849 2474 navigio.

1152 2483 1255 2522 Schef.

1196 2536 1212 2575 ᾧ
1228 2537 1248 2565 4
1271 2535 1336 2565 Per
1349 2544 1461 2574 omne-⁹,
1475 2533 1542 2575 Esau]
1558 2534 1648 2565 Saxo
1662 2544 1714 2566 xr.
1729 2545 1762 2576 p.
1773 2537 1849 2568 212.

1154 2587 1206 2617 17.
1243 2585 1252 2602 ‘
1284 2585 1351 2617 Qui
1382 2594 1470 2624 cum,
1507 2583 1671 2625 pestifero
1708 2585 1850 2617 humore

1155 2641 1344 2676 grassante,
1360 2634 1499 2667 fatalem
1516 2635 1610 2666 cordi
1626 2634 1777 2666 dolorem
1792 2636 1851 2667 im·

1153 2687 1279 2718 minere
1295 2686 1539 2726 cognosceret!

1201 2737 1286 2768 Velut
1310 2737 1455 2767 intestino
1477 2736 1666 2775 singulorum
1693 2736 1768 2768 bello
1792 2736 1851 2767 im-

1150 2785 1360 2826 pugnabatur]
1385 2785 1486 2825 Angli
1503 2795 1545 2816 ex
1561 2786 1669 2817 tribus
1693 2787 1777 2818 Mss.
1799 2795 1850 2818 re-

1154 2841 1340 2877 posuerunt
1353 2835 1435 2875 sing.
1451 2836 1651 2867 membrorum
1673 2836 1766 2867 helio:
1787 2837 1851 2867 hoc

1153 2896 1284 2928 quoque
1301 2886 1498 2918 vocabulum
1516 2887 1548 2918 in
1570 2887 1715 2928 vulgatis
1731 2895 1851 2928 perpe-
