2174 3424
560 357 755 389 JUS'PINl
792 357 886 387 nin.
921 357 1012 387 xii.
1045 357 1150 387 car.
1179 347 1221 387 6.

165 464 237 486 rum
251 453 442 485 adulantem
455 455 489 483 et
502 451 599 492 pigre
615 461 657 482 ex
669 450 860 482 Macedone

164 514 205 536 ac
242 504 346 535 libero
374 503 408 533 in
446 502 621 533 Persicam
663 503 861 533 servitutem

163 553 418 587 transeuntem.’

203 606 255 646 §5
280 606 447 644 Postquam
471 603 606 634 satiatus
629 605 713 634 coede
739 603 861 634 animus

160 655 347 696 conquievit]
369 655 424 685 Sic
447 664 466 685 a
492 654 644 694 Nerone,
670 656 679 671 ‘
705 653 861 694 perfecto

163 705 296 735 demum
312 704 440 734 scelere
455 703 585 743 [matris
600 703 753 743 occisae]‚
768 713 861 744 mag-

163 754 281 785 nitudo
296 754 366 794 ejus
394 753 568 784 intellecta
584 753 660 785 est!
703 754 782 784 Tac.
808 763 862 785 xr.

162 805 215 834 26.
249 812 285 834 x.
314 806 344 833 l.
378 804 387 820 ‘
414 803 543 837 Scelus,
577 802 670 834 inter
698 803 863 843 ancipitia

162 852 354 893 probatum,
378 853 464 884 veris
480 862 556 883 mox
580 853 700 893 pretiis
716 853 862 884 aestima-

161 902 242 934 tur!
273 903 328 934 Id.
344 912 384 934 11.
402 906 454 934 26.
470 907 500 934 5.
527 903 536 919 ⁴
554 903 639 933 Cum
669 903 778 933 scelus
805 902 862 933 ad-

161 953 312 991 mittunt,
347 956 501 992 superest
531 952 748 984 constantia:
781 951 863 993 quid

160 1001 211 1033 fas
242 1002 358 1043 Atque
388 1002 496 1041 nefas,
520 1002 659 1033 tandem
694 1002 863 1043 incipiunt

161 1052 302 1091 sentire,
335 1052 482 1091 peractis
509 1050 737 1082 Criminibus.’
781 1050 861 1083 Juv.

162 1110 246 1133 xm.
259 1104 332 1133 237.
357 1102 486 1133 Similia
498 1101 690 1132 Menander
701 1111 756 1142 ap.
769 1101 863 1132 Stob.

161 1153 267 1184 Serm.
283 1161 333 1184 1v.
352 1157 427 1192 post
444 1162 496 1193 pr.
521 1153 620 1184 Bern.

204 1202 398 1242 AEstimatio]
421 1203 473 1233 Ex
498 1206 582 1233 vett.
609 1201 686 1233 edd.
713 1201 862 1233 restituit

160 1252 349 1283 existimatio
362 1252 512 1284 Gronov.
546 1252 624 1283 Vid.
640 1262 716 1283 eum
733 1251 775 1282 ad
789 1251 862 1284 Liv.

164 1311 296 1333 xxxrw
312 1305 346 1333 2.
371 1302 479 1333 Groev.

206 1352 426 1391 Existimatio]
452 1351 507 1382 Ita
533 1352 743 1393 antiquiores
770 1351 861 1392 typis

163 1403 326 1443 expressi.
371 1403 446 1433 Nec
482 1403 628 1433 mutavit
663 1403 770 1442 Bong.
814 1402 863 1433 At

162 1454 325 1484 Bernecc.
353 1453 441 1494 qnod
459 1463 478 1483 a
494 1454 603 1492 Bong.
628 1453 790 1483 monitum
815 1453 863 1482 vi-

163 1503 264 1534 deret
294 1502 394 1533 codd.
430 1502 591 1542 quosdam
623 1502 706 1532 Mss.
735 1502 862 1533 habere

162 1552 340 1591 oestitnatio,
363 1552 410 1582 ita
426 1552 559 1581 omnino
576 1550 745 1581 scribend.
766 1555 863 1590 puta-

163 1602 224 1632 vit.
272 1602 399 1632 Rursus
431 1602 579 1633 Gronov.
618 1601 796 1632 contendit
824 1600 862 1632 τὸ

162 1653 352 1684 existimatio
383 1653 562 1692 genuinum
589 1662 674 1683 esse.
724 1653 862 1684 Terent.

164 1703 293 1734 Heaut.
320 1704 413 1734 Prol.
447 1704 456 1720 ‘
482 1702 672 1733 Arbitrium
703 1707 864 1742 vostrum,

164 1758 279 1784 vostra
323 1752 530 1783 existimatio
573 1751 726 1782 valebit.'
788 1753 862 1783 Liv.

165 1811 299 1834 xxxiv.
314 1805 345 1833 2.
368 1803 377 1818 ‘
395 1802 516 1833 Utrum
533 1811 551 1832 e
569 1811 642 1842 rep.
658 1801 713 1840 sit,
729 1810 794 1832 nec
810 1811 864 1842 ne,

163 1852 197 1883 id
214 1852 303 1893 quod
321 1851 363 1882 ad
389 1861 448 1882 vos
472 1851 592 1892 fertur,
616 1856 730 1882 vestra
746 1852 862 1882 existi-

163 1903 267 1934 matio
285 1902 358 1933 est!
401 1901 456 1933 Ad
482 1911 581 1942 quem
604 1902 628 1932 l.
652 1901 760 1932 Notas
782 1911 863 1942 quo-

164 1961 228 1994 que
240 1951 402 1982 Gronovii
420 1952 486 1982 vid.
509 1951 583 1982 Vor.

210 2003 428 2043 Existimatio]
450 2003 506 2034 Sic
523 2002 712 2043 veteribus,
728 2003 861 2034 Grono-

163 2054 231 2093 vio,
259 2058 294 2085 et
319 2054 456 2085 Graevio
477 2053 683 2092 volentibus,
708 2052 860 2083 restituit

161 2103 329 2135 Vorstius.
372 2103 536 2134 Bernecc.
561 2102 708 2133 malebat
722 2102 860 2132 ‹estima-

160 2153 217 2184 tio.
261 2153 339 2185 Vid.
356 2163 430 2194 quae
448 2153 564 2184 notavi
580 2161 636 2185 111.
651 2152 713 2183 ult.
730 2152 763 2183 in
780 2151 859 2183 fine.

163 2203 272 2242 Schef.

204 2255 257 2294 §6
279 2253 445 2294 Iracunde]
469 2253 548 2285 Non
559 2253 645 2284 male
658 2252 860 2284 Vienn.ira-

161 2304 304 2334 mindam.
328 2304 433 2334 Rern.

208 2352 360 2392 Occisum,
391 2352 459 2392 fisa]
512 2352 703 2393 Hegesipp.
735 2361 775 2383 11.
806 2355 858 2383 12.

162 2403 172 2420 ‘
188 2403 284 2434 Inter
299 2411 429 2433 mensas
454 2407 491 2434 et
515 2403 635 2444 pocula
651 2403 860 2434 circumven-

163 2451 242 2483 tus.'

205 2503 223 2542 ξ
238 2504 258 2533 7
284 2502 351 2537 Quo
364 2501 500 2542 pridem]
545 2503 628 2534 Mss.
644 2501 780 2543 quidam
794 2501 862 2542 pri-

161 2552 222 2590 die,
237 2551 326 2592 quod
342 2551 501 2593 praefero.
547 2552 678 2583 Pridem
690 2561 769 2585 saue
785 2561 861 2582 nes-

163 2603 228 2639 cio.
244 2611 285 2632 an
302 2603 493 2642 reperiatur
509 2607 708 2642 usurpatum
726 2602 767 2632 de
792 2606 860 2632 tarn

163 2651 259 2682 brevi
276 2652 439 2692 temporis
456 2653 658 2691 intervallo;
683 2657 720 2683 et
736 2660 860 2692 paucas

163 2700 394 2732 intercessisse
406 2702 505 2733 horas
518 2703 619 2733 etiam
637 2712 679 2733 ex
695 2702 790 2732 Curt.
809 2704 861 2731 est

164 2755 291 2782 notum.
336 2751 414 2782 Vid.
439 2762 515 2783 eum
538 2761 618 2783 vm.
634 2755 666 2783 2.
697 2751 860 2782 Arrianus

164 2799 344 2840 παραυτίκα,
360 2800 381 2831 i.
395 2810 425 2832 e.
439 2802 558 2842 statim,
574 2806 654 2842 post
667 2801 861 2833 confectam

165 2849 307 2891 caedem,
343 2856 496 2883 secutam
532 2853 580 2883 ait
617 2851 862 2893 poenitentiam.

167 2899 273 2937 Schef.

210 2951 248 2982 Ιη
263 2951 341 2983 iram
357 2953 476 2992 versas]
508 2953 580 2985 Liv.
599 2962 683 2984 xxv.
701 2956 752 2985 36.
777 2953 786 2969 ‘
798 2953 860 2983 Το-

1524 346 1610 388 815

912 451 938 482 ti
966 460 984 482 a
1011 450 1173 491 patiendo
1191 449 1492 492 exspectandoque
1508 459 1611 481 even-

912 506 983 532 tum
1009 501 1040 532 in
1068 501 1232 541 impetum
1257 506 1359 542 atque
1380 501 1463 532 iram
1491 501 1578 532 versi
1591 499 1613 531 ι’

912 555 947 582 et
972 551 1045 582 Liv.
1077 551 1170 591 Epit.
1200 560 1231 582 L.
1254 553 1404 582 ‘Versus
1428 552 1461 582 in
1490 560 1610 583 senec-

912 604 980 631 tam
995 600 1017 632 :’
1039 604 1075 631 et
1098 600 1171 641 ipse
1188 600 1319 631 Auctor
1336 610 1435 632 xxvi.
1449 603 1479 633 2.
1503 601 1513 617 ‘
1528 601 1609 632 Non

911 651 945 681 in
962 651 1131 689 timorem,
1145 650 1203 681 sed
1220 650 1254 680 in
1271 649 1420 681 furorem
1439 651 1526 681 versi
1540 649 1561 681 :’
1577 654 1613 681 et

912 709 1028 732 xxvn.
1060 703 1090 731 2.
1127 700 1136 717 ‘
1157 700 1255 730 Versi
1281 700 1316 730 in
1346 699 1611 730 misericordiam

911 750 1103 791 naufragii!
1127 751 1227 782 Gron.

959 801 1094 833 Vulnera
1110 800 1261 840 tractare]
1305 800 1345 831 Id
1375 799 1466 830 enim
1492 808 1613 831 cense-

912 849 996 882 bant
1023 850 1169 882 officium
1187 860 1259 881 esse
1276 859 1355 889 erga
1372 849 1553 880 defunctos
1576 854 1613 881 et

911 902 1117 932 vulneratos.
1143 901 1230 931 Stat.
1243 909 1300 931 111.
1325 900 1390 930 Th.
1408 902 1480 930 154.
1502 899 1511 915 ‘
1527 899 1612 932 Qnae

912 951 1051 981 vulnera
1068 955 1225 989 tractem,
1250 951 1335 983 Qnae
1351 949 1443 989 prius
1461 958 1518 978 ore
1536 957 1613 989 pre-

912 1010 998 1032 mam
1012 1001 1034 1031 ?’
1078 1001 1131 1031 Id.
1150 1010 1200 1032 XI.
1217 1003 1292 1032 624.
1316 1001 1325 1016 ‘
1339 999 1407 1030 Hei
1429 999 1511 1030 mihi
1526 1008 1612 1040 quos

911 1061 1018 1082 nexus
1033 1050 1190 1091 fratrum,
1218 1060 1294 1092 quae
1310 1050 1449 1081 vulnera
1469 1052 1580 1080 tracto
1589 1046 1614 1079 ?'

910 1102 1011 1132 Idem.

955 1153 973 1192 ς
990 1155 1030 1183 10
1044 1151 1225 1182 Accesserat
1239 1151 1319 1182 enim
1331 1150 1370 1180 ad
1382 1147 1613 1189 paenitentiam]

912 1201 970 1233 Ita
985 1202 1194 1242 antiquiores
1211 1201 1301 1241 typis
1318 1199 1485 1240 expressi.
1503 1199 1614 1238 Bong.

911 1252 1029 1283 maluit
1045 1252 1225 1282 Accesserat
1239 1250 1442 1292 poenitentioe.
1469 1250 1549 1280 Vor.

955 1303 1100 1333 Nutricis
1114 1312 1177 1332 suoe
1193 1304 1222 1332 et
1238 1301 1352 1332 sororis
1370 1299 1449 1330 Cliti
1471 1298 1614 1329 recorda-

910 1351 972 1391 tio]
998 1352 1083 1382 Duae
1101 1360 1256 1391 personae
1271 1350 1432 1381 videntur
1448 1357 1534 1387 esse,
1550 1357 1613 1378 nu—

912 1402 978 1433 trix
996 1412 1035 1432 ac
1052 1411 1146 1432 soror
1163 1401 1254 1439 Cliti,
1280 1400 1369 1441 quod
1394 1398 1512 1430 falsum
1538 1402 1614 1437 est;

913 1463 1017 1494 quare
1032 1458 1091 1484 aut
1108 1452 1243 1483 delend.
1261 1451 1351 1482 istud
1366 1459 1420 1490 ΕΤ,
1438 1454 1506 1489 aut,
1524 1448 1613 1490 quod

912 1505 1018 1545 magis
1034 1504 1185 1544 probem,
1209 1503 1257 1533 ita
1281 1501 1415 1542 legend.
1435 1502 1613 1531 Accesserat

908 1555 1101 1594 poenitentioe
1117 1557 1147 1584 et
1163 1552 1295 1584 nutricis
1309 1551 1505 1591 suoe,s0rorz's
1521 1549 1614 1589 Cliti,

910 1604 1094 1635 recordatio.
1127 1603 1211 1634 Fab.
1270 1602 1312 1633 In
1337 1600 1503 1632 nonnullis
1532 1600 1612 1632 edd.

911 1654 1008 1684 abest
1025 1656 1054 1684 et
1071 1657 1175 1684 recte.
1203 1652 1311 1682 Graev.

955 1704 972 1743 ξ
990 1706 1023 1734 ll
1055 1703 1141 1741 Tam,
1158 1701 1229 1741 &ej
1259 1701 1349 1731 Saxo
1366 1708 1424 1730 xv.
1442 1708 1475 1739 p.
1491 1701 1564 1729 370.
1577 1701 1611 1730 6.

911 1753 920 1770 ‘
933 1754 1011 1783 Tam
1029 1751 1154 1782 foedam
1167 1750 1377 1782 educationis
1394 1759 1464 1780 suae
1480 1758 1612 1780 merce-

912 1803 988 1834 dem
1006 1801 1172 1833 exsolvit.'

953 1853 1030 1893 §12
1055 1849 1262 1890 Fabularum]
1300 1849 1457 1880 Rumoris
1484 1852 1521 1880 et
1544 1857 1614 1878 ser-

911 1911 1059 1933 monum.
1103 1900 1157 1931 Ita
1169 1900 1264 1931 Suet.
1280 1898 1370 1939 Aug.
1384 1902 1437 1930 70.
1454 1901 1485 1929 l.
1510 1898 1520 1915 ‘
1536 1898 1612 1929 Coe-

910 1962 954 1983 na
970 1952 1041 1992 ejus
1059 1951 1226 1982 secretior
1253 1950 1286 1980 in
1315 1949 1439 1980 fabulis
1466 1948 1554 1988 fuit‚’
1578 1948 1611 1981 h.

910 2010 941 2032 e.
969 2000 1142 2031 hominum
1168 2008 1323 2030 sermone
1348 1997 1610 2030 traducebatur.

910 2051 1037 2082 Tibull.
1063 2059 1088 2081 1.
1110 2053 1142 2081 4.
1169 2049 1227 2080 fin.
1250 2049 1328 2080 ‘Ne
1362 2047 1469 2079 turbis
1495 2046 1613 2078 fabula

909 2100 1008 2132 fiam?
1054 2100 1218 2140 Propert.
1245 2108 1271 2130 1.
1309 2098 1406 2138 Eleg.
1436 2100 1490 2128 15.
1525 2096 1613 2127 dixit

908 2154 917 2170 ⁴
930 2152 1106 2184 historiam
1123 2150 1222 2188 fieri,'
1245 2149 1325 2182 Juv.
1337 2158 1373 2181 x.
1389 2151 1461 2180 167.
1477 2148 1486 2165 ‘
1501 2147 1612 2179 decla-

909 2200 1116 2234 mationem!
1141 2202 1238 2232 Ber-n.

931 2255 949 2294 ξ
966 2255 1005 2283 14
1019 2250 1293 2290 TuncAm.cons.]
1305 2248 1409 2280 Filius
1422 2247 1614 2279 Perdiccae.

909 2302 988 2334 Vid.
1004 2302 1158 2333 Freinsh.
1176 2300 1218 2331 ad
1232 2300 1327 2331 Curt.
1345 2307 1410 2330 vu.
1423 2301 1454 2329 2.
1472 2301 1504 2329 9.

952 2351 1162 2393 Eurylochus]
1188 2351 1244 2381 Ita
1260 2358 1391 2390 quoque
1409 2347 1544 2389 legend.
1558 2356 1613 2388 ap.

910 2403 1009 2434 Frec.
1028 2411 1088 2442 pro
1105 2401 1196 2441 vulg.
1220 2399 1417 2430 Eutilochzw.

952 2453 970 2493 ξ
994 2455 1032 2482 15
1057 2450 1281 2489 Perseverata]
1322 2449 1527 2479 Perseverare
1556 2456 1612 2478 ac-

911 2503 981 2534 tive
1008 2502 1112 2532 etiam
1142 2499 1322 2539 usurpavit
1348 2499 1423 2529 Liv.
1440 2506 1537 2528 xxn.
1558 2499 1612 2528 38.

909 2554 919 2570 ‘
937 2552 1013 2584 Quo
1043 2549 1077 2580 id
1107 2548 1317 2580 constantius
1347 2545 1613 2587 perseveraret.'

909 2600 1000 2632 Add.
1026 2603 1140 2630 notam
1166 2597 1243 2629 Avi.
1258 2598 1336 2628 Sen.
1353 2605 1400 2626 VI.
1421 2594 1543 2626 Benef.
1556 2597 1610 2626 23.

910 2652 920 2668 ‘
934 2650 1036 2689 Quia,
1065 2647 1229 2689 quicquid
1256 2647 1412 2677 desinere
1436 2654 1505 2675 non
1534 2654 1611 2684 pos-

911 2704 1001 2740 sunt,
1017 2707 1235 2740 perseverare
1259 2694 1467 2727 voluerunt!
1512 2695 1610 2735 Sym-

910 2751 1018 2781 mach.
1036 2758 1061 2779 1.
1080 2750 1144 2788 Ep.
1160 2751 1211 2778 37.
1234 2747 1243 2764 ‘
1258 2746 1324 2778 Qui
1340 2744 1525 2777 amicitiam
1542 2748 1610 2775 sta-

909 2800 966 2832 bili
983 2799 1161 2839 diligentia
1175 2795 1396 2837 perseveras!

956 2851 1006 2881 Ne
1030 2850 1077 2880 ita
1092 2851 1221 2880 mortem
1238 2847 1327 2878 unius
1342 2845 1458 2885 doleat]
1503 2842 1612 2874 Codd.

911 2900 1048 2941 quidam
1065 2900 1146 2930 Mss.
1168 2902 1258 2929 teste
1282 2898 1392 2936 Bong.
1408 2897 1506 2925 morte
1521 2893 1613 2923 unius

911 2952 1032 2982 doleat.-
1057 2949 1145 2990 quod
1163 2958 1258 2989 arque
1273 2951 1366 2978 recte
1378 2944 1513 2977 dicitur.
1543 2943 1613 2973 mr.
