2174 3424
498 343 584 385 8:38

497 446 655 479 virtutes.
710 446 852 480 Terent.
882 446 967 479 Eun.
1000 457 1034 479 v.
1072 450 1101 480 8,
1139 450 1191 479 59.

497 499 507 515 ‘
524 498 586 528 Isti
625 502 659 529 te
697 497 933 538 ign01·abant:’
969 502 1004 530 et
1044 499 1116 530 Cic.
1143 508 1192 530 iv.

496 548 606 579 Acad.
635 548 678 581 Q.
708 551 739 580 2.
777 549 935 590 ‘Majore
965 550 1053 580 euim
1079 549 1191 581 studio

497 599 672 638 Lucullus,
707 608 783 629 cum
813 600 903 630 omni
933 600 1107 630 literarum
1135 609 1192 639 ge-

496 649 582 688 neri,
609 653 678 679 tum
705 649 922 689 philosophia}
950 649 1084 680 deditus
1112 647 1193 687 fuit,

497 709 597 740 quam
614 700 669 740 qui
692 700 783 730 illum
808 699 1041 740 ignorabant:’
1066 703 1101 729 et
1117 699 1189 729 Liv.

495 758 601 781 xxw.
631 752 681 780 12.
724 752 732 768 ‘
750 751 941 782 Productus
970 751 1078 790 primo
1109 750 1191 781 satis

496 806 698 832 constanter
719 801 875 841 ignorare
899 811 934 832 se
957 802 1130 832 mulierem
1149 796 1191 831 si?

495 851 667 881 mulabat.’
712 852 803 882 Hinc
832 856 866 882 et
899 851 1040 882 illustris
1075 856 1190 881 noster

497 900 638 932 Grotius
655 901 688 931 in
711 901 848 941 Proleg.
869 902 909 932 ad
934 901 1009 932 Lib.
1034 900 1074 931 de
1096 901 1130 933 J.
1147 900 1188 930 B.

496 955 532 981 et
557 951 599 981 P.
625 950 723 981 eand.
747 950 905 992 loquendi
932 949 1109 982 formulam
1138 959 1190 980 re-

496 1001 641 1041 spiciens
657 1002 703 1033 ait
718 1012 726 1032 :
752 1001 761 1018 ‘
774 1002 814 1033 In
831 1011 1001 1033 carcerem
1018 1003 1189 1042 conjectus

496 1061 568 1082 sum
585 1052 626 1082 ab
641 1052 693 1092 iis,
707 1052 760 1093 qui
776 1062 829 1083 me.
841 1052 1066 1092 ignorabant.’
1093 1053 1190 1083 Gron.

540 1102 556 1141 ξ
576 1104 614 1132 12
630 1103 791 1133 Clarorum
803 1103 936 1133 virorum
947 1102 1111 1142 proventu]
1134 1103 1190 1133 Ita

494 1151 572 1183 Sen.
589 1151 631 1182 de
653 1152 841 1192 Tranquill.
865 1151 930 1184 An.
947 1155 978 1183 7.
1022 1153 1031 1169 ‘
1046 1153 1080 1183 Si
1104 1153 1191 1183 inter

494 1201 670 1240 Platonas,
699 1205 735 1232 et
760 1201 1014 1242 Xenophontas,
1038 1207 1074 1233 et
1099 1202 1188 1233 illum

494 1251 660 1282 Socratici
697 1256 802 1282 coetus
844 1256 1044 1292 proventum
1083 1252 1188 1284 bonos

495 1300 689 1342 quaereres!
711 1301 838 1341 Ἀνδρῶν
857 1303 960 1341 σοφῶν
980 1301 1076 1342 φορὰν
1091 1308 1190 1333 vocat

493 1351 681 1381 Herodian.
698 1360 723 1382 1.
740 1355 769 1382 l.
792 1353 801 1368 ‘
817 1352 1010 1383 Proventus
1025 1352 1189 1383 filiorum'

494 1409 537 1431 11.
557 1403 604 1432 10.
620 1403 652 1431 4.
671 1409 768 1431 xmv.
783 1404 814 1432 4.
832 1404 861 1432 3.
887 1402 1070 1433 Berneccer.
1101 1402 1189 1434 Plin.

493 1460 518 1481 1.
538 1451 602 1490 Ep.
620 1454 670 1481 13.
694 1452 703 1468 ι
718 1451 877 1491 Magnum
895 1457 1096 1491 proventum
1112 1452 1190 1492 po'e-

495 1506 606 1532 tarum
623 1511 728 1532 annus
751 1501 802 1533 bic
825 1502 972 1533 attulit:’
997 1508 1032 1533 et
1047 1502 1188 1535 Quintil.

494 1561 562 1583 1111.
593 1553 679 1584 Inst.
710 1552 808 1584 Orat.
836 1556 886 1584 10.
929 1554 1036 1584 ‘Tum
1066 1553 1189 1584 deinde

494 1602 684 1634 efflorescat
700 1613 766 1635 non
783 1604 923 1634 multum
947 1604 1037 1635 iuter
1063 1614 1098 1635 se
1123 1604 1189 1634 dis-

494 1653 640 1684 tantium
663 1658 851 1693 temporum
876 1653 995 1693 ingens
1018 1658 1188 1685 oratorum

493 1703 701 1743 proventus.'
724 1704 824 1734 Gron.

537 1755 553 1794 ᾗ
580 1756 617 1784 15
642 1754 679 1785 Si
704 1764 763 1784 non
789 1754 871 1784 inter
895 1763 926 1784 se
952 1753 1189 1794 concurrissent]

491 1805 502 1822 ‘
520 1805 732 1836 Concurrere
744 1804 752 1817 ’
769 1814 842 1845 pro,
857 1814 1020 1844 pugnare,
1036 1805 1188 1844 praelium

493 1855 719 1892 committere,
732 1859 770 1885 ut
786 1863 840 1885 111.
857 1859 886 1885 5.
902 1857 952 1885 14.
976 1854 1054 1885 Vid.
1066 1860 1101 1885 et
1114 1864 1188 1895 quae

494 1905 645 1935 Freinsli.
662 1904 704 1935 de
719 1905 780 1935 hoc
794 1905 895 1935 verbo
910 1905 942 1935 in
956 1904 1034 1935 Ind.
1045 1905 1189 1945 scripsit.

499 1956 599 1986 Vorst.
631 1955 721 1985 Saxo
737 1964 789 1985 lv.
816 1964 848 1995 p.
864 1958 916 1986 60.
943 1958 992 1985 15.
1023 1955 1032 1971 ‘
1051 1954 1190 1985 Accidit

494 2005 583 2045 ipsos
609 2005 778 2044 agminum
799 2004 901 2036 duces
924 2005 1015 2035 inter
1037 2014 1073 2035 se
1100 2003 1190 2036 ferro

494 2053 721 2086 concurrere!

539 2104 626 2134 CAP.
643 2112 683 2135 11.
698 2105 713 2143 ᾗ
727 2106 746 2133 2
770 2103 838 2133 Nec
852 2103 954 2134 minus
975 2103 1089 2133 milites
1102 2113 1191 2143 quam

493 2153 623 2184 invicem
637 2163 668 2184 se
679 2152 841 2192 timebant]
865 2152 1085 2193 Antiquiores
1101 2153 1190 2193 typis

494 2204 643 2244 expressi
671 2213 733 2244 pro
755 2213 845 2243 quam
860 2202 989 2233 invicem
1012 2212 1044 2232 se
1063 2202 1190 2233 liabent

491 2255 576 2286 inter
598 2264 640 2285 se.
686 2255 730 2285 Et
761 2258 842 2294 puto
873 2262 935 2293 ego
964 2253 1049 2283 hanc
1078 2262 1189 2283 veram

494 2306 575 2336 1001.
594 2314 686 2343 esse,
708 2304 808 2334 modo
824 2313 913 2344 quam
935 2302 1126 2344 adjiciatur,
1144 2304 1190 2333 le-

494 2361 674 2395 gaturque,
688 2364 777 2394 qaam
787 2355 870 2384 inter
884 2363 916 2384 se
931 2353 1090 2385 timebant.
1137 2354 1190 2383 In-

494 2409 544 2437 ter
554 2416 586 2436 se
602 2406 709 2436 timere
726 2405 860 2443 dicitur,
872 2408 907 2434 ut
928 2406 936 2420 ‘
951 2404 1086 2434 iuterse
1103 2412 1189 2434 ama-

494 2455 556 2495 re,’
571 2456 579 2472 ‘
590 2456 678 2486 inter
691 2464 726 2485 se
739 2452 946 2493 coniplecti,'
961 2453 1069 2484 ‘iuter
1085 2463 1119 2484 se
1136 2453 1191 2483 ob-

493 2503 664 2538 trectare!
710 2504 864 2544 Suntque
881 2503 959 2533 talia
982 2503 1190 2543 elegantiora

493 2567 591 2598 quam
609 2555 770 2586 ‘invicem
784 2563 818 2584 se
835 2553 968 2585 amare!
1013 2554 1101 2584 Vide
1115 2554 1188 2585 Ind.

494 2607 528 2637 iu
546 2607 714 2646 Nepotem
729 2604 851 2635 anobis
863 2604 1026 2644 locuplet.
1038 2614 1070 2636 v.
1090 2605 1189 2635 Inter.

494 2657 610 2687 Vorst.
656 2655 764 2686 Miror
778 2654 834 2695 qui
852 2655 1001 2694 potuerit
1013 2660 1079 2685 tam
1094 2656 1191 2686 iusul-

493 2717 529 2737 sa
543 2707 623 2737 lect.
638 2710 705 2736 tam
719 2704 776 2735 diu
790 2704 882 2735 ferri.
908 2705 996 2736 Quid
1011 2705 1098 2736 0111111
1116 2711 1188 2736 est:

493 2757 607 2787 Duces
635 2765 699 2786 non
725 2760 820 2785 crant
849 2755 971 2794 securi,
995 2765 1057 2786 uec
1082 2756 1189 2786 minus

493 2807 629 2845 milites,
653 2816 741 2846 quam
768 2805 911 2836 invicem
938 2816 973 2837 se
1001 2807 1190 2838 timebant?

494 2858 582 2889 Illud
600 2867 688 2896 quam
709 2856 788 2897 quid
814 2855 855 2886 ad
883 2865 950 2886 rem
969 2854 1072 2887 facit?
1118 2857 1190 2888 Me-

496 2909 561 2939 rito
579 2908 691 2948 itaque
706 2912 739 2938 et
757 2906 936 2938 cumdum.
952 2906 1188 2948 veteribusque

949 353 1092 385 NOTAE
1125 352 1389 384 VARIORUM
1422 353 1473 384 IN

1243 447 1322 481 edd.
1347 448 1433 488 aliis,
1459 458 1522 479 nec
1548 456 1614 478 non
1640 445 1707 478 Ms.
1735 455 1834 487 quem
1850 445 1935 476 vidit

1241 499 1350 538 Bong.
1368 498 1448 529 illud
1465 508 1554 538 qaam
1577 496 1737 538 expunxi.
1781 496 1934 535 Digitum

1243 554 1353 580 autem
1370 558 1436 579 non
1460 549 1616 579 verterim
1642 557 1716 577 cum
1740 546 1937 587 antiquiori-

1241 598 1302 629 bus
1319 598 1417 629 editis
1441 599 1530 638 legas
1546 599 1629 628 inter
1642 607 1685 636 se,
1701 606 1743 627 an
1759 607 1834 628 cum
1850 597 1935 627 Mss.

1240 648 1369 679 invicem
1385 659 1415 678 se
1431 648 1589 679 timebant.
1614 648 1729 679 Graev.

1283 700 1301 739 ξ
1325 702 1343 729 3
1376 699 1552 739 AEqualitas
1577 698 1760 729 discordiam
1788 696 1936 737 augebat]

1242 757 1317 780 XVI.
1330 752 1361 780 3.
1381 752 1409 780 1.
1433 750 1441 766 ‘
1457 749 1638 780 Assiduum
1652 749 1742 779 inter
1755 758 1851 788 pares
1869 747 1935 778 dis-

1241 799 1366 829 cordiae
1391 798 1533 829 111-(11111113
1577 798 1788 829 Coiit¹·ai·iam
1816 806 1934 828 vocem

1240 848 1354 879 Soloni
1380 848 1501 879 tribuit
1525 848 1557 878 in
1576 848 1650 888 ejus
1666 848 1748 879 Vita
1772 847 1864 878 Plut.
1881 849 1933 876 18.

1240 899 1280 929 Τὸ
1291 897 1359 930 ἶσον
1373 898 1506 937 πόλεμον
1524 898 1558 929 οὐ
1572 900 1660 938 ποιεῖ,
1682 899 1691 915 ‘
1701 898 1853 939 AEqualia
1868 906 1934 927 non

1239 949 1369 981 faciunt
1385 949 1496 981 bella.5
1541 949 1630 980 Plin.
1646 949 1774 987 Paneg.
1794 950 1848 978 45.
1872 947 1881 963 ‘
1894 946 1934 977 In

1240 1001 1304 1030 alio
1333 1010 1392 1030 sua
1417 1009 1580 1041 quemque
1607 1003 1728 1029 natura
1758 995 1934 1028 delectat!

1239 1050 1305 1081 Sed
1323 1050 1486 1089 nimirum,
1501 1049 1564 1080 nisi
1579 1049 1639 1080 sibi
1655 1053 1771 1079 mutuo
1785 1047 1935 1078 obstent.

1242 1101 1342 1138 Nam,
1356 1110 1430 1130 cum
1447 1100 1535 1130 idem
1552 1102 1763 1140 competunt,
1779 1097 1860 1128 illud
1877 1098 1935 1128 Se-

1240 1161 1333 1182 necae
1365 1151 1456 1181 valet
1486 1151 1528 1181 de
1559 1150 1615 1180 Ira
1642 1159 1697 1180 111.
1725 1151 1775 1180 34.
1809 1149 1817 1164 ⁵
1833 1146 1934 1180 Quod

1240 1201 1409 1232 vinculum
1427 1202 1548 1231 amoris
1569 1209 1640 1231 esse
1666 1199 1826 1237 debebat,
1849 1197 1935 1228 sedi-

1240 1250 1340 1282 tionis
1356 1255 1456 1290 atque
1472 1250 1539 1280 odii
1552 1259 1653 1280 causa
1671 1253 1836 1289 est,1D13M
1853 1256 1937 1279 vm.-

1240 1300 1303 1331 ιε]
1326 1300 1424 1330 Rern.

1288 1349 1330 1380 Ut
1358 1350 1386 1379 ei
1411 1348 1524 1389 aliquis
1547 1358 1579 1379 se
1602 1347 1825 1387 summitteret]
1848 1347 1935 1378 Mss.

1241 1400 1304 1430 mei
1321 1403 1355 1430 ut
1375 1399 1403 1429 ez*
1418 1409 1449 1429 se
1464 1399 1544 1429 alius
1557 1409 1663 1429 summ.
1680 1397 1770 1439 quod
1785 1398 1862 1428 mihi
1878 1407 1935 1427 ne-

1239 1451 1307 1482 scio
1318 1450 1482 1491 quomodo
1491 1449 1684 1480 concinnius
1693 1449 1836 1479 videtur.
1847 1449 1935 1480 Mod.

1241 1501 1463 1541 Antiquiores
1480 1500 1570 1540 typis
1587 1499 1739 1538 expressi
1752 1509 1812 1539 pro
1823 1508 1854 1530 se
1868 1499 1937 1529 sub·

1238 1553 1376 1584 mitteret
1406 1551 1533 1581 liabent
1565 1551 1813 1581 submitteretur.-
1846 1548 1935 1590 quod

1239 1614 1352 1636 rursus
1369 1603 1547 1643 genuinum
1573 1607 1667 1642 puto.
1712 1602 1867 1632 Solemne
1883 1604 1937 1632 est

1240 1654 1368 1687 Latinis
1385 1664 1446 1694 pro
1464 1653 1567 1684 verbo
1584 1653 1694 1683 activo
1717 1656 1752 1682 et
1769 1650 1936 1691 pronomi-

1240 1716 1282 1737 ne
1299 1706 1477 1745 reciproco
1499 1704 1547 1735 uti
1565 1703 1666 1734 verbo
1690 1702 1835 1743 passivo.
1877 1701 1934 1732 Sic

1239 1756 1356 1787 dicunt
1371 1757 1379 1771 ‘
1394 1753 1514 1786 lavari'
1533 1763 1605 1794 pro,
1618 1753 1730 1784 lavare
1747 1761 1795 1789 se,
1819 1752 1828 1768 ‘
1840 1760 1937 1782 exer-

1239 1807 1307 1838 ceri
1322 1807 1330 1820 ’
1360 1816 1433 1846 pro,
1460 1814 1622 1836 exercere
1649 1813 1698 1843 se,
1732 1804 1741 1820 ‘
1759 1802 1912 1843 provolvi
1926 1801 1936 1815 ’

1240 1867 1314 1898 pro,
1332 1857 1530 1896 provolvere
1552 1864 1606 1892 se3
1629 1858 1664 1884 et
1679 1851 1813 1883 infinita
1828 1851 1862 1882 id
1879 1860 1936 1892 ge-

1238 1917 1300 1937 nus
1319 1906 1394 1945 alia,
1409 1915 1483 1945 quae
1499 1904 1615 1934 dedita
1631 1912 1735 1942 opera
1751 1902 1784 1932 in
1798 1901 1872 1932 Lib.
1889 1900 1932 1931 de

1241 1956 1381 1988 Latinit.
1401 1956 1503 1994 vulgo
1528 1952 1598 1984 fere
1625 1952 1782 1992 neglecta
1797 1960 1936 1991 conges-

1240 2008 1351 2037 simus.
1394 2005 1472 2037 Jam
1488 2004 1514 2034 si
1528 2004 1560 2034 in
1574 2002 1679 2034 Codd.
1694 2001 1847 2043 quibusd.
1861 2010 1936 2041 pro-

1240 2058 1322 2088 trita
1338 2066 1411 2086 sese
1430 2053 1586 2093 offerant,
1611 2053 1643 2083 in
1670 2052 1742 2082 aliis
1760 2061 1838 2082 vero
1855 2051 1930 2081 abs-

1240 2107 1384 2139 trusiora
1429 2105 1664 2142 observentur,
1711 2101 1825 2142 priora
1859 2100 1931 2131 fere

1240 2160 1400 2196 suspecta
1416 2155 1510 2185 nobis
1526 2157 1616 2191 suut,
1641 2162 1680 2183 ac
1702 2151 1808 2192 primo
1831 2151 1937 2191 expli-

1241 2206 1385 2237 cationis
1400 2214 1502 2236 causa
1519 2204 1550 2233 in
1567 2202 1718 2242 margine
1732 2201 1840 2242 posita
1856 2199 1935 2231 fuis-

1240 2266 1288 2296 se,
1304 2255 1426 2286 deinde
1445 2264 1523 2285 vero
1539 2254 1572 2284 in
1600 2257 1731 2284 textum
1759 2251 1934 2291 irrepsisse

1239 2306 1403 2337 videntur.
1439 2304 1551 2336 Graeci
1566 2312 1698 2343 quoque
1711 2300 1937 2332 ὑποτάσσεσθαι

1239 2355 1344 2387 forma
1373 2355 1506 2396 passiva
1533 2354 1650 2384 dicunt
1673 2363 1734 2393 pro
1750 2351 1938 2383 ὑποτάσσειν

1240 2405 1359 2437 ἑαυτόν.
1404 2405 1569 2444 Dicitque
1587 2404 1726 2434 Grotius
1740 2403 1782 2433 ad
1800 2403 1884 2443 Epli.
1902 2413 1933 2434 v.

1239 2460 1289 2488 21.
1306 2465 1388 2486 sono
1404 2455 1581 2495 passivum,
1597 2454 1656 2484 sed
1671 2463 1770 2484 sensu
1785 2453 1934 2494 recipro-

1239 2517 1314 2538 cum
1340 2505 1421 2536 illud
1449 2514 1532 2535 esse.
1561 2504 1660 2535 Vorst.
1706 2504 1789 2534 Mss.
1814 2503 1934 2543 Modii,

1239 2561 1273 2588 ut
1289 2557 1317 2588 ei
1328 2566 1359 2586 se
1371 2556 1448 2586 alius
1464 2555 1684 2593 summitteret,
1700 2553 1789 2594 quod
1803 2553 1937 2584 concin-

1240 2609 1314 2639 nius
1331 2609 1542 2638 Berueccero
1556 2604 1698 2635 videtur.
1721 2604 1793 2644 Ego
1808 2603 1937 2643 nescio,

1241 2668 1282 2688 an
1297 2667 1359 2688 11011
1373 2660 1514 2696 utraque
1529 2655 1608 2685 lect.
1621 2653 1745 2684 debeat
1760 2653 1934 2693 conjungi,

1239 2708 1302 2738 hoc
1321 2706 1440 2736 modo:
1466 2707 1498 2734 ut
1523 2703 1551 2734 ei
1576 2703 1688 2743 aliquis
1710 2712 1742 2733 se
1764 2703 1844 2734 alius
1864 2702 1935 2734 sub·

1239 2758 1387 2789 mitteret.
1431 2755 1559 2786 Saltem
1576 2753 1688 2785 omnia
1710 2753 1758 2784 sic
1785 2753 1936 2794 planiora

1240 2807 1434 2839 evaderent.
1458 2804 1561 2842 Sches.

1283 2858 1299 2897 ξ
1317 2861 1334 2887 5
1361 2855 1510 2887 Perdicca
1525 2853 1641 2893 censet]
1663 2852 1672 2869 ‘
1684 2853 1831 2885 Censere
1842 2852 1851 2867 '
1867 2863 1933 2885 non

1241 2913 1371 2940 tantum
1389 2904 1622 2946 adjudicium,
1636 2903 1693 2935 scil
1707 2908 1742 2935 et
1760 2903 1801 2935 ad
1821 2904 1934 2935 volun-
