2174 3424
541 342 627 383 694

585 447 661 486 §16
685 446 769 479 Belli
781 449 894 491 socius]
930 450 1032 492 Angl.
1059 464 1126 486 una
1151 465 1235 488 voce

542 497 685 537 auctius,
700 498 727 528 b.
741 508 767 530 s.
786 501 908 533 electus.
930 503 1043 535 Schef.

590 546 769 590 conatibus,
786 550 855 590 ὅπη]
880 552 967 584 Geli.
984 563 1017 585 v.
1034 558 1084 587 10.
1105 555 1115 572 ‘
1132 556 1236 588 Potui

542 597 619 629 huic
647 603 713 630 tuae
740 605 806 631 tam
827 603 970 644 ancipiti
993 607 1142 646 captioni
1171 608 1235 639 isse

543 648 702 681 obviam!
748 651 837 683 Saxo
853 662 933 685 vm.
953 665 987 695 p.
1004 659 1075 688 159.
1088 660 1120 689 4.
1143 658 1152 674 ‘
1167 659 1236 689 Ne-

543 707 708 739 quaquam
726 709 745 730 a
760 711 796 732 se
813 703 980 741 regalibus
1001 705 1162 737 institutis
1179 707 1236 738 ob-

541 748 630 778 viam
668 749 751 781 itum
790 752 883 784 esse!
931 754 1120 796 Hegesipp.
1150 766 1172 788 1.
1203 761 1235 789 6.

542 799 552 815 ‘
570 799 653 831 Quis
678 802 852 834 conatibus
878 804 951 845 ejus
975 806 1112 838 obviare
1137 808 1236 840 aude-

544 853 598 879 ret
610 848 633 879 ?’

587 899 603 938 §
630 901 669 929 17
708 900 761 931 Ex
790 902 912 942 integro
942 904 1051 937 bellum
1080 907 1234 949 instituit]

545 947 667 979 Bellum
677 951 838 983 instituere
850 963 948 994 quam
960 956 1079 986 Latine
1091 957 1236 999 dicatur,

545 997 693 1030 viderint
706 1002 897 1040 peritiores.
943 1006 1027 1036 Mihi
1040 1008 1167 1038 nullum
1179 1008 1237 1039 du-

544 1047 636 1078 bium
663 1049 796 1089 legend.
827 1061 901 1084 esse
925 1064 965 1085 ex
989 1056 1013 1086 i.
1039 1056 1068 1087 b.
1094 1058 1235 1097 instruit,

545 1098 697 1137 quamvis
712 1099 788 1130 libri
805 1103 1002 1134 renitantur.
1033 1105 1113 1145 Sup.
1129 1116 1168 1137 11.
1185 1111 1236 1138 10.

547 1150 556 1162 ‘
573 1146 684 1187 Igitur
698 1150 831 1182 Xerxes
850 1151 972 1184 bellum
990 1164 1009 1185 a
1031 1161 1130 1196 patre
1146 1166 1236 1197 coep·

546 1201 616 1227 tum
654 1199 814 1232 adversus
843 1203 1011 1236 Graeciam
1050 1207 1236 1249 quinquen-

546 1247 634 1278 nium
651 1249 836 1282 instruxit.'
878 1254 942 1285 Est
961 1253 1135 1288 familiaris
1157 1257 1237 1289 Jus-

547 1297 618 1327 tino
634 1297 769 1331 locutio·
803 1300 909 1334 Graev.

995 358 1135 390 NOTAE
1169 361 1434 396 VARIORUM
1467 367 1518 398 ΙΝ

1329 459 1347 499 §
1362 461 1401 490 18
1426 460 1597 502 Cimonem]
1613 462 1717 503 Cujus
1726 463 1832 495 vitam
1844 463 1912 496 vid.
1925 475 1978 507 ap.

1286 508 1378 540 Plut.
1401 515 1436 541 et
1452 511 1611 544 Probum.
1655 513 1708 544 De
1729 523 1769 544 eo
1792 518 1828 545 et
1848 515 1979 547 Herod.

1287 562 1356 589 ext.
1381 559 1438 590 lib.
1454 569 1503 590 vr.
1530 562 1607 592 Val.
1633 562 1683 593 M.
1699 571 1736 593 v.
1751 566 1782 594 3.
1820 564 1978 603 Bongars.

1286 607 1376 641 Add.
1403 610 1590 643 Aristidem
1613 613 1710 644 Orat.
1735 614 1916 647 Platonica.
1935 624 1979 648 11.

1290 658 1388 690 Bern.

1332 709 1406 748 §19
1431 709 1573 750 Patrem]
1595 710 1656 741 Vir
1681 721 1822 752 magnus
1845 713 1880 744 in
1907 724 1979 747 var.

1288 758 1386 790 lectt.
1413 759 1553 790 Auctori
1578 762 1784 793 contrarium
1799 761 1884 794 facit
1908 765 1981 796 De-

1288 809 1509 848 mosthenem,
1524 809 1580 850 qui
1596 818 1663 840 non
1680 811 1785 850 patris
1798 820 1908 852 causa,
1920 812 1980 844 sed

1288 857 1297 874 ‘
1316 857 1360 888 ob
1376 856 1568 889 affectatam
1585 860 1822 900 tyrannidem,’
1837 862 1980 894 mulcta-

1289 911 1360 938 tum
1377 908 1548 939 Cimonem
1564 909 1691 941 scribat
1705 910 1739 941 in
1756 911 1855 944 Orat.
1870 917 1980 946 contr.

1290 957 1547 989 Aristocratem.
1568 959 1758 1001 Utrumque
1770 960 1897 993 factum
1908 973 1982 994 cre-

1289 1005 1344 1046 do,
1354 1006 1413 1037 sed
1424 1007 1566 1038 diversis
1580 1009 1798 1049 temporibus.
1812 1011 1893 1043 vid.
1903 1013 1981 1044 Val.

1289 1056 1339 1087 M.
1358 1065 1391 1087 V.
1407 1060 1439 1087 4.
1452 1060 1483 1088 2.
1502 1058 1579 1089 Ext.
1603 1058 1699 1090 Idem.

1332 1106 1349 1146 ξ
1366 1109 1406 1136 20
1432 1107 1584 1147 Xerxem]
1607 1107 1663 1138 Ad
1679 1109 1983 1151 Eurymedontem,

1291 1155 1391 1196 ὥσπερ
1406 1156 1540 1194 ἀθλητὴς
1554 1157 1658 1196 δεινὸς,
1679 1157 1775 1199 ἡμέρᾳ
1788 1160 1842 1200 μιᾷ
1863 1158 1915 1191 δύο
1930 1171 1982 1192 κα.

1290 1207 1422 1247 θῃρηκὼς
1435 1207 1642 1246 ἀγωνίσματα.
1680 1208 1774 1240 Plut.
1785 1209 1818 1239 in
1832 1210 1984 1242 Cimone.

1289 1258 1369 1289 Vid.
1395 1263 1430 1290 et
1455 1259 1606 1300 Thucyd.
1621 1268 1647 1292 1.
1663 1262 1715 1291 16.
1729 1262 1782 1292 14.
1807 1261 1913 1293 Diod.
1930 1270 1981 1294 ιι.

1289 1310 1342 1339 61.
1364 1308 1468 1348 Bong.

1083 1562 1301 1612 LIBER
1345 1564 1446 1612 III.

591 1699 678 1731 CAP.
694 1709 718 1731 1.
764 1702 780 1742 ξ
799 1704 814 1732 1
840 1703 929 1733 Bello
944 1703 977 1734 in
995 1705 1121 1736 Graecia
1137 1705 1240 1744 infeli-

548 1748 624 1778 citer
636 1750 738 1790 gesto]
763 1752 891 1783 Omnes
917 1755 1052 1786 omnino
1068 1756 1153 1786 Mss.
1172 1762 1240 1788 tam

548 1799 613 1828 mei
652 1810 748 1840 quam
791 1802 967 1843 Bongai·sii
1005 1806 1152 1846 migrant
1187 1807 1241 1838 hic

550 1849 799 1883 Grammaticos
840 1863 999 1894 canones,
1038 1857 1243 1898 habentque,

548 1900 579 1930 in
613 1901 788 1933 Groeciam:
823 1913 885 1935 nec
915 1905 968 1935 hic
1000 1911 1143 1946 tantum,
1172 1908 1244 1947 sed,

550 1951 637 1989 quod
665 1952 728 1982 huc
757 1955 936 1991 reservavi,
963 1956 1064 1986 etiam
1091 1957 1242 1996 proximo

549 2001 722 2040 superiore
739 2002 836 2042 libro,
863 2014 927 2044 quo
944 2005 1018 2035 loco
1035 2011 1086 2036 est
1112 2007 1145 2036 in
1163 2006 1241 2038 edd.

550 2053 559 2066 ‘
579 2052 660 2081 satis
683 2053 808 2083 multos
835 2055 946 2085 hostes
967 2056 1000 2086 in
1019 2056 1154 2087 Graecia
1176 2067 1244 2088 ma-

550 2111 630 2133 nere
657 2102 843 2143 dictitan5,’
877 2105 1031 2137 referunt
1059 2106 1146 2137 eaed.
1172 2113 1242 2147 opt.

549 2153 752 2184 membranae
777 2154 809 2184 in
836 2155 991 2187 Graeciam
1016 2167 1159 2194 manere;
1182 2168 1246 2198 qua

550 2202 658 2242 figura
683 2204 815 2235 dicendi
832 2215 906 2236 cum
933 2212 1063 2238 constet
1080 2208 1179 2238 etiam
1195 2209 1246 2247 ip-

552 2262 624 2283 sum
642 2253 712 2285 Cic.
727 2264 836 2294 usum,
853 2256 968 2297 quidni
985 2267 1058 2288 eam
1083 2267 1140 2288 nos
1165 2268 1246 2299 quo-

550 2313 615 2344 que
631 2305 683 2336 hic
701 2306 939 2339 admittamus?
964 2309 1051 2340 Mod.
1097 2310 1247 2350 Bougar-

552 2355 631 2394 siim,
647 2362 772 2388 ceterae
786 2358 862 2390 edd.
878 2359 911 2389 in
925 2359 1060 2389 Gra’ciu.
1104 2360 1247 2391 Praetuli

553 2405 642 2445 quod
669 2411 719 2437 est
743 2408 775 2437 in
803 2409 885 2439 Mss.
915 2409 1069 2440 omnibus
1095 2416 1129 2440 et
1157 2411 1246 2441 Bon·

552 2455 654 2493 garsii
670 2462 705 2487 et
721 2457 839 2489 Modii.
884 2459 1024 2490 Dictum
1042 2460 1089 2490 ita
1102 2461 1153 2491 vel
1171 2470 1245 2501 pro-

553 2506 624 2545 prie
641 2515 712 2546 pro,
726 2508 886 2539 adversus
899 2509 1090 2541 Graeciam:
1116 2511 1167 2541 vel
1185 2521 1247 2551 per

553 2556 749 2596 antiptosin,
774 2559 881 2598 qualis
897 2564 946 2590 est
966 2570 1019 2600 ap.
1045 2562 1137 2593 Suet.
1155 2560 1244 2602 Aug.

555 2605 606 2636 13.
623 2608 653 2636 3.
675 2607 683 2622 ‘
700 2607 915 2647 Sepulturam
934 2610 966 2640 in
983 2610 1155 2642 volucrum
1172 2611 1244 2643 sore

554 2659 783 2697 potestatem-⁹
827 2660 921 2692 Curt.
937 2671 993 2692 ιιι.
1015 2666 1046 2693 5.
1074 2665 1126 2694 13.
1149 2663 1158 2679 ‘
1177 2663 1244 2694 Da-

555 2708 637 2738 m'um
656 2710 689 2739 in
706 2709 857 2741 Ciliciam
873 2709 945 2742 fore
958 2712 1156 2743 nuntiatur?
1189 2713 1245 2744 Ita

553 2767 644 2797 saepe
670 2759 740 2790 Cic.
769 2760 880 2791 Plaut.
907 2761 983 2791 aiii:
1009 2762 1089 2801 quin
1115 2761 1245 2793 Auctor

553 2807 625 2847 ipse
654 2818 744 2848 supr.
771 2818 810 2840 ιι.
836 2812 886 2841 13.
913 2813 944 2840 6.
983 2812 991 2827 ‘
1008 2811 1095 2841 Satis
1122 2813 1245 2842 multos

554 2856 665 2888 hostes
677 2859 708 2888 in
722 2858 889 2890 Graeciam
903 2869 1037 2891 manere
1048 2860 1208 2891 dictitans
1223 2861 1244 2892 2'

555 2911 593 2936 ut
621 2907 736 2938 volunt
762 2909 843 2940 Mss.
879 2910 1060 2942 Berneccer.
1106 2911 1190 2943 Mss.
1207 2912 1246 2943 In

1299 1707 1466 1738 Groeciam.
1511 1707 1636 1738 Melius
1650 1710 1760 1738 tamen
1773 1709 1807 1738 et
1820 1705 1988 1745 usitatius,

1297 1756 1384 1797 quod
1402 1757 1555 1797 impressi
1574 1767 1642 1798 prae
1656 1767 1692 1788 se
1707 1756 1835 1795 ferunt,
1847 1757 1880 1788 in
1897 1757 1988 1788 Groe-

1295 1807 1353 1838 cia.
1399 1807 1454 1838 Sic
1471 1811 1598 1839 xL11.5.
1611 1806 1666 1838 ubi
1679 1806 1746 1837 vid.
1758 1807 1989 1847 conjecturam

1297 1866 1418 1889 meam.
1451 1857 1561 1888 faber.
1616 1857 1849 1888 Berneccerus
1871 1856 1990 1887 maluit

1296 1907 1329 1937 in
1361 1906 1539 1943 Groeciam‚·
1583 1907 1739 1948 quoniam
1774 1907 1808 1937 in
1838 1906 1991 1938 omnibus

1297 1957 1379 1988 Mss.
1405 1967 1487 1998 quos
1512 1958 1617 1997 Bong.
1641 1961 1677 1987 et
1700 1956 1796 1987 Mod.
1819 1956 1991 1997 viderunt,

1297 2007 1345 2037 ita
1360 2005 1437 2037 fuit.
1483 2007 1545 2038 Est
1567 2011 1680 2037 autem
1705 2006 1739 2036 in
1764 2006 1920 2037 Groeciam
1935 2005 1990 2037 vel

1297 2057 1386 2087 idem
1410 2055 1512 2097 quod,
1540 2056 1700 2087 adversus
1724 2055 1911 2094 Graeciam;
1935 2055 1990 2086 vel

1298 2117 1359 2147 pei·
1377 2106 1564 2147 antiptosin
1586 2116 1660 2147 pro,
1682 2106 1715 2136 in
1731 2105 1884 2137 Graecia:
1909 2115 1990 2147 quo-

1297 2157 1397 2188 modo
1429 2157 1547 2188 dicunt
1581 2159 1590 2174 ‘
1608 2157 1642 2187 in
1669 2160 1875 2196 potestatem
1903 2155 1990 2187 esse’

1298 2217 1371 2247 pro,
1387 2207 1420 2238 in
1438 2211 1610 2248 potestate
1628 2215 1714 2237 esse.
1748 2206 1850 2237 Vorst.
1893 2205 1989 2238 Junt.

1298 2258 1401 2288 habet
1418 2258 1449 2288 in
1468 2257 1605 2288 (ἐνατία.
1629 2256 1743 2288 Graev.

1341 2309 1358 2349 ς
1377 2311 1396 2339 2
1422 2308 1543 2348 Quippe
1565 2307 1752 2346 Artabanus,
1770 2305 1837 2347 ἃς]
1861 2306 1992 2345 Legen-

1299 2358 1360 2389 dus
1380 2357 1486 2389 Diod.
1504 2366 1554 2388 xi.
1569 2360 1623 2388 79.
1640 2362 1676 2388 et
1693 2357 1783 2388 Ctes.
1798 2356 1832 2387 in
1847 2356 1993 2388 Persicis

1301 2409 1467 2448 Excerpt.
1491 2417 1521 2438 c.
1548 2410 1602 2438 29.
1631 2412 1666 2437 et
1689 2416 1781 2447 seqq.
1799 2411 1835 2438 et
1848 2406 1992 2438 Probus.

1300 2459 1366 2491 Qui
1395 2458 1447 2489 hic
1483 2459 1492 2475 ‘
1510 2456 1727 2496 Bacabasus‚’
1756 2456 1818 2487 illis
1851 2457 1860 2473 ‘
1877 2456 1993 2497 Mega·

1300 2507 1428 2549 byzus,’
1453 2507 1591 2539 dicitur.
1615 2511 1623 2523 ¹
1641 2505 1852 2537 Artabanus’
1878 2510 1991 2537 autem

1301 2557 1476 2589 Aristoteli
1491 2566 1524 2588 v.
1550 2557 1593 2588 de
1610 2556 1751 2596 Repubi.
1767 2560 1819 2587 est
1839 2554 1991 2596 Ἀρταπά-

1298 2620 1361 2645 νης.
1395 2608 1550 2647 Bongars.
1603 2606 1727 2638 Ctesiae
1750 2606 1760 2622 ‘
1777 2604 1991 2647 Atrapanus.’

1300 2659 1399 2690 Bern.

1342 2706 1589 2747 Robustissimis]
1619 2707 1790 2747 Respectu
1816 2716 1991 2745 annorum,

1298 2767 1364 2788 non
1391 2758 1510 2788 virium
1541 2758 1593 2788 vei
1620 2757 1763 2788 roboris.
1808 2756 1875 2788 Inf.
1892 2760 1991 2788 xnfi.

1299 2810 1308 2826 ‘
1325 2808 1556 2848 Nonjuvenes
1573 2806 1740 2844 robustos,
1762 2815 1826 2837 nec
1847 2806 1990 2846 primum

1298 2857 1414 2889 florem
1431 2858 1554 2895 aetatis,
1578 2856 1636 2887 sed
1652 2861 1841 2895 veteranos,
1863 2854 1997 2895 elegit-2

1299 2909 1393 2940 Suet.
1423 2907 1507 2938 Ner.
1537 2909 1590 2942 20,
1623 2907 1632 2923 ‘
1659 2904 1816 2946 Quinque
1848 2904 1989 2946 amplius
