2101 3419
593 333 788 364 JUS'rlNI
826 334 918 364 mn.
954 333 1060 363 xlv.
1095 334 1203 364 cAr.
1235 324 1276 365 3.

214 425 312 467 rere,'
336 427 406 459 Cic.
434 427 477 458 de
500 427 586 458 Caes.
607 431 644 458 et
675 427 743 458 alia
769 425 910 458 infinita.

214 477 327 510 Faber.
371 479 495 508 Fateor
521 477 659 507 retineri
687 486 786 517 posse
812 478 910 507 deter-

212 528 287 559 ruit.
331 527 398 559 Sed
414 527 495 558 illud
511 528 642 558 retinuit
669 528 767 566 longe
784 527 838 558 hic
856 531 910 558 est

212 577 405 610 efficacius:
430 582 480 608 est
496 578 585 609 enim
603 578 773 618 proprium
796 577 828 608 in
845 577 909 609 hac

212 639 248 660 re
265 629 417 667 verbum,
433 638 509 660 cum
525 638 571 659 sc.
585 628 729 658 amicum
743 638 762 658 a
777 637 830 659 me
848 628 908 658 ali-

212 678 375 717 eniorem,
389 678 508 718 etjam
523 677 682 708 amicitiae
700 677 908 708 renuntiatu-

212 738 298 767 rum,
313 728 426 769 aliquo
439 727 540 759 officii
552 737 679 768 genere
695 726 773 757 milii
790 736 907 757 recon-

209 778 296 810 cilio.
319 778 398 809 vid.
411 783 508 809 notas
524 787 625 809 meas.
656 777 834 808 Praeterea
848 777 906 817 qui

210 833 347 869 poterat
363 829 434 859 haec
465 838 531 859 vox
556 828 589 858 iu
617 833 766 859 mentem
793 827 907 858 venire

209 879 398 910 editoribus
414 879 525 918 Italis,
544 879 607 910 nisi
629 888 702 909 eam
720 879 751 909 in
769 879 906 918 optimis

208 929 277 959 suis
304 929 507 960 membranis
533 929 758 960 invenissent?
805 930 905 969 Sane,

207 979 234 1009 si
251 979 284 1009 iu
300 979 339 1010 iis
352 979 477 1010 lectum
495 978 615 1010 fuisset
636 980 799 1019 deterruit,
824 989 906 1010 nun-

208 1040 307 1072 quam
326 1030 570 1071 repudiassent.
596 1031 702 1062 Groev.

251 1080 338 1113 Cim.
368 1090 407 1112 Π.
461 1083 513 1122 §2
549 1081 611 1116 Qui
636 1081 751 1121 victus]
791 1082 904 1123 Longe

206 1133 338 1171 melius,
351 1133 509 1173 opinione
525 1143 611 1169 mea,
624 1143 681 1173 quo
694 1143 723 1163 v.
748 1132 861 1165 Schef.

255 1182 363 1213 Victus
388 1183 420 1213 in
450 1183 602 1214 munitum
622 1184 773 1223 quoddam
796 1185 904 1214 castel-

206 1232 285 1272 lum]
324 1233 444 1264 Victus
469 1233 663 1274 proditione
687 1233 902 1274 Apollonidae

208 1281 377 1314 Eumenes
400 1284 526 1314 Noram
552 1282 720 1323 confugit,
735 1284 822 1325 quod
849 1289 904 1315 est

206 1333 382 1364 castellum
392 1333 566 1374 Phrygiae,
578 1338 616 1364 ut
632 1333 766 1364 Probus
778 1344 785 1371 ;
801 1334 902 1364 situm

206 1381 240 1412 in
258 1382 487 1422 Cappadociae
507 1387 543 1413 et
570 1383 752 1422 Lycaoniae
768 1382 902 1422 finibus,

207 1436 246 1462 ut
272 1432 364 1463 Plut.
388 1433 486 1463 Eum.
511 1435 562 1463 18.
585 1432 742 1471 Bongars.
787 1433 901 1464 Strab.

207 1491 274 1514 xit.
298 1493 364 1514 non
388 1484 487 1523 longe
515 1493 535 1514 a
559 1493 610 1523 pr.
635 1483 796 1513 Eumenis
819 1484 902 1515 lianc

207 1533 335 1564 Noram
368 1543 427 1564 suo
465 1539 618 1574 ternpore
653 1533 900 1564 ‘Neroassum’

205 1584 415 1624 appellatum
441 1583 498 1614 ait.
543 1583 633 1614 Add.
659 1583 762 1615 Diod.
793 1593 900 1615 xvm.

204 1637 257 1665 48.
281 1634 381 1665 Rern.

247 1685 264 1725 ξ
281 1687 301 1716 4
327 1685 417 1720 Quod
428 1685 509 1715 solus
522 1694 580 1725 par
593 1683 767 1723 Antigono]
800 1683 901 1725 Angli

203 1735 256 1775 qui
280 1735 369 1766 solus.
413 1734 540 1775 Probo,
566 1739 602 1766 et
626 1736 797 1775 vulgatum
824 1737 902 1776 quod

203 1784 310 1816 habeo
323 1794 386 1825 pro
403 1785 619 1824 glossemate.
643 1784 749 1823 Sclief.

245 1835 378 1867 Auxilia
397 1835 542 1875 Eumeni]
565 1836 783 1874 Plutarchus,
804 1834 901 1866 Anti-

203 1895 290 1927 gono
317 1887 444 1917 Noram
471 1885 659 1925 obsidente,
693 1885 763 1916 vita
785 1895 899 1916 exces-

200 1936 282 1967 sisse
297 1935 521 1976 Antipatrum
545 1939 705 1975 testatur,
729 1935 898 1976 aliamque

200 1987 243 2017 ob
260 1996 394 2018 causam
408 1986 494 2017 hanc
512 1984 615 2016 fuisse
629 1985 798 2016 dimissam
811 1986 898 2017 obsi·

200 2036 344 2068 dionem.
370 2036 418 2067 Id.

243 2087 260 2126 §
275 2089 295 2117 6
319 2086 478 2126 Optimum
492 2085 591 2116 visum
606 2084 666 2124 est]
689 2085 724 2117 J.
742 2085 896 2117 Pricoeus

199 2136 243 2168 ad
267 2135 370 2177 Apul.
387 2146 412 2168 1.
436 2137 486 2168 M.
515 2147 548 2177 p.
565 2140 619 2168 37.
643 2138 726 2178 legit
749 2138 896 2179 optimum

194 2186 315 2226 factum
326 2187 425 2218 visum
437 2190 493 2218 est.
517 2187 625 2218 Gron.

243 2238 260 2278 ς
285 2239 306 2267 8
331 2237 564 2268 commilitones
576 2237 661 2277 suos]
698 2237 895 2270 Alexander

198 2285 274 2327 ipse
291 2286 432 2317 militum
459 2296 596 2317 suorum
620 2288 628 2303 ‘
642 2287 811 2319 alumnum
825 2288 834 2301 ⁷
859 2299 895 2320 se

197 2336 572 2377 ‘commilitonemque'
605 2337 719 2368 dicere
743 2347 808 2368 non
843 2343 896 2370 est

197 2386 337 2417 veritus.
363 2386 458 2417 Curt.
486 2395 539 2417 lx.
566 2389 599 2417 2.
621 2390 675 2418 44.
720 2388 895 2428 Ejusmodi

197 2436 379 2468 blanditias
407 2436 527 2468 tribuit
552 2438 735 2469 Suetonius
767 2439 895 2470 Caesari

195 2497 329 2529 quoque
346 2490 399 2519 67.
416 2491 447 2519 3.
471 2492 508 2519 et
523 2488 644 2519 Galbae
671 2491 724 2520 20.
742 2491 772 2519 1.
819 2490 893 2521 Nec

196 2537 306 2578 ipsum
324 2538 408 2569 adeo
423 2538 627 2579 Augustum,
638 2543 820 2580 antequam
833 2540 893 2571 im-

198 2589 328 2628 perium
345 2589 488 2629 adeptus
503 2593 607 2629 esset,
621 2589 661 2620 iis
678 2589 892 2630 abstinuisse,

197 2642 294 2678 patet
303 2648 345 2669 ex
355 2638 504 2679 Appian.
515 2648 561 2670 ιν.
576 2645 609 2670 et
621 2641 703 2672 v.B.
716 2640 789 2672 Civ.
805 2641 813 2657 ‘
824 2641 891 2671 Sed

197 2692 275 2728 post
291 2688 380 2720 bella
392 2689 504 2721 civilia
519 2689 626 2720 nullos
647 2690 789 2721 militum
802 2701 891 2722 com-

196 2737 363 2770 militones
374 2739 581 2780 appellabat,
595 2740 653 2770 sed
664 2741 807 2771 milites:
825 2751 891 2772 am-

197 2787 351 2820 bitiosius
382 2791 429 2831 [li.
454 2800 485 2821 e.
510 2790 683 2831 blandius]
715 2791 749 2822 id
775 2792 891 2822 existi-

197 2846 305 2878 mans,
328 2849 425 2880 quam
448 2844 507 2871 aut
529 2840 616 2871 ratio
642 2841 809 2881 militaris,
832 2846 890 2873 aut

199 2892 386 2931 temporum
404 2889 510 2930 quiem
535 2895 591 2921 aut
616 2901 676 2922 sua
704 2891 887 2933 domusque

1576 323 1660 364 850

961 436 1027 457 suae
1045 427 1205 467 majestas
1223 426 1437 468 postularet‚'
1462 426 1555 458 Suet.
1569 427 1660 468 Aug.

960 478 1012 506 25.
1031 479 1060 506 l.
1086 477 1184 507 Rern.

1006 527 1097 556 Nunc
1122 527 1328 566 periculorum
1345 532 1376 559 et
1398 539 1522 569 operum
1548 528 1660 559 Orien-

960 577 1084 617 talium]
1125 578 1192 609 Ms.
1215 579 1324 619 Bong.
1346 580 1478 619 periculi
1507 582 1535 609 ct
1558 589 1660 618 opum.

959 627 1120 667 Impressi
1135 628 1340 668 periculorum
1352 632 1381 659 el
1392 639 1524 668 operum.
1540 629 1662 660 Placet

957 677 1086 717 periculi
1113 681 1143 708 et
1169 687 1304 717 operum.
1364 679 1416 708 Ex
1446 688 1569 718 operum
1598 688 1660 717 per

958 727 1195 767 compendium
1213 728 1246 757 in
1263 728 1328 758 Ms.
1342 737 1442 767 opum.
1488 728 1658 758 Caeterum

958 786 1023 807 non
1041 782 1180 817 possunt
1195 787 1285 817 opera
1301 777 1355 808 liic
1368 777 1542 808 commode
1560 778 1658 808 omit-

959 828 995 866 ti,
1015 829 1169 869 qnoniam
1187 828 1240 859 vel
1264 828 1439 869 pra‘cipue
1457 829 1497 859 ad
1522 829 1656 859 landem

957 878 1276 919 Argyraspidaruim
1303 884 1339 910 et
1365 880 1414 910 sic
1439 879 1659 910 obtinendam

957 929 1099 968 gratiam
1132 939 1246 960 eorum
1277 930 1506 970 pertinebant.
1552 929 1656 968 Sclzef.

957 980 1038 1018 Cur,
1069 990 1144 1011 cum
1177 980 1300 1020 saepius
1334 981 1342 997 ‘
1362 979 1474 1011 nunc'
1509 984 1544 1011 et
1579 986 1658 1011 ante

956 1035 992 1060 et
1020 1035 1098 1070 post
1123 1034 1311 1070 repetatur,
1337 1029 1494 1061 omissum
1517 1030 1580 1060 boc
1605 1034 1658 1060 est

955 1084 1034 1110 ante
1059 1080 1263 1120 periculorum
1297 1080 1507 1111 Orientalium
1535 1079 1657 1111 socios?

956 1130 1106 1170 Reposui
1123 1130 1156 1160 id
1174 1140 1214 1160 ex
1228 1130 1383 1168 Juntina,
1397 1131 1511 1162 addito
1525 1141 1566 1162 ex
1578 1132 1655 1164 ead.

956 1181 1123 1212 vocabulo
1149 1191 1285 1221 operum,
1314 1182 1399 1222 quod
1431 1182 1463 1213 in
1490 1183 1656 1214 nonnullis

953 1241 1086 1272 quoque
1103 1233 1185 1262 Mss.
1200 1232 1356 1272 liabetur,
1372 1237 1409 1263 ut
1433 1232 1557 1265 Scheff.
1575 1243 1656 1275 quo-

955 1292 1019 1324 que
1037 1283 1120 1313 vidit
1137 1287 1172 1314 ct
1191 1283 1361 1323 probavit.
1388 1284 1495 1315 Graev.

996 1334 1013 1373 ᾗ
1028 1336 1066 1363 12
1082 1334 1245 1364 Paulatim
1257 1333 1432 1374 imperium,
1443 1334 1514 1375 ὅκῃ]
1536 1335 1655 1366 Tacito

953 1392 977 1414 1.
1006 1386 1037 1414 2.
1067 1383 1130 1414 hoc
1159 1388 1212 1415 est
1240 1384 1249 1400 ‘
1268 1385 1429 1424 paulatim
1459 1385 1655 1426 insurgere!

952 1434 1051 1464 Bern.

1000 1484 1156 1524 Usurpat:
1178 1486 1274 1528 m'hz'l]
1318 1488 1402 1519 Mss.
1428 1488 1556 1520 habeut
1582 1500 1653 1520 usu-

952 1534 1031 1564 rz'am
1053 1535 1143 1574 nillil,
1174 1538 1226 1567 vel
1253 1539 1340 1569 usuri
1367 1548 1419 1576 an,
1447 1539 1498 1569 vel
1526 1540 1653 1579 uspiam.

953 1584 1004 1614 Ex
1029 1585 1149 1625 quibus
1172 1588 1326 1618 omnibus
1356 1594 1510 1620 constare
1539 1594 1653 1630 potest

952 1644 1064 1666 veram
1081 1636 1149 1676 huj.
1167 1638 1347 1669 lectionem
1364 1648 1438 1669 esse
1460 1639 1567 1670 blande
1589 1650 1654 1670 cor-

951 1684 1079 1724 rigendo
1104 1691 1243 1727 usurpat.
1287 1689 1361 1718 Jam
1377 1689 1456 1719 nihil
1477 1690 1509 1720 in
1528 1691 1651 1722 castris.

951 1734 1114 1772 Illudjam
1131 1737 1230 1768 valde
1247 1738 1382 1778 elegans
1396 1743 1430 1770 et
1443 1747 1649 1780 oportunum

951 1789 1015 1816 est.
1040 1786 1143 1823 Sclcef.

993 1835 1152 1868 CAP.111.
1180 1838 1197 1877 ᾧ
1226 1840 1241 1868 1
1263 1838 1367 1880 Esset,
1387 1841 1539 1880 compellit
1555 1850 1603 1871 eos
1619 1842 1652 1872 in

949 1886 1059 1926 aciem]
1094 1887 1254 1929 Plerique
1283 1890 1361 1920 Mss.
1396 1901 1437 1922 ex
1474 1892 1536 1933 eis,
1566 1902 1649 1934 quos

950 1938 1114 1968 tractavit
1150 1939 1258 1979 Bong.
1288 1940 1413 1972 habent
1439 1943 1537 1982 pellit.
1581 1944 1648 1974 Vix

949 1986 1069 2018 dubito
1088 1988 1166 2028 quin
1192 1999 1274 2020 vera
1295 1991 1374 2022 lect,
1393 1992 1441 2023 sic
1464 2003 1499 2023 se
1523 1993 1648 2025 habue-

948 2037 1012 2067 rit:
1036 2041 1123 2069 uuut.
1148 2042 1237 2079 esset,
1267 2040 1360 2072 etiam
1384 2044 1472 2083 pellit
1495 2044 1528 2074 iu
1551 2046 1649 2076 aciem

947 2088 1135 2120 descendere.
1180 2090 1287 2122 Valde
1310 2093 1501 2133 emphatica
1518 2095 1571 2127 hic
1595 2102 1649 2128 est

947 2138 1143 2179 conjunctio
1160 2140 1266 2181 eliam,
1288 2146 1325 2174 ut
1347 2150 1512 2184 appareat
1525 2147 1646 2178 Eume-

947 2189 998 2219 nis
1015 2199 1144 2221 summa
1168 2193 1354 2224 auctoritas
1371 2205 1425 2236 ap.
1444 2196 1648 2239 Argyraspi-

947 2239 1017 2278 das,
1033 2240 1212 2283 locnmque
1229 2243 1316 2274 hune
1330 2245 1466 2286 egregie
1487 2247 1646 2280 illustrat.

946 2289 1130 2321 Perierunt
1146 2296 1260 2323 autem
1275 2302 1317 2324 ex
1341 2303 1380 2325 ea
1397 2296 1504 2335 primo
1518 2297 1644 2329 litterae

946 2339 1091 2371 initiales
1115 2341 1190 2372 duae
1216 2348 1359 2383 propter
1391 2345 1645 2379 similitudinem

946 2390 1228 2430 praecedentium,
1268 2398 1348 2432 post
1378 2403 1420 2425 ex
1450 2397 1520 2434 jam
1554 2399 1645 2437 pellit

946 2444 1074 2470 temere
1084 2440 1216 2481 junctis
1228 2442 1270 2473 ab
1281 2444 1498 2477 emendatore
1513 2446 1643 2479 factum

945 2495 997 2522 est
1013 2493 1180 2532 compellit.
1206 2493 1321 2525 Schef.

986 2544 1005 2572 2
1034 2543 1050 2581 ξ
1073 2542 1160 2573 Dum
1175 2544 1262 2574 ducis
1279 2544 1408 2585 imperia
1431 2548 1641 2588 contemnunt]

942 2591 951 2608 ‘
971 2593 1057 2623 Nam
1072 2602 1136 2622 non
1155 2603 1276 2633 parere
1291 2604 1326 2625 se
1339 2595 1492 2637 ducibus,
1507 2599 1565 2629 sed
1583 2599 1641 2629 lm-

944 2651 1062 2683 perare
1077 2643 1295 2682 postulabant
1307 2644 1328 2674 :'
1345 2645 1487 2679 Probus.
1510 2648 1639 2681 Deliae

943 2700 1059 2731 pugna
1085 2691 1153 2723 vid.
1177 2692 1278 2723 Diod.
1294 2701 1371 2725 X1x.
1395 2698 1448 2726 42.
1488 2697 1582 2729 Plut.
1603 2702 1640 2730 et

944 2741 1103 2772 Probum.
1138 2741 1258 2772 Victus
1274 2746 1326 2773 est
1340 2748 1453 2776 autem
1471 2746 1639 2779 Eumenes

942 2792 1013 2822 solo
1048 2791 1215 2832 equitatu,
1251 2802 1327 2823 cnm
1373 2796 1498 2827 ceteris
1533 2798 1639 2838 copiis

943 2841 1095 2882 superior
1107 2846 1207 2873 esset.
1245 2843 1351 2882 Bong.

985 2893 1036 2932 §3
1066 2892 1174 2932 Longa
1197 2892 1329 2933 militia]
1366 2894 1531 2938 Praefero,
1547 2898 1635 2939 quod
