2101 3419
467 366 722 397 RECENsus
758 367 1039 398 12n1r1oNUM
1072 367 1286 398 JUSTlNl.
1490 357 1601 398 1047

157 464 352 502 clarissimi
372 465 652 515 epithomatum
686 465 723 502 in
751 465 870 515 Trogi
891 465 1049 515 Pompei
1070 463 1248 502 historias
1266 464 1364 502 liber
1386 474 1542 502 XL1111.
1563 470 1604 502 et

158 528 313 565 ultimus
332 528 494 566 feliciter
513 527 625 566 finit.'
682 527 764 565 Fol.
786 534 850 566 38.
872 527 1035 577 legitur:
1068 531 1078 547 ‘
1100 527 1161 564 Ad
1182 526 1426 576 magnificum
1449 528 1601 564 Petrum

158 592 322 630 Mariam
341 593 518 630 Rubeum
540 593 783 629 Parmensem
819 585 990 640 Philippi
1022 589 1199 627 Beroaldi
1229 590 1474 627 Bononiensis
1493 590 1600 639 Epis-

157 654 235 691 tola
251 657 276 699 ς’
303 660 392 704 post
422 654 534 704 cujus
558 654 670 692 finem
691 654 823 691 eadem
843 653 983 703 pagina
1002 653 1046 690 L.
1068 652 1169 690 Flori
1189 658 1387 702 gestorum
1407 653 1603 690 Romano-

156 729 239 753 rum
259 717 454 767 epithoma
476 717 624 766 incipit.
681 718 724 754 In
745 717 820 754 fine
842 717 967 754 Flori:

317 781 444 817 Aurea
462 780 484 817 J
489 779 602 818 ustini
623 779 796 829 Lucique
816 779 1055 828 epithomata
1075 777 1160 815 flori

368 843 458 879 AEre
478 842 548 880 tibi
568 842 718 879 modico
739 841 906 879 candide
924 841 1048 878 lector
1066 853 1164 878 eme.

316 904 520 942 contrahit
538 905 610 942 iste
628 904 709 942 Titi
723 917 924 941 numerosa
939 903 1136 940 volumina
1156 902 1253 940 Livi.

370 967 544 1018 Pompeii
563 968 741 1006 historias
762 967 908 1016 colligit
926 967 990 1004 ille
1009 965 1145 1016 Trogi.

317 1030 444 1074 Quam
466 1030 563 1068 bene
582 1029 806 1079 conjuncti:
838 1041 978 1079 nempe
998 1028 1060 1066 hic
1082 1028 1147 1065 ubi
1167 1027 1334 1066 desiuit:
1366 1028 1427 1065 ille

369 1091 534 1142 Incipit:
565 1098 684 1142 atque
706 1105 821 1130 unum
843 1105 942 1143 pene
961 1091 1117 1130 uidetur
1137 1104 1248 1141 opus.

318 1153 404 1192 Rite
423 1155 646 1204 recognovit
666 1167 765 1205 quos
784 1154 1016 1193 Justinianus
1037 1153 1087 1192 ad
1109 1166 1277 1205 unguem

366 1217 578 1255 Romanus.
610 1218 716 1256 Felix
737 1217 861 1255 lector
881 1218 1002 1254 amice
1021 1217 1131 1254 Vale.

161 1280 170 1297 ‘
191 1277 374 1316 Venetiis.
404 1289 456 1316 M.
477 1289 733 1318 ccccxcvu.
753 1279 814 1316 die
835 1289 940 1317 v111.
961 1278 1209 1316 nouembris!
1235 1278 1330 1327 (sine
1363 1277 1516 1315 nomine
1546 1283 1605 1328 ty-

160 1341 288 1390 pogr.)
341 1342 439 1379 Haec
472 1343 616 1392 excipit
636 1342 809 1393 Epistola.
829 1342 1011 1381 Sabellici
1032 1342 1080 1379 ad
1102 1342 1387 1379 Contarenum:
1421 1346 1431 1361 ‘
1451 1340 1606 1378 Marcus

160 1403 351 1442 Antonius
372 1405 586 1443 Sabellicus
605 1407 666 1443 Jo.
696 1406 884 1443 Matthaeo
918 1406 1134 1444 Contareno
1153 1405 1234 1442 viro
1254 1404 1411 1454 patritio
1431 1403 1607 1441 salutem.

162 1467 388 1518 Recognovi
419 1468 477 1505 his
511 1468 643 1517 paucis
678 1468 817 1506 diebus
847 1468 1010 1507 Justini:
1040 1474 1079 1506 et
1110 1467 1219 1505 Lucii
1249 1466 1349 1504 Flori
1377 1466 1607 1516 Epitomen:

163 1530 324 1581 Fuitque
345 1544 390 1569 ea
407 1531 501 1568 mihi
529 1531 644 1569 lectio
674 1544 811 1581 parum
833 1530 1025 1581 jucunda,
1054 1542 1130 1567 non
1166 1529 1257 1579 quia
1285 1542 1360 1566 non
1381 1534 1543 1578 uterque
1564 1528 1610 1566 sit

161 1594 361 1632 amabilis:
389 1599 429 1632 et
448 1600 491 1632 ut
510 1594 573 1633 hic
593 1608 639 1633 ex
660 1595 754 1633 Livii
775 1594 975 1643 majestate
996 1593 1158 1631 multum
1188 1591 1354 1629 referens
1372 1605 1381 1629 :
1413 1591 1464 1628 ita
1482 1591 1543 1628 ille
1562 1604 1609 1627 ex

161 1656 281 1705 Trogi
310 1656 508 1705 gravitate.
565 1659 705 1694 Verum
737 1669 902 1694 romanae
919 1670 928 1694 ε
962 1655 1257 1704 Peregrinaeque
1289 1653 1457 1692 historiae
1478 1653 1611 1703 imagi-

162 1730 251 1755 nem
279 1719 383 1756 velut
409 1718 559 1768 duplici
588 1719 728 1756 tabella
759 1719 918 1756 intuitus
938 1730 1014 1755 non
1036 1718 1115 1755 sine
1136 1717 1270 1755 dolore
1290 1716 1406 1754 animi
1427 1716 1611 1754 admone-

165 1782 259 1819 bar:
293 1786 480 1830 quantum
501 1780 539 1817 in
560 1781 713 1818 duobus
734 1780 838 1826 viris,
863 1793 1026 1829 quorum
1042 1779 1081 1817 hi
1100 1779 1331 1817 lineamenta
1351 1779 1475 1817 verius
1494 1793 1610 1829 quam

164 1847 299 1893 typum
321 1855 571 1893 expressere:
600 1843 767 1881 amiserit
788 1843 1009 1893 posteritas.
1065 1843 1257 1880 Caeterum
1278 1841 1309 1879 si
1328 1841 1494 1879 fatorum
1512 1842 1611 1879 invi-

163 1905 227 1942 dia
244 1918 290 1943 ea
308 1905 381 1944 fuit
401 1911 443 1944 ut
460 1911 568 1944 tanta
587 1906 786 1944 hominum
819 1906 948 1944 indole
982 1907 1199 1944 necessario
1229 1916 1474 1943 careremus:
1505 1904 1610 1941 haud

164 1968 327 2019 vulgaris
348 1969 468 2019 gratia
485 1968 651 2007 debetur
669 1969 753 2007 his:
784 1981 853 2019 per
887 1981 982 2019 quos
1011 1968 1166 2006 demum
1194 1967 1396 2006 consecuti
1415 1979 1548 2004 sumus
1568 1973 1612 2004 ut

164 2031 291 2068 sinon
311 2043 476 2081 corpus:
506 2031 710 2081 imaginem
742 2031 875 2070 saltem
907 2037 1097 2069 tantarum
1129 2031 1439 2069 lucubrationum
1462 2037 1613 2068 tenere-

164 2105 275 2131 mus:
305 2105 541 2143 quamquam
571 2094 685 2143 (proh
705 2093 831 2141 dolor)
851 2107 897 2132 ne
918 2094 1016 2132 hanc
1037 2093 1193 2143 quidem
1217 2094 1393 2132 umbram
1413 2093 1485 2130 nisi
1507 2105 1610 2130 men-

165 2155 325 2194 dosam:
355 2155 531 2194 claudam
548 2170 556 2195 :
589 2162 628 2194 et
659 2163 881 2207 corruptam
899 2171 908 2196 :
937 2158 1178 2196 librariorum
1213 2157 1293 2195 sive
1325 2156 1501 2194 inscitia:
1533 2156 1612 2194 sive

165 2218 311 2256 incuria
342 2218 393 2257 ad
426 2225 603 2269 posteros
635 2220 851 2258 transmisit.
910 2221 1000 2258 Scio
1031 2233 1104 2271 ego
1135 2220 1259 2258 virum
1289 2219 1410 2257 nostri
1431 2219 1614 2269 temporis

166 2280 318 2330 ingenio
333 2287 372 2319 et
388 2281 603 2320 eruditione
634 2280 832 2319 florentem
863 2281 1112 2331 [Beroaldum
1135 2283 1322 2320 seniorem
1343 2281 1455 2330 dicit]
1475 2281 1512 2318 in
1535 2281 1611 2318 hoe

167 2343 330 2380 multum
349 2355 478 2392 operae
497 2343 735 2388 adhibuisse,
762 2350 805 2381 ut
840 2344 972 2381 Florus
993 2344 1073 2393 ipse
1093 2357 1209 2393 quam
1230 2344 1537 2382 emendatissime
1558 2345 1613 2382 le-

168 2410 344 2455 geretur:
374 2405 441 2443 sed
462 2406 522 2443 vel
538 2418 608 2443 suo
626 2406 742 2456 ipsius
757 2406 934 2454 judicio:
965 2407 1024 2444 vel
1045 2407 1148 2456 quod
1171 2407 1290 2456 magis
1312 2406 1427 2444 credo
1447 2406 1610 2444 librariae

168 2466 331 2504 officinae
351 2467 444 2505 vitio
464 2480 598 2517 parum
619 2469 723 2517 quod
755 2469 875 2506 voluit
908 2469 1058 2507 effecit:
1091 2469 1206 2513 Quod
1227 2475 1267 2506 tu
1288 2469 1344 2506 vir
1361 2468 1612 2506 eruditissime

167 2530 220 2567 ita
235 2542 315 2568 esse
335 2530 449 2567 facile
468 2531 753 2580 deprehendes:
784 2531 816 2567 si
837 2531 1003 2569 recentia
1018 2532 1249 2581 exemplaria
1269 2531 1356 2578 (nisi
1371 2544 1442 2581 ego
1455 2543 1612 2581 quoque

168 2593 253 2643 pari
273 2592 408 2630 fraude
437 2606 521 2631 sum
550 2594 755 2644 deceptus)
783 2607 872 2631 cum
904 2593 1094 2632 veteribus
1127 2593 1200 2631 illis
1230 2594 1451 2631 contuleris.
1506 2593 1614 2630 Nihil

168 2656 269 2693 enim
288 2655 393 2705 quod
412 2656 461 2694 ad
477 2669 561 2695 eam
580 2657 875 2707 recognitionem
890 2657 1091 2694 attineret:
1123 2668 1210 2706 quae
1223 2655 1507 2705 diligentissima
1528 2668 1612 2693 esse

168 2717 318 2766 potuit:
348 2730 371 2755 a
399 2731 460 2756 me
493 2718 793 2768 praetermissum
824 2725 920 2769 puto
938 2732 946 2755 z
986 2731 1057 2756 nec
1091 2718 1281 2756 Antonius
1316 2719 1529 2763 Moretus,*
1557 2718 1613 2755 vir

171 2792 319 2817 summa
338 2780 530 2830 diligentia
548 2794 556 2818 ε
586 2794 631 2818 ac
651 2794 767 2831 supra
788 2793 902 2831 quam
923 2781 1002 2818 dici
1028 2781 1153 2830 possit
1176 2786 1380 2818 accuratus
1398 2794 1407 2819 ε
1436 2780 1613 2831 gerendae

172 2841 226 2879 rei
244 2841 390 2881 defuit:
421 2843 486 2882 secl
508 2844 560 2883 sic
581 2857 652 2895 ego
673 2844 823 2883 evenire
853 2844 1037 2883 arbitror:
1069 2850 1110 2882 ut
1138 2844 1229 2881 nihil
1257 2843 1362 2893 quod
1397 2857 1418 2881 a
1448 2843 1610 2881 nolenti-
