2101 3419
444 332 556 374 1066
730 344 988 375 RECENsus
1023 344 1301 375 EnlrioNUM
1334 345 1549 377 JUSTINI.

443 443 618 489 multum,
657 456 745 481 cum
767 443 804 481 in
825 457 872 481 ea
891 443 1111 494 diligentius
1133 445 1368 494 praestiterit,
1385 459 1471 496 quae
1497 447 1533 484 in
1555 447 1619 485 illa
1639 448 1888 499 negligentius

442 514 586 559 egerat.
621 507 942 545 Praefi1tio11is11ae
973 508 1090 558 priori
1121 509 1275 547 addidit
1303 510 1545 557 curatiorem,
1577 518 1614 548 et
1648 512 1776 550 Codd.
1809 515 1890 560 (vl.

444 571 774 621 Lugdunensium,
811 582 853 609 v.
892 572 1209 622 Anghcanorum,
1237 579 1276 610 et
1305 573 1418 611 trium
1451 574 1692 622 Italicorum)
1731 583 1769 614 et
1798 582 1891 614 vett.

445 634 538 672 edd.
576 635 870 685 descriptionem
889 650 897 673 :
937 644 1017 674 tum
1055 643 1197 688 praeter
1233 637 1480 675 Graevianam
1515 644 1554 676 et
1593 639 1894 677 Schefferianam

446 698 559 749 praef.
582 699 695 737 etiam
738 699 823 737 illas
860 700 1055 746 Glareani‚
1090 701 1302 752 Bongarsii‚
1341 701 1478 747 Modii‚
1514 703 1757 749 Bernecceri,
1790 704 1892 740 Box-

447 763 585 808 hornii,
610 763 747 809 Vossii,
778 764 905 809 Fabri,
935 765 1095 811 vorstii,
1121 772 1160 803 et
1179 765 1242 803 ed.
1263 766 1392 803 Oxou.
1419 765 1534 804 1684.
1563 766 1747 816 subjecit.
1781 766 1895 804 Com-

447 826 643 864 mentariis
662 827 851 876 prioribus
885 841 1082 866 accessere
1112 829 1229 866 Henr.
1253 829 1433 867 Glareani
1464 835 1567 867 notae
1585 835 1792 880 excerptae.
1829 829 1896 879 Ip-

449 889 526 927 sius
546 890 704 928 editoris
734 898 863 929 autem
894 905 996 930 curae
1029 892 1197 943 propriae
1230 893 1342 943 louge
1372 893 1563 930 auctiores
1587 905 1657 943 pro
1687 899 1799 931 aetate
1827 892 1897 931 viri

448 962 487 990 et
507 954 757 1003 amplioribus
777 954 966 993 doctrinae
985 955 1263 1001 instrumentis,
1297 956 1438 1006 quibus
1465 955 1627 1005 adjutus
1647 955 1733 994 fuit.
1773 956 1897 994 Index

451 1029 607 1067 quoque
624 1018 732 1055 novis
751 1018 851 1056 curis
872 1018 1078 1069 perfectior
1098 1019 1232 1056 evasit.

503 1103 556 1107 -—
569 1080 731 1118 Parisiis.
753 1081 811 1120 16.
826 1082 967 1120 Justini
979 1081 1236 1119 Historiarum
1250 1094 1296 1118 ex
1312 1081 1444 1132 Trogo
1457 1081 1639 1132 Pompeio
1654 1082 1759 1120 Libri
1772 1094 1898 1120 XLIV.

452 1144 550 1181 Cum
565 1144 738 1195 Prologis
755 1146 804 1183 ab
824 1145 1086 1183 eruditissimo
1102 1145 1257 1183 Abbate
1270 1145 1319 1182 de
1335 1146 1563 1196 Louguerue
1583 1147 1794 1185 emendatis
1816 1148 1900 1185 No-

451 1208 573 1257 lisque
586 1208 796 1247 illustratis.
826 1209 955 1246 Editio
975 1209 1193 1254 novissima,
1212 1209 1261 1246 ab
1282 1209 1385 1246 omni
1403 1210 1661 1249 obscoenitate
1690 1218 1901 1262 expurgata

453 1284 473 1307 a
488 1271 537 1307 D.
560 1272 612 1309 G.
634 1285 679 1309 ex
695 1273 966 1310 Universitate.
997 1272 1168 1317 Parisiis,
1188 1272 1291 1323 apud
1313 1273 1475 1310 Paulum
1494 1274 1722 1325 Dionysium
1744 1276 1902 1314 Brocas.

509 1340 611 1378 1770
640 1336 805 1374 Parisiis.
830 1343 889 1375 12.
911 1350 974 1387 ap.
995 1337 1057 1374 Jo.
1080 1337 1248 1374 Barbou.

506 1421 557 1425 —
579 1399 691 1437 Halae
714 1399 898 1449 Magdeb.
923 1406 984 1439 12.
1007 1399 1189 1450 impensis
1209 1400 1570 1451 Orphanotrophei.

508 1486 560 1490 —
581 1463 759 1501 Londiui.
792 1469 853 1503 12.
873 1478 920 1502 ex
940 1463 1002 1501 ed.
1025 1464 1146 1501 Mich.
1169 1463 1378 1502 Maittaire.

513 1532 611 1570 1772
642 1527 821 1565 Loudini.
845 1534 880 1566 8.
902 1541 991 1565 cum
1014 1527 1186 1566 versione
1207 1527 1368 1577 Anglica
1387 1528 1449 1566 Jo.
1472 1528 1621 1567 Clarke.

516 1596 613 1635 1775
644 1592 923 1642 Norimbergae.
947 1598 982 1630 8.
1003 1591 1092 1628 min.
1113 1605 1158 1629 ex
1180 1591 1283 1629 offic.
1304 1592 1450 1642 Riegel.

515 1661 613 1698 1778
645 1656 873 1706 Moguutiae.
914 1662 949 1694 8.
995 1655 1137 1694 Justiui
1173 1656 1417 1693 historiarum
1460 1657 1565 1695 Libri
1596 1669 1724 1697 XLIV.
1765 1659 1907 1698 scholis

457 1719 755 1757 accommodati.
813 1720 1041 1769 Moguutiae,
1065 1720 1281 1770 sumptibus
1304 1721 1505 1771 Gymnasii
1526 1722 1763 1761 Electoralis.

515 1788 615 1826 1780
645 1783 755 1820 Halae
779 1783 910 1833 Magd.
938 1790 996 1822 12.
1019 1783 1202 1833 impensis
1225 1784 1584 1835 Orphauotrophei.
1606 1786 1735 1824 Editio
1757 1798 1827 1825 111.

515 1852 610 1888 1781
646 1847 845 1885 F11ldae.s.

518 1916 617 1952 1784
649 1911 816 1960 Biponti.
850 1917 884 1948 ὃ.
903 1911 996 1960 maj.
1014 1909 1148 1948 studiis
1166 1911 1370 1950 Societatis
1392 1911 1622 1962 Bipontiuae.
1654 1913 1711 1950 Ex
1727 1919 1909 1964 typogra-

459 1973 551 2021 phia
571 1973 787 2011 societatis.

519 2042 620 2081 1790
651 2036 875 2075 Manhemii.
896 2037 1112 2075 12.Jus1ini
1132 2037 1298 2075 historiae
1320 2038 1542 2089 Philippicae
1569 2046 1608 2077 et
1630 2040 1744 2077 totius
1762 2041 1910 2087 mundi,

463 2100 673 2136 secuudum
696 2101 863 2149 optimas
885 2101 1187 2151 novissimasque
1199 2102 1404 2140 editiones.

515 2186 566 2189 —
587 2164 837 2214 Wirceburgi.
863 2170 897 2202 8.
920 2165 1230 2203 Chrestomathia
1259 2166 1486 2213 Justiniana,
1518 2167 1556 2204 in
1587 2180 1697 2205 usum
1729 2168 1911 2208 studiosae

457 2226 686 2275 juventutis.

523 2296 618 2335 1793
650 2292 878 2342 Lemgoviae.
903 2297 935 2330 8.
958 2293 1131 2330 Justinus
1148 2307 1236 2331 zum
1264 2295 1473 2332 Gebrauch
1495 2294 1562 2333 der
1589 2302 1716 2333 ersten
1754 2296 1911 2334 Anfaeu-

465 2367 543 2403 ger,
566 2355 635 2391 mir
668 2355 812 2392 kurzen
847 2356 1100 2394 historischen
1129 2357 1204 2394 und
1238 2358 1561 2408 grammatischen
1592 2358 1912 2409 Armoerkungen,

467 2418 537 2455 wie
570 2420 670 2456 auch
703 2422 770 2457 mit
801 2420 923 2458 ciuem
964 2421 1232 2460 Woerterbuch
1269 2423 1450 2460 versehen
1480 2437 1553 2461 von
1588 2425 1735 2463 Albert.
1770 2426 1913 2464 Christ.

469 2482 683 2520 Meiuecke.
724 2485 878 2533 LcmgQ
901 2485 950 2522 im
970 2485 1132 2536 Verlage
1165 2487 1233 2524 der
1265 2488 1506 2526 Meierschen
1539 2489 1914 2545 Buchhandlung.—

469 2545 639 2584 Lexicou
661 2549 863 2598 separatim
885 2549 995 2586 etiam
1013 2550 1155 2599 prodiit
1176 2551 1272 2589 ibid.
1301 2557 1411 2597 1794.
1436 2559 1470 2591 8.

894 2657 1493 2715 VERSIONES.

969 2802 1228 2841 PORTUGA
1238 2804 1405 2841 LLICA.

532 2872 630 2913 1726
659 2873 809 2911 justino
832 2875 1026 2921 Lusitano,
1049 2876 1287 2926 por'l*1·oillo
1317 2876 1364 2915 de
1392 2878 1664 2917 Vasconccllos
1695 2879 1744 2917 da
1765 2878 1913 2918 Cuuha.

477 2934 625 2972 Lisbou.
650 2937 730 2974 Ful.
