2101 3419
411 340 496 382 894

409 444 468 474 illa
489 442 610 482 verba,
625 453 644 475 a
667 442 949 483 regejubebantur‚
965 447 1003 475 ut
1031 443 1126 484 inep-

412 497 484 524 tum
509 493 674 534 glossema
695 493 923 534 expungenda
941 493 1109 533 videntur,

411 543 673 584 legendumque,
702 543 795 574 Poenz'
822 543 971 574 humanas
994 543 1109 575 hostias

410 593 580 633 immolare,
594 597 624 624 et
634 594 746 625 canina
764 594 845 625 vesci
858 594 1107 636 prohibebantur,

409 647 657 685 mortuorumque
682 654 808 685 corpora
831 654 965 676 cremare
991 647 1107 686 potius,

408 704 500 734 quam
523 698 607 725 terra
629 695 764 726 obruere.
807 695 885 726 Vid.
910 699 1008 727 notas
1033 696 1106 737 ejus

409 744 453 775 ad
471 746 567 776 Curt.
584 754 641 776 111.
659 748 710 777 12.
727 748 779 777 15.
812 746 915 777 Vorst.

452 797 469 836 ς
501 798 540 826 13
566 796 685 835 Cupide
702 796 849 836 paruere]
882 797 938 827 De
952 796 1104 827 humanis

408 849 522 876 tamen
540 845 712 877 sacrificiis
732 846 765 877 id
783 850 885 886 negat
903 846 998 878 Curt.
1012 856 1060 878 1v.
1072 849 1104 879 3.

408 897 462 927 39.
498 895 556 926 ubi
591 896 601 913 ‘
624 895 835 936 sacrilegium
864 896 950 934 hoc‚’
982 896 1104 937 inquit,

406 946 415 962 ‘
435 945 545 976 verius
570 955 668 986 quam
689 956 820 977 sacrum
846 946 1102 986 Carthaginien-

404 1004 470 1034 seS,
488 1005 507 1026 a
523 995 753 1026 conditoribus
773 995 912 1036 [Tyriis]
930 996 1101 1035 traditum,

405 1054 510 1086 usque
535 1045 576 1076 ad
593 1045 763 1076 excidium
780 1046 870 1077 urbis
887 1056 955 1077 suae
978 1045 1100 1078 fecisse

403 1093 588 1126 dicuntur.'
626 1095 700 1125 Nisi
723 1094 745 1127 f.
760 1095 862 1136 idem,
885 1095 974 1136 qnod
999 1096 1098 1128 modo

401 1144 444 1175 de
455 1145 662 1175 crematione
677 1145 947 1185 suspicabamur,
959 1146 1014 1177 hic
1030 1145 1098 1177 dici

400 1196 523 1235 possit,
537 1196 619 1226 illud
645 1196 872 1227 intermissum
895 1196 938 1227 ad
954 1201 1098 1238 tempus,

400 1246 486 1276 etin
501 1256 597 1276 usum
625 1251 743 1286 postea
765 1250 982 1278 revocatum:
1007 1248 1096 1288 quod

397 1296 509 1336 ipsum
547 1296 650 1326 etiarn
687 1295 759 1327 fere
790 1297 899 1337 Tyriis
935 1297 1096 1330 accidisse

400 1346 495 1377 Curt.
537 1346 616 1377 ibid.
662 1345 816 1377 affirmat.
889 1347 1094 1379 Tertullian.

396 1393 544 1434 Apolog.
570 1399 600 1426 8.
637 1396 767 1436 scribit,
796 1396 1094 1437 Carthaginienses

394 1445 592 1485 principatu
621 1446 746 1477 Tiberii
770 1445 874 1477 fuisse
905 1448 1094 1487 prohibitos

393 1494 428 1524 id
445 1493 573 1533 facere,
597 1495 767 1527 crucifixis
783 1496 884 1526 etiam
908 1497 1092 1529 sacerdoti-

392 1543 473 1576 bus:
497 1545 710 1576 nihilominus
723 1550 835 1576 tamen
853 1556 1092 1586 perseverasse

391 1593 427 1624 in
444 1604 485 1625 eo
508 1595 685 1635 sacrificio,
697 1595 801 1628 etiam
823 1606 881 1627 sua
898 1601 1015 1638 aetate,
1030 1598 1091 1630 sed

392 1645 538 1678 occulte.
572 1646 666 1679 Plut.
682 1645 818 1687 Apoph.
833 1649 887 1677 20.
922 1647 1090 1680 Gelonem

391 1694 499 1726 tradit
522 1695 834 1735 Carthaginienses,
857 1695 900 1727 ad
916 1696 1089 1729 Himeram

391 1744 556 1786 devictos,
582 1746 735 1786 coegisse
759 1747 849 1777 inter
874 1746 1088 1779 conditiones

390 1795 485 1835 pacis
501 1796 587 1828 hanc
604 1797 708 1827 etiam
723 1796 940 1828 adscribere:
963 1798 972 1815 ‘
989 1797 1087 1837 Ipsos

388 1844 424 1875 in
441 1850 613 1885 posterum
627 1847 749 1878 liberos
759 1847 906 1878 Saturno
917 1857 1086 1888 nunquam

388 1893 646 1927 immolaturos.’
683 1896 843 1927 Ceterum
866 1896 899 1927 iu
923 1897 1005 1928 orbe
1021 1898 1088 1928 Ro—

386 1952 489 1974 mano
511 1943 637 1975 desitas
659 1944 899 1984 ἆνθρωποθυσίας
918 1946 994 1985 lege
1016 1947 1087 1978 lata

386 1993 430 2023 ab
445 1993 532 2034 Imp.
547 1994 735 2033 Hadriano,
745 1999 863 2026 narrat
877 1995 1086 2035 Porphyrius

386 2042 445 2073 lib.
463 2051 503 2074 11.
527 2043 570 2074 de
596 2043 816 2075 Abstinentia
839 2045 880 2076 ab
907 2046 976 2077 Esu
1002 2046 1084 2077 Ani-

386 2092 523 2125 malium
540 2103 582 2124 ex
596 2093 765 2126 Pallante.
779 2095 962 2127 Berneccer.
994 2095 1083 2137 Hoc,

384 2143 506 2183 cupide,
527 2149 722 2184 suspectum
749 2144 828 2175 mihi
846 2150 919 2183 est;
954 2151 1083 2186 pugnat

385 2201 481 2227 certe
507 2206 582 2226 cum
613 2206 667 2237 eo,
691 2196 780 2238 quod
808 2197 986 2238 praecedit,
1013 2198 1082 2229 ‘ne

383 2255 446 2286 per
473 2246 582 2277 omnia
610 2251 827 2278 contumaces
851 2246 1081 2278 viderentur?

383 2295 485 2327 docet
511 2297 599 2327 enim
625 2295 729 2327 fuisse
752 2296 943 2327 simulatum
967 2296 1080 2336 potius

381 2345 589 2386 obsequium,
610 2355 710 2387 qnam
725 2355 850 2377 verum.
895 2345 943 2378 At
965 2346 998 2377 in
1019 2347 1080 2378 tali

382 2405 458 2436 quae
476 2397 625 2437 cupido?
662 2396 717 2428 An
736 2396 884 2437 scripsit,
900 2399 936 2428 ut
948 2395 1080 2437 cupidi?

864 350 1006 381 NOTAE
1042 349 1304 382 VARIORUM
1334 351 1387 381 IN

1159 447 1319 484 patruus:
1342 454 1419 476 nam
1444 450 1481 477 et
1508 449 1640 486 tempus
1665 454 1852 486 congruere

1158 494 1306 526 videtur.
1323 496 1509 528 Berneccer.
1544 496 1774 527 Meminerunt
1785 496 1856 537 huj.

1158 543 1335 576 Annibalis
1351 545 1441 577 Xen.
1457 554 1481 577 1.
1507 545 1554 576 H.
1570 546 1684 577 Graec.
1699 550 1736 576 et
1749 545 1855 577 Diod.

1158 603 1242 626 x111.
1265 596 1423 627 Mortuus
1440 600 1492 627 est
1507 595 1561 627 hic
1583 596 1617 627 in
1632 596 1749 627 Sicilia
1764 605 1853 627 anno

1158 648 1189 677 1.
1213 645 1348 687 Olymp.
1363 649 1416 678 93.
1460 646 1556 678 Inter
1575 646 1643 687 huj.
1666 646 1795 677 obitum
1817 648 1854 677 et

1157 696 1297 728 alterins
1312 697 1488 728 Annibalis
1512 696 1726 728 nativitatem
1748 696 1852 727 inter-

1155 752 1234 778 sunt
1249 748 1326 779 anni
1341 749 1414 790 plns
1429 749 1536 779 minus
1549 751 1620 780 160.
1644 748 1722 779 Non
1735 750 1852 788 potest

1153 797 1271 838 itaque
1287 803 1426 839 patruus
1441 797 1542 829 fuisse
1556 797 1666 838 magni
1679 797 1769 828 illius
1781 796 1852 828 An-

1153 846 1286 880 nibalis.
1329 848 1523 889 Sapphonem
1538 848 1594 879 alii
1609 852 1766 879 auctores
1782 856 1849 878 non

1152 902 1295 929 norunt:
1320 903 1356 929 et
1371 897 1397 928 f.
1419 902 1615 938 corruptum
1639 902 1692 928 est
1714 906 1850 928 nomen.

1151 946 1193 976 In
1222 947 1290 978 Ms.
1324 952 1398 978 erat
1427 947 1560 987 Sappho.
1617 946 1670 977 An
1701 944 1850 986 Psapho?

1151 996 1254 1028 Certe
1269 997 1332 1028 hoc
1347 1002 1401 1028 est
1416 1006 1538 1027 nomen
1550 995 1730 1027 Punicum.
1769 995 1847 1026 Vid.

1149 1045 1319 1087 Apostolii
1349 1047 1549 1086 Paroemias,
1581 1051 1617 1077 et
1645 1045 1778 1077 Arsenii
1800 1044 1848 1077 A·

1149 1097 1424 1137 pophthegmata.
1466 1097 1551 1128 Voss.
1615 1096 1712 1127 Voss.
1745 1098 1846 1135 putat

1148 1145 1283 1186 legend.
1296 1147 1430 1187 Psapho.
1446 1147 1548 1179 Vere.
1571 1145 1683 1177 Faber.
1728 1145 1795 1176 Ms.
1809 1148 1846 1176 et

1146 1195 1242 1227 Junt.
1278 1195 1392 1237 Sopho.
1438 1196 1534 1228 Beue
1569 1196 1669 1227 Voss.
1707 1195 1844 1236 Psapho.

1147 1245 1264 1278 Graev.

1189 1297 1206 1337 ς
1223 1299 1242 1327 3
1269 1297 1318 1328 Εα
1330 1299 1509 1337 tempestate
1527 1296 1731 1336 gerebantur]
1754 1296 1843 1328 Mss.

1145 1345 1260 1386 plures
1289 1346 1417 1378 habent
1442 1346 1637 1385 regebantur.
1693 1346 1843 1377 Consen-

1144 1395 1232 1427 tiunt
1253 1400 1289 1427 et
1314 1397 1414 1437 impr.
1433 1397 1581 1438 qnidam,
1598 1396 1660 1427 nisi
1682 1395 1771 1437 quod
1792 1405 1842 1427 re-

1140 1445 1275 1484 gebatur
1316 1446 1509 1478 exhibeant.
1574 1446 1649 1478 Nec
1685 1444 1709 1477 f.
1742 1445 1841 1477 aliter

1141 1495 1279 1528 Justino
1293 1495 1358 1529 fuit
1373 1497 1549 1538 scriptum.
1594 1497 1684 1528 Nam
1706 1502 1742 1528 et
1758 1496 1840 1528 alibi

1142 1545 1191 1577 sic
1206 1547 1304 1578 solet.
1342 1547 1391 1578 Ut
1407 1556 1443 1579 v.
1463 1550 1514 1579 10.
1541 1549 1551 1565 ‘
1565 1547 1765 1579 Substitutis
1781 1547 1838 1579 de-

1140 1605 1226 1637 cem,
1241 1597 1297 1637 qui
1308 1606 1414 1638 remp.
1426 1597 1607 1638 regerent.’
1632 1597 1738 1635 Schef.

1183 1647 1200 1687 ς
1229 1650 1248 1677 5
1276 1647 1407 1678 Centum
1422 1657 1461 1678 ex
1471 1658 1595 1679 numero
1608 1647 1839 1686 senatorumju·

1138 1696 1221 1727 dices
1241 1697 1437 1737 deliguntur]
1476 1698 1581 1729 Vides
1611 1698 1678 1737 hic,
1701 1698 1836 1739 quando

1132 1746 1270 1786 judices
1292 1748 1360 1778 sint
1383 1748 1539 1788 instituti,
1558 1753 1594 1780 et
1611 1759 1684 1790 quae
1706 1748 1838 1780 fuerint

1138 1806 1254 1828 eorum
1301 1803 1427 1838 partes.
1495 1799 1635 1830 Illorum
1680 1798 1836 1840 potentia

1137 1851 1257 1886 postea
1281 1848 1380 1879 valde
1405 1849 1573 1888 crevit,ut
1596 1859 1651 1890 ap.
1665 1850 1834 1881 Romanos

1137 1895 1346 1928 Gracchanis
1375 1898 1594 1938 temporibus.
1652 1899 1835 1940 Nunquam

1137 1949 1250 1977 tamen
1267 1956 1372 1987 penes
1383 1948 1458 1979 illos
1473 1947 1537 1979 fuit
1549 1959 1677 1980 summa
1690 1949 1834 1989 imperii,

1134 2000 1173 2026 ut
1210 2007 1314 2037 penes
1343 1998 1479 2038 judices
1513 1999 1756 2038 Hebraeornm;
1791 2003 1832 2031 ut

1134 2046 1268 2086 putavit
1284 2046 1337 2078 vir
1352 2057 1503 2088 magnus,
1514 2048 1649 2080 Samuel
1666 2049 1828 2080 Bochart.

1133 2095 1168 2126 in
1178 2096 1305 2136 Geogr.
1327 2097 1442 2128 Sacrae
1454 2102 1534 2129 tom.
1549 2106 1589 2128 Π.
1612 2097 1681 2129 Sed
1695 2107 1830 2139 semper

1133 2155 1236 2185 penes
1259 2145 1405 2178 Suffetes
1420 2152 1455 2178 et
1467 2147 1629 2178 Senatum
1645 2158 1654 2186 ;
1676 2148 1828 2188 quamvis

1131 2195 1276 2228 Suffetes
1305 2196 1473 2238 significet
1485 2197 1618 2236 judices.
1662 2197 1729 2238 Ap.
1746 2199 1828 2230 Car·

1131 2246 1357 2287 thaginienses
1380 2251 1492 2278 tamen
1512 2247 1559 2278 sic
1576 2247 1713 2288 proprie
1736 2247 1826 2280 dioe-

1129 2295 1252 2328 bantur
1267 2297 1387 2328 summi
1400 2297 1627 2337 magistratus,
1637 2297 1694 2339 qni
1708 2297 1825 2330 Romae

1129 2347 1282 2378 consules
1307 2352 1425 2386 erant3
1448 2347 1472 2377 ii
1487 2356 1562 2378 cum
1585 2353 1706 2378 senatu
1728 2357 1826 2388 rege-

1128 2395 1212 2427 bant
1235 2405 1341 2437 remp.
1386 2396 1442 2428 Ab
1468 2396 1518 2428 his
1543 2396 1725 2428 distinctus
1749 2401 1824 2429 erat

381 2445 463 2476 h.e.
485 2450 644 2488 tanquam
667 2446 815 2477 libenter
830 2446 893 2478 hoc
913 2445 1080 2480 facerent.
1119 2445 1274 2486 judicum
1304 2446 1388 2478 ordo
1427 2446 1480 2477 hic
1509 2446 1704 2479 institutus:
1739 2448 1823 2479 licet

380 2493 509 2576 δι’-ἅ.
522 2553 562 2576 11.
578 2546 595 2586 §
613 2548 629 2576 1
645 2546 808 2576 Hamilcar
821 2545 894 2577 bello
905 2545 1079 2589 Siciliensi]

379 2594 525 2634 Sup.1v.
542 2598 573 2626 2.
589 2598 620 2627 7.
646 2596 746 2627 Diod.
760 2604 823 2627 xx.
837 2599 890 2627 30.
932 2596 1033 2637 Bong.

421 2646 437 2684 ξ
459 2646 479 2674 2
505 2644 678 2684 Hannibal,
692 2648 722 2676 et
740 2645 930 2686 Hasdrubal,
948 2649 978 2677 et
999 2646 1077 2687 Sap-

373 2693 450 2733 pho]
490 2693 597 2725 Miror
612 2693 692 2735 quid
709 2694 842 2726 venerit
868 2695 900 2726 in
925 2700 1073 2727 mentem

377 2742 531 2783 Auctori,
556 2744 646 2784 quod
668 2745 677 2761 ‘
695 2744 918 2775 Asdrubalem
935 2744 943 2759 ’
966 2744 1074 2776 Anni·

375 2791 459 2823 halis
472 2798 602 2832 patrem
615 2793 716 2826 facit:
740 2804 816 2825 cum
825 2795 835 2810 ⁴
846 2795 1051 2827 Amilcarem
1062 2796 1071 2811 '

375 2843 482 2872 omnis
505 2843 608 2875 faciat
631 2844 782 2875 historia.
827 2845 865 2876 F.
890 2844 994 2877 fuerit
1016 2846 1070 2878 hic

378 2890 521 2924 Annibal
570 2894 691 2935 senior,
733 2894 910 2928 Annibalis
956 2897 1069 2938 magni

1123 2494 1272 2527 Suffetes
1288 2496 1390 2527 etiam
1407 2496 1615 2535 dicerentur,
1637 2501 1675 2527 ut
1690 2506 1731 2528 ex
1747 2497 1821 2529 Liv.

1125 2549 1271 2577 constat.
1293 2546 1361 2577 Sed
1373 2556 1438 2578 uon
1453 2551 1600 2587 praeerat
1613 2547 1823 2587 reipublicae‚

1123 2605 1190 2627 non
1206 2597 1315 2627 minus
1327 2606 1406 2627 sane
1418 2607 1517 2637 quam
1530 2597 1645 2628 Romae
1659 2602 1820 2637 equester

1122 2645 1219 2685 ordo,
1235 2655 1311 2677 cum
1336 2646 1368 2676 in
1384 2656 1460 2677 eum
1479 2647 1641 2677 translata
1665 2647 1819 2687 essetjn-

1122 2695 1258 2727 dicandi
1279 2701 1438 2736 potestas,
1453 2696 1606 2737 quamvis
1621 2701 1658 2727 et
1678 2696 1701 2727 ii
1716 2697 1726 2714 ‘
1744 2695 1820 2728 fata

1121 2744 1343 2787 fortunasque
1374 2747 1563 2786 principum
1593 2746 1755 2777 haberent
1782 2746 1819 2778 in

1120 2795 1244 2835 manu,’
1259 2800 1296 2827 ut
1312 2796 1401 2827 Flor.
1417 2796 1565 2837 loquitur
1578 2805 1633 2827 111.
1650 2799 1700 2828 17.
1724 2796 1818 2830 Quin

1120 2850 1155 2877 et
1171 2846 1244 2878 illos
1257 2856 1330 2886 cap.
1345 2849 1396 2878 12.
1412 2847 1469 2877 lib.
1481 2848 1587 2888 ejusd.
1610 2849 1619 2865 ‘
1635 2857 1793 2887 regnasse
1807 2846 1817 2861 '

1119 2896 1218 2938 dixit,
1234 2901 1270 2929 ut
1289 2896 1360 2929 Liv.
1378 2905 1514 2930 xxxin.
1537 2899 1545 2914 ‘
1558 2897 1719 2931 Judicum
1735 2897 1816 2931 Car-
