2174 3424
588 330 781 361 JUSTINI
818 330 908 361 mn.
940 330 1051 360 xiii.
1084 332 1189 361 GAP.
1218 323 1259 362 6.

211 424 380 456 Hierosol.
404 428 439 455 et
458 422 653 463 flagrantem
678 423 796 453 urbem
820 422 906 453 laetis

211 475 356 506 vultibus
386 474 592 514 adspexisse,
626 473 715 513 quod
746 473 794 503 ita
823 472 905 502 nihil

210 529 323 555 essent
347 524 497 555 hostibus
525 523 687 561 relicturi,
713 522 831 554 scribit
846 522 906 554 Jo-

209 574 302 614 seph.
320 582 367 603 Vl.
391 574 430 604 B.
447 572 526 605 Jud.
542 575 593 603 38.
616 572 716 604 Bern.

253 623 372 663 Copiis]
394 622 438 653 H.
456 631 486 652 e.
511 631 643 652 annona
663 632 688 654 s.
704 626 903 654 commeatu.

207 673 286 704 Tac.
312 681 374 703 xv.
401 675 452 704 16.
475 672 484 688 ‘
500 672 619 702 Parthi
645 672 763 712 inopes
790 672 904 712 copia-

207 721 302 753 rum.'
346 723 390 753 Et
407 722 450 753 G.
468 724 520 752 30.
543 723 551 738 ‘
571 722 663 753 Catti
686 722 827 752 militem
851 732 903 752 su-

207 781 267 812 pra
279 782 370 802 arma
379 771 593 802 ferramentis
605 781 737 812 quoque
751 776 785 802 et
796 772 902 811 copiis

205 822 370 853 onerant.’
415 822 501 853 Caes.
526 832 568 853 11.
597 823 637 852 B.
664 823 704 853 G.
732 825 780 853 10.
802 822 812 839 ‘
832 822 902 853 Do-

205 873 354 903 mesticis
378 871 485 912 copiis
508 872 557 902 rei
578 871 810 903 frumentariae
827 872 900 904 uti.’

203 923 303 953 Bern.

247 973 299 1012 §3
326 971 441 1002 Eodem
466 972 618 1010 congestis
643 972 738 1002 etiam
764 972 901 1003 servitiis

202 1025 233 1053 et
247 1025 340 1054 semet
365 1024 445 1062 ipsos
460 1022 674 1062 praecz'pitant]
699 1022 898 1061 Elegantius

203 1077 239 1103 et
268 1072 444 1103 rotundius
472 1073 568 1104 Junt.
601 1082 680 1103 serv.
707 1075 802 1103 semet
837 1072 899 1112 ipsi

199 1132 295 1163 proec.
338 1122 395 1153 Sic
411 1123 540 1153 malunt
556 1123 649 1153 Vett.
668 1122 770 1163 loqui,
789 1131 899 1163 quam,

203 1172 293 1213 quod
316 1172 416 1212 vulgo
437 1181 525 1202 nunc
544 1172 666 1212 piacet,
687 1175 781 1202 semet
804 1172 896 1212 ipsae.

201 1223 297 1253 Bene
313 1232 444 1263 quoque
460 1222 557 1254 Junt.
574 1231 649 1253 xw.
667 1226 697 1254 4.
722 1224 731 1239 ‘
748 1223 896 1254 Proinde

202 1273 379 1303 consulant
395 1272 457 1303 sibi
473 1271 563 1313 ipsi.’
595 1273 662 1304 Ubi
679 1273 807 1313 vulgati
820 1273 896 1304 libri

200 1323 360 1363 sibiipsis.
384 1323 497 1353 Graev.

246 1374 359 1404 Eodem
375 1374 526 1413 congestis
539 1374 634 1403 etiam
648 1372 798 1414 servitiis]
821 1372 896 1404 Hoc

201 1433 266 1454 non
293 1424 457 1462 intelligo.
510 1423 600 1455 Quid
629 1423 717 1453 enim
744 1423 799 1453 hic
830 1433 897 1453 con-

197 1482 308 1512 gerere
330 1470 480 1504 seri-itia?
501 1483 579 1503 num
605 1482 718 1503 servos
745 1477 781 1502 et
803 1482 894 1502 man-

200 1524 289 1563 cipia
317 1533 356 1554 eo
380 1524 491 1562 modo,
515 1528 552 1553 ut
568 1523 663 1553 aliam
680 1522 896 1563 suppellecti-

200 1574 278 1612 lem,
302 1579 448 1614 gestare,
471 1584 509 1604 ac
530 1574 562 1604 in
591 1574 701 1614 ignem
726 1573 895 1613 conjicere

201 1625 408 1664 potuerunt?
451 1624 499 1655 At
529 1623 696 1664 quomodo
725 1622 801 1654 fieri
830 1624 893 1653 hoc

199 1674 330 1713 potuit?
375 1674 414 1704 In
445 1673 600 1714 quibusd.
630 1673 801 1713 impressis
831 1682 893 1713 pro

197 1724 335 1753 servitiis
363 1723 487 1763 legitur
515 1722 632 1763 opibus.
695 1723 784 1752 Num
812 1722 893 1752 scri-

197 1772 300 1804 bend.
341 1774 416 1803 Eod.
440 1782 527 1811 cong.
550 1773 643 1803 etiam
657 1772 775 1811 opibus,
797 1772 892 1802 servi-

197 1823 243 1852 tia
267 1827 298 1853 et
322 1826 415 1853 semet
438 1823 522 1862 ipsos
538 1820 758 1863 proecipz'tant?
802 1822 890 1853 Nam

196 1872 205 1888 ‘
223 1872 356 1912 copiae,'
380 1872 421 1902 de
446 1872 564 1912 quibus
590 1872 765 1912 praecedit,
787 1882 891 1903 anno-

196 1931 272 1952 nam
290 1922 492 1962 significant.
514 1922 621 1959 Schef.

237 1971 415 2011 Spectacula
422 1972 600 2011 frueretur]
625 1971 786 2012 Plerique
802 1972 888 2003 Mss.

194 2022 273 2060 mei,
296 2026 333 2053 nt
349 2022 449 2053 etiam
467 2023 499 2052 in
521 2032 586 2052 nno
602 2027 735 2053 exstare
753 2021 888 2061 profite-

194 2076 248 2102 tur
268 2073 371 2112 Bong.
398 2073 613 2112 spectaculzmz,
636 2077 672 2103 ut
699 2081 750 2102 lx.
775 2075 804 2102 7.
836 2075 885 2103 12.

195 2122 236 2153 de
264 2122 470 2163 Olympiade
497 2123 594 2162 dixit,
616 2123 643 2153 si
670 2123 753 2153 Mss.
779 2121 888 2152 credi-

191 2179 276 2210 mus,
298 2172 307 2188 ‘
333 2172 503 2202 Ultionem
528 2173 635 2212 potita
647 2171 666 2203 :’
700 2177 736 2203 et
761 2181 826 2204 xu.
853 2175 886 2203 7.

192 2224 244 2252 10.
262 2222 435 2262 ‘Regnum
449 2223 609 2253 Indorum
628 2223 778 2263 potitus!
809 2223 886 2254 Vid.

192 2277 288 2302 notas
317 2273 493 2313 Bongarsii
523 2273 564 2303 ad
595 2283 620 2304 1.
655 2276 684 2304 2.
713 2276 764 2303 10.
799 2273 886 2304 Mod.

192 2322 325 2353 Modins
342 2324 520 2364 plerosque
537 2323 619 2353 Mss.
636 2332 712 2354 suos
729 2322 812 2353 dicit
830 2323 886 2353 ha-

191 2372 273 2402 bere
300 2374 522 2412 spectaculum:
556 2378 594 2404 ut
622 2374 723 2404 etiam
755 2374 787 2403 in
818 2383 885 2403 uno

192 2422 371 2462 profitetur
395 2429 510 2453 extare
530 2424 639 2463 Bong.
667 2428 702 2453 et
726 2424 885 2464 congruit

191 2473 400 2512 praecedenti
436 2476 446 2491 ‘
468 2474 571 2504 nihil!
607 2475 740 2504 Bernec.
797 2473 884 2506 Quia

191 2521 289 2553 codd.
306 2523 439 2563 quidam
463 2524 546 2555 Mss.
572 2528 609 2554 nt
632 2525 740 2563 Bong.
758 2528 793 2554 et
809 2524 883 2554 Mo-

191 2572 265 2603 dius
296 2578 474 2614 testantur,
505 2574 630 2605 habent
657 2576 884 2615 spectaculum,-

190 2627 227 2653 et
250 2623 316 2653 alia
340 2624 450 2664 quarti
477 2634 571 2655 casus
599 2634 664 2655 vox
691 2625 883 2664 antecedit3

191 2676 274 2712 puto
288 2675 488 2712 spectaculum
505 2679 538 2704 et
551 2674 684 2714 legend.
700 2684 786 2705 esse.
815 2675 883 2705 Ne-

194 2731 258 2762 que
285 2732 365 2753 vero
393 2723 459 2755 ista
485 2724 581 2755 verbi
601 2724 673 2762 frui
699 2734 775 2755 cum
803 2734 882 2755 casu

192 2775 313 2811 quarto
329 2774 533 2805 constructio
549 2774 620 2804 sine
639 2774 796 2814 exemplo
819 2778 882 2804 est.

186 2821 304 2853 Plaut.
320 2821 414 2854 Asin.
437 2823 446 2839 ‘
463 2824 601 2854 Fruitur
622 2824 708 2863 hanc
734 2824 881 2854 alternas

190 2871 332 2904 noctes.’
366 2874 411 2905 Et
425 2874 564 2906 verbum
578 2873 693 2905 similis
708 2878 882 2905 construc-

1570 320 1653 362 847

958 423 1058 454 tionis
1079 423 1089 440 ‘
1108 424 1217 455 vesci’
1240 424 1312 463 ipse
1342 424 1470 456 Noster
1496 432 1593 455 xmv.
1619 427 1652 456 4.

958 475 1009 503 ll.
1035 482 1112 503 cnm
1129 483 1207 504 casu
1223 478 1343 514 quarto
1366 475 1541 505 construit.
1584 474 1652 505 Sed

956 526 991 553 et
1006 528 1148 563 propter
1165 523 1203 553 τὸ
1225 524 1233 540 ‘
1252 524 1401 563 praeter,'
1424 524 1487 554 nisi
1514 533 1575 564 pro
1597 524 1654 554 ad-

955 572 1072 603 verbio
1088 573 1275 607 habendum
1300 574 1362 604 hoc
1385 574 1440 613 sit,
1463 574 1511 605 sic
1529 578 1566 605 ut
1581 573 1652 604 dixi

954 622 1020 663 legi
1037 622 1156 662 possit.
1185 623 1258 653 Vor.

996 674 1013 713 ᾧ
1035 675 1055 703 4
1077 672 1305 704 Auctoritatem
1330 672 1466 712 regiam]
1488 671 1567 703 Vid.
1591 681 1649 703 no-

954 726 1022 754 tam
1039 722 1080 753 ad
1097 732 1121 753 1.
1140 725 1190 753 10.
1207 725 1258 753 14.
1284 723 1382 753 Bern.

994 774 1067 814 §10
1089 773 1244 804 Alienatis
1267 773 1372 812 rebus]
1400 771 1428 803 Ι.
1453 781 1483 802 e.
1517 775 1648 803 mutato

951 825 1055 865 priori
1072 833 1180 855 rerum
1193 828 1296 862 statu,
1309 822 1475 863 inquiunt.
1520 822 1647 852 Verum

950 884 1014 914 ego
1030 875 1150 905 vellem
1169 874 1359 912 exemplum
1376 871 1492 902 similis
1508 872 1649 903 locutio-

950 925 1001 954 nis
1018 924 1134 955 videre
1162 933 1217 964 ap.
1247 923 1349 954 alium
1367 923 1511 962 aliquem
1528 921 1648 961 proba-

950 978 1020 1004 tum
1038 974 1249 1013 scriptorem.
1293 971 1454 1011 Suspicor
1470 971 1648 1011 scripsisse

949 1023 1060 1063 potius
1087 1024 1177 1055 Just.
1203 1022 1348 1053 alienatis
1374 1021 1519 1060 reliquis;
1542 1021 1648 1061 scrip-

949 1073 1031 1104 tioni
1047 1074 1194 1113 vulgatae
1216 1076 1328 1103 autem
1345 1070 1531 1111 praebuisse
1549 1080 1646 1101 occa-

947 1123 1075 1154 sionem
1091 1122 1342 1162 compendium,
1364 1131 1429 1161 quo
1446 1120 1645 1151 vocabulum

945 1173 1071 1214 reliquis
1085 1171 1149 1203 fuit
1164 1176 1328 1215 notatum.
1352 1170 1456 1209 Schef.
1489 1170 1646 1201 Alienatis

945 1224 1034 1254 rebus
1049 1227 1112 1261 est,
1137 1216 1273 1254 remot'is
1289 1221 1442 1252 omnibus
1460 1221 1531 1251 aliis
1553 1221 1643 1252 curis

947 1278 982 1304 et
999 1273 1155 1314 negotiis,
1180 1282 1241 1313 pro
1262 1282 1326 1313 quo
1341 1272 1478 1302 Terent.
1497 1271 1583 1303 dixit
1598 1281 1645 1303 re-

945 1324 1030 1355 lictis
1055 1323 1156 1362 rebus,
1184 1323 1290 1353 Andr.
1326 1323 1336 1340 ‘
1362 1322 1474 1352 Herus
1505 1332 1643 1362 operam

946 1374 1046 1405 rebus
1062 1374 1192 1404 relictis
1215 1373 1288 1403 dari
1306 1371 1436 1413 jussit.y
1481 1372 1536 1403 Sic
1551 1373 1643 1404 Just.

946 1432 1054 1454 xvur.
1081 1426 1112 1454 3.
1142 1425 1151 1439 ‘
1169 1424 1252 1454 Cum
1279 1423 1372 1452 velut
1403 1421 1532 1452 occisos
1562 1422 1643 1452 alie-

946 1473 1081 1512 nasset‚’
1113 1473 1146 1503 h.
1173 1482 1205 1503 e.
1239 1471 1441 1502 removisset
1470 1481 1488 1502 e
1518 1472 1640 1503 medio.

950 1524 1059 1554 Graev.

988 1574 1005 1613 ξ
1024 1575 1062 1603 14
1080 1571 1305 1612 Paphlagonia,
1321 1573 1351 1602 et
1367 1570 1475 1608 Caria,
1490 1573 1519 1600 et
1532 1569 1640 1610 Lycia,

943 1625 973 1652 et
990 1622 1145 1662 Phrygia]
1170 1622 1220 1652 Ex
1246 1621 1295 1651 his
1312 1620 1502 1651 nominibus
1524 1620 1589 1650 duo
1607 1620 1639 1650 in

944 1671 1124 1701 accusandi
1141 1681 1217 1702 casn
1234 1669 1378 1710 legenda
1398 1675 1486 1709 sunt,
1509 1670 1640 1710 reliqua

943 1722 1009 1751 tria
1032 1721 1226 1752 nominandi
1253 1730 1342 1759 casu,
1366 1724 1538 1760 expuncta
1560 1729 1639 1750 con-

936 1772 1115 1812 junctione
1137 1774 1167 1801 et
1185 1776 1263 1801 ante
1284 1771 1294 1787 ⁴
1312 1769 1432 1802 Caria.'
1477 1770 1524 1800 Ut
1548 1774 1639 1800 totns

941 1827 1121 1853 contextus
1138 1823 1187 1853 ita
1202 1823 1354 1861 legatur:
1375 1821 1507 1851 Eumeni
1524 1823 1639 1860 proeter

936 1872 1123 1912 provincias,
1155 1882 1229 1912 quas
1255 1875 1426 1911 acceperat,
1462 1871 1638 1910 Paphlago-

938 1924 1024 1953 niam
1039 1933 1074 1953 ac
1091 1923 1326 1962 Cappadociam,
1352 1921 1460 1960 Caria,
1476 1921 1583 1961 Lycia,
1606 1924 1637 1951 ee

941 1972 1083 2012 Phrygia
1107 1972 1307 2011 adjiciuntur.
1364 1971 1451 2001 Nam
1482 1970 1636 2010 superius

938 2022 1011 2061 ipse
1038 2023 1127 2054 Just.
1154 2021 1254 2059 dixit,
1285 2025 1293 2039 ‘
1320 2020 1537 2060 Cappadocia
1559 2030 1636 2051 cnm

937 2073 1172 2113 Paphlagonia
1207 2071 1349 2102 Eumeni
1385 2069 1509 2101 datm-3
1566 2071 1635 2101 Pro

937 2122 1082 2162 Phrygia
1094 2126 1204 2152 tamen
1215 2120 1400 2161 Pamphylia
1411 2120 1532 2150 malim.
1545 2120 1634 2150 Glar.

980 2173 997 2212 ς
1017 2176 1053 2202 15
1080 2172 1207 2210 Frater,
1229 2171 1296 2211 Sym]
1319 2169 1469 2202 Ἀλκέτας
1485 2171 1634 2211 ὑποστρα-

935 2221 1031 2260 τηγὸς
1047 2220 1252 2262 Ἀλεξάνδρου.

980 2273 997 2313 ᾗ
1016 2275 1053 2303 17
1078 2270 1332 2303 Discurrentibus
1355 2269 1496 2309 ducibus]
1520 2268 1633 2299 Etiam

935 2322 998 2352 hoc
1015 2325 1209 2362 suspectum
1237 2321 1316 2351 mihi
1342 2327 1407 2360 est,
1429 2320 1633 2359 mallemque

935 2371 1186 2402 distrahentibus.
1232 2371 1287 2401 Ita
1311 2371 1390 2402 Tac.
1406 2379 1457 2400 lv.
1482 2372 1535 2400 40.
1566 2371 1574 2386 ‘
1597 2369 1633 2399 Si

935 2422 1184 2453 matrimonium
1199 2421 1317 2461 Liviae,
1340 2421 1432 2451 velut
1455 2421 1487 2450 in
1505 2424 1630 2460 partes,

935 2471 1069 2501 domum
1091 2471 1261 2502 Caesarum
1285 2469 1531 2501 distraxissetz'
1554 2474 1588 2500 et
1607 2479 1630 2500 1.

934 2524 965 2551 4.
990 2521 999 2538 ‘
1018 2521 1085 2553 Qui
1115 2520 1359 2560 rempublicam
1390 2519 1525 2550 interim
1555 2527 1630 2558 pre-

933 2576 1037 2608 mant,
1056 2571 1254 2612 qnandoque
1271 2571 1469 2601 distrahant.
1493 2568 1597 2606 Schef.

977 2623 994 2662 ξ
1012 2625 1050 2652 19
1074 2621 1238 2661 AEgyptios
1261 2619 1392 2659 insigni]
1413 2621 1482 2650 Τοῖς
1500 2617 1556 2657 μὲν
1577 2619 1628 2657 ἐγ-

932 2671 1054 2711 χωρίοις
1082 2669 1296 2710 φιλανθρώπως
1324 2668 1540 2709 προσεφέρετο,
1565 2670 1628 2700 ἁτε.

933 2721 1099 2762 συνέτρεχε
1111 2720 1144 2751 δὲ
1155 2720 1204 2751 καὶ
1218 2719 1314 2760 φίλων
1325 2721 1440 2755 πλῆθος
1450 2718 1521 2758 πρὸς
1535 2717 1628 2748 αὐτὸν

932 2773 980 2804 διὰ
1005 2772 1065 2809 πὴν
1092 2771 1260 2802 ἐπιείκειαν.
1314 2770 1415 2800 Diod.
1440 2777 1546 2799 XVIII.
1574 2770 1626 2799 14.

933 2832 987 2863 ap.
1012 2832 1110 2863 quem
1133 2822 1196 2861 leg.
1219 2830 1284 2861 qua
1304 2819 1434 2850 ratione
1458 2820 1626 2858 Cyrenen]

932 2871 1129 2914 acquisierit
1143 2872 1359 2903 Ptolcmaeus.
1382 2870 1488 2908 Bong.
