2174 3424
472 328 556 369 800

473 431 636 470 θείσης,ὧς
649 430 706 470 μὲν
716 429 795 461 τινές
817 435 922 469 φασιν,
945 428 977 459 ἐν
993 426 1168 468 Ἀρβήλοις,

473 483 513 512 ὡς
527 482 551 511 δ’
564 479 672 521 ἕτεροι,
686 481 718 511 ἐν
739 478 960 518 Γαυγαμήλοις,
974 478 1002 509 οἱ
1019 477 1167 518 βάρβαροι

473 530 637 570 ἐνέκλιναν,
654 530 705 561 καὶ
725 529 763 567 ἧν
787 530 883 560 αὐτῶν
897 528 1038 568 διωγμός.
1073 527 1165 558 Add.

473 580 587 612 Strab.
603 589 663 611 xv.
691 590 724 619 p.
742 582 816 611 737.
846 584 882 610 et
906 578 1100 610 Fabricium
1124 577 1166 608 ad

476 630 578 662 Oros.
591 639 648 662 111.
662 633 714 661 17.
731 630 805 661 init.

516 681 667 711 Praelium
685 679 902 719 committitur]
937 682 990 710 Ἐν
1007 676 1167 717 Γαυγαμή-

473 736 539 760 λοις
558 730 632 770 πρὸς
651 731 778 769 ποταμῷ
792 728 944 769 Βουμοίδῳ,
956 727 1081 767 ἀπέχων
1100 729 1167 768 Ἀρ-

473 779 580 817 βὴλων
599 781 655 817 τῆς
675 778 792 811 πόλεως
815 779 886 810 ὅσον
902 778 1072 818 ἑξακοσίους
1091 788 1166 808 στα-

474 831 563 862 δίους.
601 830 737 862 Arrian.
753 839 810 861 111.
839 829 924 860 Inde
940 829 1033 860 dicta
1055 838 1167 868 pugna

476 881 519 912 ad
534 881 669 913 Arbela.
715 881 815 912 Oros.
828 889 884 911 111.
900 882 951 910 17.
975 878 1087 909 nescio
1101 887 1167 918 quo

475 936 615 962 anctore
626 941 680 971 ap.
691 931 829 961 Tarsum
846 933 1029 970 pugnatum
1039 927 1168 958 scribit.

474 982 553 1012 Tac.
581 981 623 1012 A.
650 989 716 1011 ΧΠ.
750 982 801 1011 13.
826 982 858 1010 3.
889 982 989 1009 vocat
1023 978 1031 994 ‘
1048 977 1168 1007 castel-

472 1034 541 1064 lum
556 1033 684 1073 insigne
699 1031 812 1070 fama‚’
828 1038 1008 1070 suppresso
1022 1029 1167 1059 nomine.

474 1084 634 1121 Bongnrs.
681 1081 781 1112 Amni
801 1081 811 1097 ‘
827 1079 1004 1110 Boumello
1017 1078 1026 1092 ’
1049 1087 1168 1108 nomen

477 1142 549 1163 esse
573 1131 678 1162 tradit
699 1132 797 1162 Curt.
813 1139 863 1160 lv.
887 1131 917 1159 9.
931 1131 985 1159 20.
1019 1128 1096 1159 Non
1113 1137 1168 1167 ap.

475 1183 614 1220 Arbela,
630 1187 666 1212 ut
682 1181 780 1211 multi
797 1179 1022 1218 tradiderunt,
1044 1178 1103 1208 sed
1119 1188 1168 1218 up.

477 1232 667 1270 Gaugamela
692 1229 903 1260 commissum
928 1229 990 1258 hoc
1017 1227 1168 1268 praelium

475 1283 523 1313 ait
539 1282 631 1312 Plut.
648 1282 680 1311 in
700 1280 795 1310 Alex.
812 1282 863 1309 56.
889 1287 1030 1318 eamque
1052 1287 1170 1308 vocem

473 1333 637 1363 denotare
661 1334 669 1349 ‘
686 1332 820 1362 domum
841 1329 980 1367 cameli:
1001 1329 1089 1369 qnod
1110 1339 1170 1359 rex

476 1381 611 1422 qnidam
645 1381 736 1418 olim,
772 1381 827 1421 qui
858 1381 968 1410 hostes
1005 1378 1170 1418 effugerat

476 1432 605 1462 camelo
624 1429 798 1467 dromade,
820 1438 895 1459 eum
911 1428 943 1459 h.
958 1429 979 1459 l.
996 1429 1171 1466 locaverit,

475 1482 578 1512 certis
596 1481 676 1510 vicis
694 1479 984 1518 vectigalibusque
999 1478 1039 1509 ad
1056 1487 1170 1509 curam

476 1532 549 1572 ejus
567 1530 752 1562 attributis.
774 1530 905 1560 Bernec.

522 1582 561 1612 In
579 1581 703 1619 ferrum
725 1590 793 1611 cum
810 1583 964 1610 contemtu
988 1579 1080 1610 toties
1100 1589 1119 1608 α
1138 1588 1170 1608 se

474 1634 550 1663 victi
565 1632 660 1662 hostis
674 1630 816 1670 ruebant]
859 1630 1010 1660 Sumtum
1031 1628 1103 1659 fere
1128 1627 1170 1658 ad

477 1683 614 1712 verbnm
644 1691 686 1710 ex
713 1681 867 1718 Marone,
891 1679 986 1719 cujus
1009 1684 1062 1708 est
1087 1677 1168 1708 illud

477 1733 527 1763 ΖΕ.
539 1741 619 1762 vul.
633 1734 707 1761 648.
729 1731 737 1746 ⁴
752 1729 908 1761 lEneadae
926 1729 957 1758 in
970 1727 1094 1758 ferrum
1110 1736 1170 1767 pro

476 1782 634 1813 libertate
685 1779 853 1811 ruebant.’
892 1779 979 1810 Mod.
1034 1778 1100 1809 Ov.
1132 1786 1170 1808 11.

477 1831 554 1862 Art.
585 1833 658 1862 333.
702 1834 709 1847 ‘
734 1830 774 1860 In
805 1829 930 1859 ferrum
955 1827 1171 1868 flammasque

477 1882 566 1913 ruit!
605 1882 676 1912 Liv.
699 1889 830 1911 xxvnr.
853 1883 905 1910 22.
952 1880 961 1895 ‘
979 1879 1063 1909 Cum
1087 1877 1172 1908 coeci

477 1931 591 1962 furore
616 1932 648 1961 in
673 1931 813 1961 vulnera
829 1940 866 1960 ac
891 1929 1018 1960 ferrum
1035 1928 1171 1959 vecordi

479 1981 621 2012 audacia
634 1980 792 2012 ruerent?

521 2032 539 2071 ξ
555 2034 574 2062 4
595 2031 638 2061 Ut
656 2040 732 2070 pons
749 2030 849 2070 Cydni
854 2029 997 2070 fluminis
1008 2028 1172 2059 interrum-

476 2080 616 2122 peretur]
655 2080 773 2111 Habet
802 2081 896 2111 Curt.
927 2088 976 2109 lv.
1004 2081 1035 2108 9.
1063 2081 1112 2108 19.
1136 2081 1172 2107 et

480 2131 653 2171 praecipue
667 2140 716 2161 ιν.
728 2133 778 2160 16.
788 2133 818 2161 8.
830 2129 918 2171 quod
930 2129 1034 2169 magis
1047 2129 1171 2169 placet.

479 2182 610 2212 Bernec.

526 2232 568 2262 Ut
583 2240 658 2270 pons
675 2229 792 2270 Cydni]
819 2229 896 2260 Non
922 2232 1005 2268 puto
1021 2226 1171 2259 mutand.

480 2281 671 2321 quidpiam:
696 2280 845 2319 quamvis
870 2278 1001 2309 Arrian.
1023 2284 1058 2308 et
1080 2278 1173 2308 Curt-

481 2333 490 2348 ‘
507 2330 655 2371 Lycum'
684 2330 738 2360 hic
764 2329 920 2359 habeant.
976 2328 1113 2368 Cydnus
1137 2332 1173 2358 et

481 2381 592 2420 Lycus
608 2380 721 2410 vicina
743 2384 821 2409 sunt
843 2378 1002 2420 flumina;
1030 2382 1173 2418 utraque

479 2432 514 2462 in
530 2431 659 2471 Tigrim
676 2431 843 2462 labuntur.
866 2431 912 2461 Ut
924 2430 1056 2460 credam
1073 2429 1174 2460 eund.

479 2490 551 2512 esse
576 2481 728 2521 Cydnum
756 2490 794 2511 ac
819 2480 988 2519 Gynden),
1012 2478 1094 2509 facit
1117 2479 1175 2509 Ti·

481 2531 590 2562 bullus
606 2531 638 2560 in
653 2531 780 2569 Paneg.
798 2529 841 2559 ad
858 2530 1036 2560 Messalam
1051 2539 1058 2558 :
1075 2529 1083 2544 ‘
1101 2529 1173 2559 Nec

482 2590 548 2621 qua
586 2581 638 2611 vel
672 2580 784 2618 Nilus,
825 2580 876 2610 vel
912 2580 1005 2619 regia
1041 2579 1175 2619 lympha

481 2633 632 2671 Diaspes
659 2629 817 2668 Profluit,
844 2634 902 2660 aut
929 2628 1077 2668 rapidus,
1096 2628 1175 2669 Cyri

482 2681 667 2719 dementia,
681 2679 837 2720 Cydnus)
855 2679 947 2710 Nihil
960 2679 1012 2710 hic
1025 2678 1175 2709 mutand.

479 2733 488 2748 ‘
508 2729 677 2769 Diaspes'
706 2739 779 2769 pro,
813 2730 965 2769 Idaspes.
1016 2728 1175 2768 Idaspem

481 2790 562 2811 vero
583 2779 726 2810 Romani
744 2779 958 2819 appellarunt
974 2779 1075 2809 etiam
1093 2777 1177 2809 Cho·

482 2838 610 2870 aspem.
649 2829 769 2870 Virgil.
786 2837 835 2861 iv.
852 2828 896 2859 G.
940 2829 949 2845 ‘
966 2827 1039 2859 Aut
1053 2827 1176 2859 Medus

931 334 1072 365 NOTAE
1106 332 1366 364 VARIORUM
1404 332 1451 362 [N

1214 432 1379 473 Idaspes!
1425 432 1536 464 Quem
1557 430 1668 461 locum
1696 427 1783 459 male
1808 426 1913 458 inter-

1215 489 1371 526 pretatur
1379 483 1499 516 Junius
1508 481 1726 520 Philargyrus
1735 479 1777 509 de
1788 477 1914 518 Idaspe

1215 533 1336 565 Indiae.
1367 533 1511 564 Curt.v.
1545 530 1726 569 ‘Benigne
1749 528 1913 567 juvenem

1215 583 1353 623 excepit
1369 592 1439 621 rex,
1455 586 1490 612 et
1514 590 1553 611 eo
1574 579 1660 610 duce
1687 577 1730 608 ad
1751 577 1914 616 Idaspem

1216 643 1347 664 amnem
1364 631 1532 672 pervenit,
1548 629 1741 666 delicatam,
1766 633 1803 658 ut
1824 625 1916 657 fama

1216 688 1281 722 est,
1297 683 1476 713 vehentem
1493 679 1638 720 aquam!
1683 679 1735 708 De
1759 677 1914 717 Choaspe

1215 733 1318 773 loqui,
1330 741 1427 762 nemo
1439 740 1503 760 non
1517 730 1651 760 viderit.
1695 727 1763 758 Adi
1777 735 1914 768 qnoque

1216 784 1371 813 Laetam.
1394 790 1418 811 1.
1449 784 1483 810 et
1511 779 1679 810 Ammian.
1703 786 1812 808 xvni.
1856 777 1911 807 Ex

1216 831 1282 872 huj.
1305 831 1401 861 alveo
1417 829 1552 870 quidam
1577 834 1731 858 veterum
1755 825 1914 867 prodide-

1216 885 1294 911 runt
1320 879 1473 920 Cydnum
1501 889 1529 909 s.
1556 877 1712 917 Gyndem
1733 874 1915 917 profluere.

1217 930 1317 961 Unde
1334 939 1428 960 error
1443 928 1550 959 Solini
1575 935 1745 958 emanasse
1768 925 1914 964 videtur,

1217 983 1375 1022 dicentis,
1393 982 1546 1022 Cydnum
1572 979 1700 1011 Ciliciae
1723 988 1741 1009 e
1758 978 1916 1018 Choaspe

1217 1032 1375 1063 derivari.
1413 1030 1479 1061 Ubi
1497 1028 1675 1060 confundit
1691 1027 1845 1067 Cydnum
1861 1026 1915 1057 Ci-

1218 1083 1304 1113 liciae
1321 1081 1471 1112 cumhoc
1482 1079 1620 1110 Persiae.
1648 1077 1733 1108 Voss.
1778 1075 1914 1107 Acidal.

1219 1142 1280 1173 pro
1305 1131 1406 1172 Cydni
1430 1129 1564 1169 legend.
1588 1132 1687 1168 putat
1710 1126 1815 1166 Lyci;
1837 1124 1917 1165 quia

1220 1181 1351 1213 Arrian.
1369 1186 1404 1211 et
1420 1180 1515 1210 Curt.
1533 1179 1586 1208 hic
1599 1177 1641 1208 de
1657 1178 1746 1216 Lyco
1760 1174 1918 1216 prodide-

1220 1236 1307 1262 runt.
1338 1230 1386 1261 At
1400 1231 1498 1260 Voss.
1513 1228 1594 1258 nihil
1608 1226 1758 1257 mutand.
1775 1230 1915 1256 censet:

1220 1281 1297 1322 quia
1312 1280 1425 1320 Lycus
1441 1284 1476 1309 et
1493 1278 1628 1318 Cydnus
1646 1277 1756 1307 vicina
1778 1275 1917 1306 flumina

1219 1331 1300 1369 sint,
1311 1335 1453 1369 utraque
1466 1329 1498 1358 in
1510 1328 1638 1367 Tigrim
1652 1326 1808 1358 labentia.
1832 1326 1918 1357 Por-

1220 1389 1257 1410 ro
1274 1389 1335 1419 pro
1351 1379 1607 1408 intercluderetur·
1628 1376 1759 1407 Acidal.
1781 1375 1917 1416 legend.

1221 1433 1340 1460 censet
1355 1428 1497 1458 intercid.
1544 1427 1589 1457 Et
1612 1436 1692 1456 sane
1710 1426 1764 1456 vel
1787 1426 1847 1465 sic,
1864 1425 1918 1456 vel

1220 1477 1398 1508 inter-scinci.
1426 1476 1522 1507 nobis
1548 1485 1679 1516 quoqne
1704 1474 1841 1514 legend.
1871 1474 1918 1505 vi-

1221 1527 1332 1558 detur.
1377 1529 1385 1543 ‘
1400 1525 1560 1556 Reditnm
1573 1525 1752 1555 intercludi
1766 1523 1774 1536 '
1792 1533 1864 1563 sup.
1876 1532 1917 1555 11.

1222 1581 1252 1609 5.
1272 1580 1322 1607 10.
1339 1580 1373 1606 et
1390 1578 1440 1606 13.
1457 1579 1488 1606 5.
1513 1574 1617 1612 dicit;
1642 1574 1730 1614 quod
1744 1573 1774 1604 h.
1787 1573 1808 1604 l.
1831 1574 1920 1603 ‘iter

1222 1625 1403 1667 impediri.’
1439 1626 1564 1656 Verum
1589 1625 1697 1664 ipsum
1710 1626 1844 1663 pontem,
1859 1632 1920 1662 per

1221 1688 1321 1720 quem
1338 1679 1402 1709 iter
1418 1683 1454 1708 et
1478 1676 1605 1707 reditus
1624 1674 1810 1714 faciendus,
1824 1675 1921 1705 inter-

1221 1729 1315 1767 cludi,
1340 1728 1405 1758 dici
1433 1736 1530 1765 posse
1555 1726 1609 1756 vix
1633 1724 1779 1755 videtur.
1824 1723 1917 1754 Prae-

1222 1777 1319 1808 dictis
1335 1776 1417 1807 locis
1437 1776 1512 1815 ipse
1536 1775 1661 1806 Noster
1683 1775 1692 1790 ‘
1711 1778 1847 1814 pontem
1870 1773 1920 1804 in-

1224 1829 1408 1870 terrumpi'
1445 1828 1550 1859 dicit:
1597 1832 1632 1857 ct
1664 1826 1732 1863 alii,
1753 1827 1762 1841 ‘
1779 1831 1918 1865 pontem

1222 1879 1390 1917 rescindi,'
1414 1876 1651 1917 ‘interscindi,’
1672 1876 1681 1892 ‘
1696 1875 1826 1916 recidi,'
1847 1878 1855 1891 ⁸
1873 1876 1920 1906 in-

1223 1928 1370 1960 tercidi.'
1400 1928 1503 1958 Vorst.

1266 1975 1544 2015 Inter-cluderetur]
1596 1974 1730 2006 Acidal.
1778 1973 1919 2014 pulchre

1222 2029 1308 2059 vidit
1335 2029 1418 2058 hanc
1449 2029 1525 2058 lect.
1550 2025 1633 2056 ferri
1661 2035 1726 2056 non
1750 2034 1860 2065 posse,
1885 2030 1921 2055 et

1223 2082 1323 2109 acute
1347 2078 1495 2117 conjecit
1511 2075 1644 2115 legend.
1662 2085 1734 2106 esse
1757 2074 1920 2105 intercide—

1221 2132 1327 2159 retur:
1352 2127 1454 2169 quud,
1476 2136 1551 2157 cuin
1569 2125 1707 2157 inJunt.
1720 2134 1807 2155 nunc
1823 2133 1920 2164 repe-

1224 2179 1337 2217 rerim,
1374 2178 1483 2208 nullus
1519 2176 1671 2207 dubitavi
1697 2175 1850 2215 recipere
1886 2174 1920 2204 in

1222 2229 1328 2268 ipsum
1361 2231 1513 2258 context.
1557 2226 1627 2256 Pro
1652 2226 1760 2265 Cydno
1785 2223 1921 2264 legend.

1224 2287 1296 2307 esse
1314 2277 1395 2317 Lyco
1411 2276 1503 2306 docti
1515 2284 1647 2316 quoque
1667 2275 1730 2306 viri
1750 2283 1922 2314 praecepe-

1225 2331 1315 2358 runt.
1343 2327 1450 2357 Graev.

1271 2377 1313 2407 Ut
1330 2380 1374 2406 tot
1391 2376 1488 2406 millia
1503 2375 1666 2415 sociorum]
1713 2376 1758 2407 Et
1773 2375 1826 2407 hic
1842 2385 1921 2407 con-

1219 2427 1358 2467 jectura
1382 2425 1523 2456 Acidalii
1548 2426 1663 2465 placet
1685 2435 1744 2465 pro
1770 2426 1921 2455 sociorum

1224 2476 1368 2516 legentis
1394 2486 1528 2506 suorum.
1576 2475 1687 2514 Reges
1714 2479 1750 2505 et
1780 2475 1922 2514 impera-

1226 2533 1316 2557 tores
1347 2527 1488 2556 militem
1519 2535 1612 2555 suum
1647 2526 1768 2555 ‘snos’
1798 2534 1921 2555 vocare

1225 2576 1449 2607 notissimum.
1494 2574 1571 2604 Vid-
1596 2583 1663 2604 xii.
1688 2578 1719 2605 5.
1745 2576 1776 2604 2.
1820 2573 1922 2604 Vorst.

1226 2625 1428 2663 Emendaut,
1461 2628 1506 2655 tot
1539 2624 1640 2654 millia
1666 2633 1799 2654 suorum.
1852 2623 1920 2654 Sed

1226 2677 1386 2707 videntur
1401 2675 1482 2706 socii
1495 2675 1548 2705 hic
1562 2673 1751 2714 accipiendi
1767 2674 1808 2704 de
1822 2674 1922 2704 sociis

1226 2725 1327 2767 fugae.
1384 2724 1559 2758 Quomodo
1592 2733 1714 2763 nempe
1752 2733 1805 2763 ap.
1848 2723 1920 2754 Cic.

1228 2776 1377 2816 aliosque
1401 2777 1409 2792 ‘
1429 2774 1512 2805 socii
1538 2772 1778 2812 consiliorum‚’
1810 2773 1921 2813 ‘peri-

1226 2824 1398 2865 culorum‚'
1417 2830 1454 2857 et
1473 2824 1635 2865 ejusmodi
1651 2824 1820 2865 leguntur.
1862 2823 1919 2854 Sic
