2174 3424
578 312 773 344 JUST1N1
808 313 902 342 Lm.
935 313 985 342 11.
1016 315 1122 345 OAP.
1152 304 1195 345 2.

170 405 275 437 Bech.
291 404 432 446 aliaeque
448 405 494 436 sic
505 415 512 436 :
525 413 591 444 per.
605 413 670 444 asp.
686 413 722 434 ac
735 413 763 435 r.
780 413 821 433 m.
834 413 864 434 a.

169 455 246 486 Nec
283 455 384 485 aliter
412 463 496 484 unus
531 455 614 484 Mss.
641 463 722 494 quos
758 454 864 493 Bong.

168 504 265 534 vidit.
306 504 347 534 Et
362 503 440 534 mihi
454 503 587 544 quidem
603 503 665 534 hoc
683 503 863 543 genuinum

168 555 313 586 videtur.
349 556 451 586 Vorst.
495 555 594 588 Junt.
624 564 663 585 ac
692 555 761 593 alii,
791 563 861 593 arg.

161 615 228 645 per.
251 615 316 646 asp.
340 616 386 644 ac,
411 605 499 646 quod
525 605 669 646 probant
692 605 859 635 Bernecc.

165 654 280 686 Graev.
311 656 409 686 Voss.
443 665 495 686 me
531 664 597 686 non
635 660 861 695 repugnante.

164 704 267 740 Schef.

206 755 223 794 ᾧ
247 756 266 785 8
287 753 398 793 Lacte]
433 753 518 784 Inde
541 753 692 784 Homero
716 753 758 784 Il.
775 762 859 784 xm.

163 815 194 837 v.
216 808 248 836 6.
277 803 524 845 γαλακτοφσίγοι,
545 805 698 835 lactivorz'.
733 804 858 835 Strabo

162 855 219 885 lib.
242 864 305 885 vn.
331 860 364 885 et
382 863 433 885 x1.
459 855 554 885 addit
570 863 682 895 carne,
697 859 733 886 et
748 863 858 893 caseo,

161 903 283 945 equino
300 904 454 934 maxime.
482 904 583 942 Bong.

203 956 221 994 ξ
244 957 264 985 9
285 954 381 984 Lance
406 954 446 984 iis
466 964 550 991 usus,
569 953 638 993 ὅπη]
674 953 732 984 Sic
757 953 854 993 lego:

160 1005 191 1036 (1.
208 1004 248 1035 iis
269 1014 300 1035 u.
323 1014 360 1034 ac
381 1004 510 1035 vestium
532 1004 668 1043 ignotus,
686 1013 857 1043 quanquam

159 1054 312 1084 continuis
328 1053 504 1092 frigoribus
527 1056 669 1084 urantur.
715 1052 856 1083 Pellibus

159 1108 259 1135 tamen
265 1104 382 1141 ferinis
396 1107 449 1134 aut
464 1104 595 1134 murinis
608 1107 749 1135 utuntur.
773 1105 854 1135 Par-

159 1154 263 1185 ticula
274 1157 305 1185 et
321 1154 520 1194 interposita
531 1159 610 1185 ante
626 1154 833 1195 ‘quanquam
843 1153 853 1168 '

160 1209 267 1235 totam
292 1204 358 1234 loci
387 1205 591 1235 sententiam
621 1204 748 1241 turbat,
779 1215 852 1246 quae

158 1255 260 1294 plana
274 1254 314 1285 fit
329 1264 370 1285 ea
386 1255 528 1285 sublata.
552 1254 620 1286 Sul.

200 1304 296 1335 Lance
309 1304 350 1334 iis
363 1314 433 1335 usus
454 1314 490 1334 ac
512 1307 640 1335 vestium
657 1305 800 1344 ignotus:
823 1309 853 1337 et

157 1362 326 1392 quanquam
348 1353 499 1383 continuis
513 1352 690 1392 frigoribus
709 1358 852 1393 urantur,

153 1402 283 1441 pellibus
296 1405 397 1432 tamen
411 1401 528 1439 ferinis
545 1405 597 1432 aul
615 1403 746 1433 murinis
760 1406 851 1434 utun-

158 1451 224 1491 tur]
269 1452 376 1482 Locus
411 1452 481 1482 sine
525 1452 625 1482 dubio
663 1458 852 1493 corruptus.

158 1501 337 1541 Quanquam
352 1502 438 1532 enim
456 1506 492 1532 et
508 1504 608 1532 tamen
622 1511 686 1532 uon
701 1503 784 1533 bene
796 1503 852 1534 hic

156 1554 386 1590 opponuntur:
404 1550 494 1590 quod
508 1551 614 1591 quivis
626 1551 732 1582 videt.
745 1552 851 1592 Bong.

156 1609 218 1640 pro
233 1603 336 1631 tamen
358 1601 532 1641 rescripsit
555 1604 686 1634 tantum.
729 1601 851 1634 Acida-

155 1649 218 1680 lius
241 1650 408 1690 vulgatam
431 1651 511 1681 lect.
530 1652 666 1691 retinet,
689 1656 724 1683 et
749 1658 851 1683 tamen

152 1697 244 1728 idem
265 1698 318 1729 hic
342 1699 442 1739 quod,
471 1705 615 1740 tantum,
638 1711 714 1732 esse
736 1702 851 1732 existi·

153 1754 236 1779 mat.
272 1748 406 1780 Neuter
421 1759 537 1781 eorum
554 1755 656 1783 recte.
694 1752 747 1782 Ex
762 1752 850 1783 mala

151 1797 427 1838 interpunctione
449 1803 485 1830 et
504 1802 548 1830 est
563 1800 598 1830 in
613 1803 645 1831 et
658 1805 787 1832 mutato
802 1801 848 1832 la-

151 1848 252 1880 borat
266 1849 371 1880 locus.
416 1849 551 1890 Itaque,
567 1860 620 1881 me
633 1855 784 1890 auctore,
798 1850 846 1881 sic

150 1899 227 1939 lege
241 1908 249 1928 :
272 1899 311 1930 L.
328 1899 369 1930 iis
383 1909 414 1930 u.
430 1909 465 1930 ac
481 1910 507 1931 v.
521 1900 587 1939 ign.
602 1903 659 1940 est,
680 1910 709 1940 q.
725 1910 751 1931 c.
768 1900 799 1938 f.
815 1910 845 1931 u.

147 1958 181 1988 p.
199 1947 262 1986 t.f.
278 1958 308 1979 a.
322 1959 363 1979 m.
374 1959 405 1980 u.
430 1949 520 1980 Nihil
538 1950 682 1990 planius,
704 1951 811 1982 Boxh.

194 1999 376 2039 Quanquam
395 2000 546 2030 continuis
558 1999 734 2039 frigoribus
751 2011 844 2032 uran-

149 2048 216 2088 tur]
254 2050 320 2080 Ms.
343 2049 572 2089 Anglicanus:
593 2050 690 2081 Lanoe
711 2050 752 2081 iis
772 2060 844 2082 usus

148 2100 189 2129 ad
202 2099 343 2130 vestitum
357 2100 490 2138 ignotus.
520 2099 587 2130 Sed
602 2099 675 2130 haec
690 2099 842 2140 interpo-

147 2148 230 2179 lavit
251 2149 385 2188 sciolus,
408 2149 464 2190 qui
486 2149 630 2180 nescivit
652 2159 713 2189 per
740 2148 773 2180 ἓν
793 2149 842 2182 διὰ

148 2199 229 2229 δυοῖν
254 2200 332 2229 lanoe
360 2209 396 2230 ac
423 2202 519 2230 vestes
541 2199 607 2230 dici
631 2209 704 2240 pro,
733 2200 840 2231 laneae

146 2253 270 2280 vestes.
315 2248 426 2280 Nullis
449 2253 592 2280 utuntur
614 2249 718 2280 laneiS
741 2249 841 2280 vesti-

145 2297 220 2337 bus,
237 2302 274 2329 ut
288 2297 414 2339 Graeci,
429 2299 582 2339 Romani,
606 2309 645 2330 ac
667 2300 842 2340 pleraeque

147 2353 278 2389 gentes,
307 2349 366 2380 sed
397 2350 546 2390 pelliceis
571 2356 713 2381 tantum.
757 2350 840 2391 Huj.

147 2399 325 2431 schematis
341 2399 506 2440 ignoratio
524 2400 610 2432 viros
626 2401 744 2432 doctos
762 2410 841 2442 quo-

147 2449 260 2489 quein
277 2458 426 2481 errorem
449 2450 596 2490 induxit,
620 2456 656 2482 ut
672 2452 841 2483 haererent

144 2498 177 2528 in
194 2508 286 2540 seqq.
299 2499 428 2539 pellibus
438 2503 539 2530 tamen
546 2500 663 2538 ferinis
674 2505 729 2532 aut
744 2502 840 2532 muri-

144 2548 192 2579 m‘s
212 2553 363 2581 utuntur:
387 2550 433 2582 ibi
456 2560 521 2582 non
543 2552 630 2582 male
645 2551 761 2584 Juntae
778 2561 839 2592 pro

146 2601 274 2629 utuntur
289 2599 441 2630 scribunt
462 2600 645 2640 vestiuntur,
667 2601 726 2631 sed
752 2601 838 2632 male

144 2657 205 2688 pro
214 2648 329 2686 ferinis
344 2654 568 2690 reposuerunt
581 2650 703 2688 felinis.
746 2652 755 2668 ‘
775 2651 838 2681 Fe-

145 2698 248 2729 rinae'
278 2700 383 2739 pelles
409 2704 487 2730 sunt
516 2700 682 2740 majorum
714 2700 838 2732 anima-

143 2747 236 2787 lium,
264 2753 302 2779 ut
331 2749 499 2789 luporum,
525 2760 701 2789 ursorum3
737 2751 747 2768 ‘
768 2761 838 2782 mu-

145 2796 226 2827 rinae
239 2800 247 2813 ’
269 2807 347 2829 vero
362 2799 541 2840 minorum,
553 2804 593 2830 ut
609 2800 774 2840 vulpium,
791 2801 838 2831 le-

143 2857 272 2890 porum,
289 2849 531 2892 cuniculorum‚
553 2854 592 2882 ut
614 2854 708 2883 recte
723 2859 837 2882 monu-

1527 302 1612 342 655

915 407 1016 434 erunt
1033 404 1091 434 viri
1107 404 1211 435 docti.
1230 404 1336 435 Groev.
1368 404 1423 435 Sic
1441 405 1609 445 legerem:

913 454 1009 484 Lunae
1026 455 1066 485 iis
1080 464 1151 485 usus
1172 456 1211 485 ad
1234 458 1344 486 vestem
1359 456 1492 494 ignotus.
1522 455 1549 487 Ι.
1576 465 1609 486 e.

913 504 1062 535 vesthus
1094 509 1235 535 utuntur
1269 505 1416 545 quidem,
1448 505 1507 536 sed
1543 514 1609 536 non

911 554 1031 593 laneis,
1053 559 1088 586 at
1112 555 1262 596 pelliceis
1286 561 1428 586 tantum.
1474 556 1609 586 Falsum

911 604 1000 635 enim
1016 610 1069 636 est
1084 606 1254 637 veteribus
1271 606 1336 636 illis
1353 606 1487 646 Scythis
1505 606 1607 636 vesti-

910 663 966 684 um
1003 664 1099 685 usum
1129 655 1281 695 ignotum
1315 654 1430 686 fnisse.
1476 655 1579 685 Dices
1597 665 1605 684 :

909 704 1032 735 Vestes
1070 714 1136 736 non
1172 705 1356 743 habebant,
1393 704 1454 735 sed
1486 705 1604 744 pelles,

909 754 1004 794 queis
1031 764 1090 795 pro
1114 760 1208 786 veste
1234 755 1428 786 utebantur.
1471 754 1520 785 At
1542 755 1605 786 hoc

907 804 1016 835 minus
1042 815 1121 836 vere
1148 809 1339 843 asseratur3
1368 814 1443 835 nam
1467 804 1605 836 braccas

906 853 988 884 illud
1005 864 1110 894 genus
1123 854 1290 892 habebat3
1314 855 1393 895 quin
1411 854 1513 884 etiam
1532 863 1604 885 ves-

908 910 976 935 tem
994 904 1173 946 aliquando
1190 905 1232 935 ad
1249 905 1362 935 oculos
1379 913 1481 944 usque
1500 903 1605 934 addu-

906 954 1041 994 cebant,
1052 960 1088 985 ut
1105 965 1141 986 se
1157 964 1176 985 a
1188 955 1292 985 nimia
1306 954 1441 995 frigoris
1457 954 1606 985 immani-

907 1008 979 1035 tate
1005 1008 1210 1044 tutarentur,
1239 1005 1272 1034 in
1301 1014 1399 1045 quam
1431 1013 1502 1034 rem
1532 1009 1601 1035 tam

905 1059 1019 1085 certus
1035 1064 1133 1095 quam
1146 1054 1266 1085 infelix
1284 1055 1381 1086 testis
1397 1065 1472 1086 esse
1490 1061 1604 1095 potest

905 1103 1059 1135 Ovidius.
1092 1104 1197 1144 Dein,
1221 1105 1247 1135 si
1264 1105 1350 1146 quis,
1373 1105 1528 1144 neglecto
1543 1110 1602 1136 aut

903 1154 1018 1194 ignoto
1034 1156 1121 1186 lanae
1146 1164 1218 1195 usu,
1241 1165 1314 1186 sese
1336 1155 1477 1195 pellibus
1493 1161 1602 1195 tegat,

903 1215 944 1236 an
961 1205 1018 1236 ille
1035 1206 1120 1237 adeo
1143 1211 1271 1237 vestem
1296 1206 1451 1237 habuisse
1465 1207 1601 1246 negabi-

902 1256 981 1286 tur?
1005 1255 1053 1287 At
1068 1266 1136 1287 non
1150 1256 1252 1287 habet
1267 1256 1423 1287 laneam?
1445 1256 1512 1287 Sed
1530 1257 1601 1296 pel-

901 1305 1022 1336 liceam
1038 1305 1151 1337 habet.
1182 1306 1249 1339 Qui
1265 1306 1374 1337 serica
1389 1310 1447 1337 aut
1462 1305 1600 1346 bomby-

901 1355 977 1386 cina
993 1360 1087 1386 veste
1101 1356 1220 1396 utitur,
1233 1366 1300 1387 non
1313 1356 1389 1387 ideo
1402 1356 1493 1386 nulla
1506 1361 1598 1386 veste

901 1405 950 1434 uti
968 1404 1114 1444 dicetur,
1137 1406 1215 1446 quia
1236 1406 1368 1436 laneam
1393 1415 1458 1436 non
1481 1405 1596 1437 habet.

901 1453 1014 1485 Faber.
1038 1455 1131 1494 Lego
1148 1464 1224 1485 cum
1238 1455 1339 1486 Salm.
1357 1465 1384 1494 q.
1399 1465 1426 1485 c.
1440 1454 1474 1491 f.
1489 1465 1520 1486 u.
1539 1464 1597 1486 ex-

901 1507 1026 1543 puncta
1035 1505 1155 1535 vocula
1165 1508 1207 1544 et,
1218 1515 1291 1545 quae
1304 1510 1376 1535 erat
1387 1510 1465 1535 ante
1476 1507 1485 1521 ‘
1496 1515 1600 1546 quan-

900 1553 1021 1594 quam.'
1066 1555 1166 1587 Quod
1183 1556 1191 1572 ‘
1205 1554 1321 1585 urere'
1336 1559 1371 1585 et
1387 1554 1492 1594 frigus
1509 1555 1600 1586 dica-

900 1607 968 1642 tur,
1005 1603 1105 1634 etiam
1142 1603 1274 1634 aliunde
1321 1609 1448 1635 notum.
1491 1604 1594 1636 Vorst.

900 1654 1009 1685 Notat
1033 1655 1147 1685 Vorst.
1172 1655 1235 1685 hoc
1258 1658 1360 1685 tamen
1382 1664 1446 1685 non
1471 1656 1597 1695 opponi

900 1703 1052 1743 proximo
1087 1705 1096 1720 ‘
1114 1714 1302 1745 quanquam
1337 1704 1498 1743 urantur‚’
1535 1704 1596 1735 sed

899 1754 1110 1793 praecedenti
1136 1756 1145 1770 ‘
1162 1755 1307 1785 vestium
1333 1764 1411 1786 usus
1439 1754 1597 1794 ignotus‚'

898 1801 987 1842 quod
1004 1804 1145 1842 probum
1169 1808 1231 1835 est.
1274 1804 1343 1835 Sed
1359 1804 1487 1835 omittit
1509 1804 1592 1835 illud

896 1855 926 1881 et
948 1856 1028 1883 ante
1050 1855 1058 1871 ‘
1075 1853 1286 1894 quanquam‚'
1308 1854 1398 1894 quod
1421 1858 1455 1884 et
1481 1853 1594 1885 Graev.

895 1899 992 1932 facit.
1037 1902 1126 1934 Quia
1149 1907 1261 1933 tamen
1287 1903 1436 1933 retinent
1463 1903 1594 1944 antiqui

894 1950 986 1990 libri,
999 1956 1184 1993 propterea
1198 1952 1366 1983 scribeud.
1384 1962 1505 1984 censeo
1519 1963 1527 1983 z
1552 1953 1591 1984 L.

893 2001 934 2031 iis
947 2011 975 2032 ιι.
991 2011 1026 2032 ac
1040 2002 1170 2033 vestium
1184 2002 1250 2041 ign.
1265 2006 1323 2043 est,
1337 2013 1366 2043 q.
1379 2002 1443 2041 c.s.
1459 2012 1492 2034 u.
1509 2003 1590 2034 Pell.

891 2053 1006 2091 tamen,
1019 2054 1072 2093 lise.
1096 2051 1211 2084 Schef.

934 2103 1074 2136 Pellibus
1087 2104 1206 2145 tamen]
1229 2104 1348 2135 Malim
1360 2107 1492 2136 tantum.
1514 2104 1592 2136 Pel-

891 2154 940 2185 les
965 2154 1169 2186 Nomadicas
1195 2163 1324 2186 merces
1349 2159 1591 2186 commemorat

891 2204 1014 2235 Strabo
1038 2204 1094 2236 lib.
1110 2213 1153 2235 11.
1182 2205 1238 2236 De
1264 2205 1396 2235 Hunnis
1420 2205 1592 2236 Marcelli·

890 2261 965 2292 nus,
988 2253 998 2270 ⁴
1015 2253 1252 2292 Indumentis,'
1267 2254 1390 2295 inquit,
1407 2257 1416 2271 ‘
1433 2254 1590 2294 operiun-

890 2307 946 2333 tur
974 2303 1100 2342 linteis‚
1126 2304 1178 2334 vel
1207 2304 1354 2344 pellibus
1383 2304 1588 2334 silvestrium

891 2353 1033 2384 murium
1046 2353 1313 2385 consarcinatis!
1329 2354 1487 2393 Bongars.
1502 2354 1537 2384 M
1543 2354 1589 2385 al-

890 2402 938 2432 let
953 2403 1063 2442 Bong.
1081 2405 1220 2434 tantum.-
1242 2404 1412 2434 sententia
1425 2408 1517 2435 certe
1535 2413 1588 2434 re-

890 2452 1007 2492 quirit.
1051 2451 1119 2483 Sed
1142 2453 1219 2483 Val.
1236 2452 1410 2484 Acidalius
1431 2454 1472 2483 ad
1497 2453 1585 2484 Ven.

890 2509 931 2532 ιι.
948 2504 999 2532 28.
1014 2505 1046 2533 5.
1070 2501 1247 2532 contendit
1262 2506 1298 2533 et
1313 2502 1426 2542 isthic,
1449 2507 1483 2532 et
1507 2502 1587 2532 alibi

890 2552 1012 2592 passim
1029 2552 1064 2582 iu
1080 2556 1231 2582 veterum
1254 2552 1404 2592 scriptis,
1426 2554 1435 2569 ‘
1454 2552 1584 2583 tamen’

890 2600 1001 2640 accipi
1018 2600 1217 2641 quandoque
1234 2610 1307 2641 pro,
1322 2605 1466 2632 tantum.
1504 2601 1584 2641 Ipse

889 2651 1034 2682 viderit:
1060 2655 1112 2681 est
1128 2651 1159 2681 h.
1183 2660 1282 2681 sensu
1306 2660 1359 2690 ap.
1383 2650 1537 2682 Frontin.
1562 2660 1584 2681 ι.

889 2703 919 2732 1.
931 2703 962 2731 4.
981 2701 1052 2731 Liv.
1067 2709 1172 2732 xxix,
1186 2703 1239 2731 35.
1257 2700 1393 2741 Ulpian.
1405 2700 1475 2731 Tit.
1490 2708 1584 2732 xxu.

888 2751 917 2791 ς.
932 2754 963 2782 9.
986 2751 1085 2781 Bern.

930 2801 1067 2831 Pellibus
1100 2803 1204 2831 tamen
1231 2798 1350 2837 ferinis
1384 2809 1420 2829 ac
1455 2799 1586 2830 murinis

886 2850 1033 2890 utuntur]
1056 2850 1131 2883 Sen.
1147 2850 1279 2890 Ep.xc.
1301 2849 1310 2867 ‘
1330 2848 1407 2880 Non
1419 2848 1584 2890 hodieque
