2174 3424
578 363 596 393 J
609 362 775 394 USTlNI
811 363 903 392 Lm.

188 458 255 489 Ms.
272 463 309 489 et
325 457 397 488 aliis
413 455 489 487 edd.
515 454 769 486 vetustioribus.
813 454 883 486 Sed

188 508 315 539 rectius
329 506 547 538 recentiores.
575 507 679 536 Groev.
727 505 771 536 H.
788 505 810 535 l.
823 514 884 545 pro

190 557 505 589 Onomar-chusJunt.
519 556 573 587 ed.
587 556 687 586 habet
703 556 885 595 OEnomaus,

187 618 263 639 cum
281 607 381 639 Oros.
396 613 431 638 et
449 616 522 638 cum
539 605 727 637 editoribus
742 605 884 637 Justini.

188 657 254 688 Sed
271 660 306 687 et
322 656 422 688 Oros.
439 661 475 687 ct
498 657 595 688 Junt.
618 660 748 686 errant.
795 655 885 686 Nam

187 717 206 739 a
223 707 322 739 Paus.
339 707 534 747 planissime
552 706 677 738 dicitur
697 708 707 723 ⁴
720 706 886 736 Onomar·

187 756 295 796 chus,’
312 757 414 798 idque
441 757 570 788 duobus·
595 756 688 796 locis,
710 766 743 796 p.
761 759 834 787 318.
851 756 885 787 in

187 806 357 838 Phocicis.
417 807 601 838 OEnomaus
629 812 755 845 autem,
785 816 885 847 quem

187 856 246 888 isti
272 856 306 887 in
322 857 431 888 animo
455 857 641 895 habebant,
658 856 745 887 bello
760 856 886 887 Servili

189 907 341 938 Romano
357 916 431 937 cum
457 907 587 948 Chryso
601 910 636 937 et
651 907 820 947 Spartaco
837 907 888 937 in-

188 957 322 988 claruit.
346 957 426 988 Fao.

233 1008 321 1039 CAP.
335 1016 375 1038 11.
398 1008 415 1047 ξ
430 1011 444 1038 1
463 1005 670 1046 Thessalique]
688 1006 766 1037 Non
779 1005 889 1046 video,

191 1057 271 1099 quid
283 1057 337 1088 hic
360 1059 368 1074 ‘
383 1057 552 1088 Thessali’
577 1055 718 1096 faciant,
743 1057 799 1097 qui
812 1056 887 1096 jam

190 1111 269 1138 ante
287 1107 369 1137 victi
385 1111 484 1138 erant
500 1116 519 1137 a
537 1107 709 1147 Philippo.
745 1107 819 1137 Nec
833 1116 887 1137 eo-

191 1167 264 1188 rum
279 1157 348 1187 ulla
361 1157 413 1188 vel
427 1157 458 1187 in
472 1156 647 1197 praecedd.
670 1157 723 1187 vel
744 1157 778 1188 in
794 1166 888 1198 seqq.

189 1207 230 1238 fit
245 1208 386 1238 mentio.
432 1206 486 1237 An
504 1207 569 1238 huc
596 1210 744 1237 tractum
770 1217 813 1237 ex
836 1216 886 1238 se-

191 1257 433 1298 quenticap.4.
463 1257 530 1288 Sed
544 1261 580 1288 et
591 1256 638 1287 ibi
649 1257 768 1297 legunt
783 1257 887 1288 ‘The-

190 1307 295 1338 bani!
317 1307 420 1345 Schef.

235 1358 307 1388 Non
322 1367 362 1387 esc
375 1357 492 1388 civibus
503 1357 580 1397 suis,
592 1367 629 1388 ne
642 1357 770 1388 victoris
781 1361 888 1398 poten-

189 1407 267 1438 tiam
283 1407 373 1444 serre
386 1418 446 1438 non
469 1407 607 1448 possent]
630 1410 639 1425 ‘
653 1408 729 1439 Non
747 1418 787 1439 ex
806 1408 888 1439 eivi-

189 1456 251 1488 bus
263 1457 353 1496 suis,'
367 1457 518 1497 subaudi,
529 1458 686 1499 aliquem.
732 1459 778 1489 Et
799 1460 807 1476 ‘
822 1459 889 1490 vic·

191 1506 296 1537 toris'
327 1512 381 1538 est
408 1517 480 1548 pro,
507 1508 534 1538 si
564 1510 591 1539 is
620 1509 728 1539 victor
754 1508 887 1540 fuisset.

193 1557 252 1588 Sic
264 1556 336 1588 Liv.
353 1566 405 1588 lx.
420 1560 472 1588 18.
495 1560 504 1575 ‘
518 1558 632 1588 Etiam
649 1559 750 1590 victis
773 1559 889 1590 Mace-

193 1607 337 1639 donibus
367 1618 500 1648 graves‚
527 1610 651 1640 nedum
680 1609 891 1650 victoribus,'

192 1659 215 1689 i.
231 1667 259 1689 e.
277 1659 406 1689 etiamsi
423 1659 502 1690 vieti
525 1659 678 1690 fuissent.
722 1661 767 1691 Et
780 1670 813 1691 v.
836 1661 845 1678 ⁴
859 1661 890 1691 I-

191 1712 306 1749 taque,
334 1718 376 1739 ne
407 1718 511 1749 penes
542 1710 633 1750 ipsos
663 1711 766 1751 culpa
799 1715 891 1742 esset

190 1759 296 1790 cladis
324 1758 415 1790 forte
441 1759 574 1790 Gallico
604 1760 692 1791 bello
721 1765 891 1801 acceptae,

191 1809 416 1849 cognitionem
439 1810 482 1840 de
508 1811 688 1850 postulatis
714 1811 892 1842 Gallorum

190 1859 232 1891 ad
250 1861 411 1901 populum
436 1860 623 1901 rejiciunt,'
648 1861 669 1891 i.
685 1871 716 1893 e.
734 1862 761 1892 si
777 1861 892 1892 clades

193 1911 422 1952 acciperetur,
453 1912 505 1942 vel
530 1912 557 1942 si
588 1918 730 1953 accepta
760 1911 891 1945 fuisset.

193 1961 272 1993 vid.
286 1966 321 1992 et
338 1961 486 1992 Gronov.
503 1961 546 1992 ad
562 1961 635 1993 Liv.
650 1971 702 1993 ix.
721 1964 771 1993 18.
799 1962 871 1993 Vor.

234 2013 252 2053 ᾗ
267 2015 287 2043 2
311 2013 461 2043 Externoe
473 2012 691 2052 dominationi]
715 2013 755 2043 In
768 2012 892 2042 discor-

193 2060 248 2093 dia
276 2061 377 2098 civili,
395 2062 403 2078 ‘
415 2071 503 2102 pars,
519 2072 594 2103 quae
616 2062 804 2093 domestico
817 2072 889 2092 cer-

193 2112 318 2143 tamine
337 2110 476 2142 inferior
510 2117 573 2152 est,
601 2118 741 2143 externo
775 2113 890 2152 potius

194 2172 229 2193 se
253 2162 417 2202 applicat,
448 2172 544 2203 quam
574 2163 642 2194 civi
666 2162 790 2195 cedit:'
815 2163 888 2194 Liv.

193 2221 321 2244 xxxiv.
334 2215 386 2245 49.
404 2215 454 2243 ll.
479 2213 577 2244 Rern.

236 2262 431 2302 Timaerunt]
453 2263 535 2303 Leg.
553 2263 733 2295 timuerunt.
756 2263 839 2295 Fab.

235 2313 253 2353 ᾧ
269 2315 289 2343 4
316 2313 491 2352 Insignibus
507 2313 585 2353 Dei]
609 2313 696 2345 Quia
713 2314 825 2344 laurus
841 2312 889 2344 A·

194 2363 311 2403 pollini
334 2372 442 2393 sacra.
490 2363 579 2394 Plin.
605 2372 671 2395 xix.
696 2366 726 2395 1.
752 2373 803 2404 pr.
821 2363 887 2394 Ov.

194 2414 244 2444 M.
262 2422 285 2445 1.
300 2413 383 2444 Fab.
401 2416 452 2444 14.
469 2415 532 2444 δίο.
556 2414 655 2445 Bern.

235 2464 252 2504 ξ
267 2466 288 2494 6
313 2463 450 2495 Ultorem
463 2464 660 2504 religionum]
697 2465 752 2495 De
768 2473 890 2504 magno

194 2514 337 2555 quodam
366 2514 537 2554 principe,
560 2515 618 2555 qui
636 2515 749 2546 colore
776 2515 890 2555 religi-

192 2564 279 2602 onis,
305 2573 406 2604 quam
431 2564 586 2594 omnibus
615 2565 804 2595 actionibus
821 2564 889 2595 suis

193 2624 327 2654 semper
352 2613 580 2654 praetexebat,
607 2614 648 2645 ad
670 2614 891 2645 ambitionem

192 2669 229 2695 et
256 2664 492 2704 inexplebilem
520 2664 733 2704 propagandi
759 2663 892 2704 imperii

194 2714 431 2754 cupiditatem,
445 2714 529 2744 mira
540 2718 575 2744 et
591 2714 667 2744 huic
683 2714 890 2754 Philippicae

194 2764 361 2794 simillima
376 2764 564 2795 calliditate
579 2763 645 2795 fuit
665 2765 800 2804 abusus,
822 2774 891 2795 om-

198 2814 277 2844 nino
290 2813 425 2844 videndi
436 2814 593 2845 Thuanus
609 2823 634 2846 1.
658 2814 891 2846 Guicciardin.

196 2872 263 2894 ΧΗ.
276 2864 494 2895 Machiavelli
510 2865 679 2905 Princeps
693 2875 768 2905 cap.
779 2867 832 2896 21.
843 2865 892 2895 Id.

238 2913 358 2954 Solum,
384 2914 436 2954 qui
460 2914 593 2956 piacula,
618 2915 689 2955 ise]
725 2915 827 2956 Angl.
843 2914 892 2946 sic

1210 352 1237 379 Ο

936 363 1042 393 vm.
1075 364 1179 393 υΛΡ,
1210 380 1250 394 ,.
1550 350 1634 391 751

936 455 1118 495 distinguit
1127 460 1162 486 et
1174 456 1274 496 legit:
1289 455 1457 486 exstitisse.
1491 455 1634 494 Dignum

935 506 1052 546 itaque,
1067 508 1120 546 qui
1133 507 1208 538 Diis
1221 506 1383 546 proximus
1393 506 1564 544 haberetur,
1580 515 1636 545 per

935 565 1032 596 quem.
1077 558 1186 588 Quam
1204 557 1282 587 lect.
1299 561 1381 596 puto
1399 556 1516 586 vei-iss.
1533 564 1635 586 cunc-

937 606 1048 647 tisque
1064 606 1327 646 praeferendam.
1352 605 1458 643 Schef.
1491 606 1631 636 Certiss.

937 662 991 687 est
1007 657 1088 687 lect.
1111 661 1146 687 et
1169 657 1402 696 interpunctio
1430 656 1507 686 libri
1534 654 1637 696 Angl.

937 716 1036 747 quam
1052 706 1174 737 merito
1188 706 1376 747 probarunt
1392 705 1526 736 Oxonu.
1542 710 1576 736 et
1590 705 1637 736 el.

937 755 1048 787 Schef.
1064 756 1160 796 cujus
1173 756 1284 786 obitus
1299 755 1348 786 rei
1370 755 1546 786 litterari‘ae
1564 756 1636 795 pla-

937 815 1011 845 gam
1029 805 1200 846 ingentem
1218 804 1353 836 inflixit.
1399 806 1481 838 Quis
1497 805 1585 835 enim
1602 805 1636 836 in

938 855 1084 895 vulgatis
1108 855 1283 895 intelligit,
1308 855 1364 896 qui
1381 855 1537 885 Latinam
1559 854 1639 885 Lin-

939 916 1037 946 guam
1063 906 1235 946 intelligit,
1261 907 1388 946 dignum
1408 906 1562 946 extitisse,
1584 906 1637 946 qui

934 956 1060 996 piacula
1090 954 1258 995 exigeret?
1318 956 1412 989 Quid
1440 956 1529 986 enim
1560 961 1612 987 est
1626 966 1635 987 :

939 1006 1002 1036 Ille
1013 1005 1133 1045 dignus
1146 1006 1275 1045 existit,
1284 1006 1340 1047 qui
1353 1006 1483 1036 seelera
1496 1005 1637 1046 puniat?

939 1065 1013 1086 cuin
1030 1056 1144 1094 dignus
1159 1056 1240 1086 nihil
1255 1056 1310 1087 hic
1334 1055 1399 1086 loci
1417 1060 1481 1086 est.
1527 1056 1593 1086 Sed
1610 1055 1638 1086 si

939 1106 1160 1146 interpungas
1187 1115 1264 1136 cum
1289 1105 1392 1146 Angl.
1407 1105 1536 1143 codice,
1554 1104 1638 1135 nihil

938 1161 1094 1197 superest
1117 1156 1208 1198 quod
1235 1166 1428 1198 quenquam
1446 1156 1554 1196 possit
1570 1165 1638 1186 mo-

938 1207 1018 1238 rari.
1044 1207 1118 1238 Hoc
1134 1207 1223 1237 enim
1238 1206 1321 1238 dicit
1333 1208 1423 1239 Just.
1440 1206 1637 1246 Philippum

938 1258 1045 1289 solum
1062 1257 1228 1297 extitisse,
1243 1257 1300 1299 qui
1317 1257 1474 1298 exigeret
1489 1257 1637 1296 piacula,

939 1317 1016 1348 quae
1033 1307 1123 1338 orbis
1146 1307 1270 1338 viribus
1299 1307 1469 1338 debebant
1484 1306 1638 1347 expiari3

940 1367 965 1388 s.
982 1357 1024 1387 ad
1048 1367 1122 1398 quae
1144 1358 1347 1388 vindicanda
1364 1362 1453 1388 totus
1470 1357 1561 1389 orbis
1579 1357 1639 1388 de-

940 1408 1043 1439 bebat
1053 1408 1259 1449 conspirare,
1270 1418 1309 1439 ea
1321 1409 1427 1439 solum
1440 1408 1638 1449 Philippum

940 1459 1100 1499 puniisse.
1147 1459 1304 1490 Nondum
1322 1465 1434 1490 tamen
1453 1468 1639 1499 perpurga-

941 1513 1012 1539 tum
1028 1509 1116 1540 hunc
1132 1509 1154 1540 l.
1171 1519 1244 1540 esse
1269 1515 1361 1549 puto.
1395 1508 1573 1539 Scribend.
1590 1508 1638 1539 vi-

942 1559 1042 1590 detur
1056 1560 1152 1589 solum
1165 1561 1216 1599 qui
1229 1559 1384 1599 piaculum
1398 1559 1549 1598 exigeret.
1594 1558 1638 1589 Id

941 1609 1123 1640 ostendunt
1144 1609 1248 1640 verba
1264 1609 1437 1649 praecedd.
1460 1610 1469 1625 ‘
1481 1608 1570 1650 quod
1587 1617 1639 1639 or-

941 1659 992 1689 bis
1019 1659 1144 1690 viribus
1168 1659 1300 1700 expiari
1325 1659 1463 1691 debuit.’
1506 1659 1594 1690 Nam
1611 1658 1639 1689 si

937 1710 1060 1750 piacula
1075 1710 1265 1750 scripsisset
1287 1710 1456 1748 Justinus,
1469 1709 1639 1740 scribend.

943 1761 1043 1791 etiam
1060 1759 1180 1792 fuisset
1195 1771 1262 1800 quae
1278 1760 1359 1790 orbis
1373 1759 1493 1790 viribus
1514 1759 1639 1800 expiari

942 1810 1120 1841 debuerunt.
1175 1811 1184 1827 ‘
1198 1810 1373 1840 Piaculum
1387 1809 1396 1822 ’
1435 1813 1549 1840 autem
1575 1813 1639 1849 est,

942 1860 1115 1900 piaculare
1127 1861 1248 1899 scelus,
1260 1859 1473 1898 sacrilegium
1485 1869 1532 1890 sc.
1542 1858 1637 1890 illud.

942 1910 978 1940 Si
996 1909 1068 1950 quis
1095 1918 1131 1940 se
1158 1910 1331 1949 vulgatam
1349 1908 1520 1939 existimet
1537 1918 1638 1948 posse

942 1959 1042 1998 tueri,
1058 1959 1168 1999 ellipsi
1181 1960 1287 1997 vocis,
1303 1959 1463 1997 criminis,
1489 1959 1641 1998 sceleris,

940 2008 1036 2049 facti,
1053 2013 1110 2039 aut
1125 2009 1152 2039 si
1168 2009 1256 2050 quod
1270 2009 1361 2039 aliud
1377 2010 1452 2040 huic
1468 2010 1489 2040 l.
1508 2009 1640 2050 apposi-

940 2064 1011 2091 tum
1027 2061 1176 2101 intelligi
1191 2066 1304 2102 queat,
1325 2062 1366 2101 is,
1381 2061 1408 2092 si
1425 2062 1586 2093 rationem
1603 2066 1640 2093 et

939 2111 1219 2142 consuetudinem
1237 2113 1417 2144 emendate
1430 2113 1640 2153 loquentium

938 2161 971 2192 iu
989 2162 1164 2193 consilium
1188 2162 1394 2203 adhibuerit,
1417 2162 1517 2194 facile
1545 2172 1639 2194 suam

939 2212 1114 2243 damnabit
1129 2214 1346 2245 sententiam.
1383 2215 1452 2245 Fac
1465 2214 1640 2254 scripsisse

939 2272 1005 2293 non
1021 2263 1191 2293 neminem
1208 2274 1215 2293 :
1241 2263 1304 2294 Ille
1322 2262 1447 2294 vindex
1463 2267 1516 2294 est
1529 2263 1642 2304 religi-

940 2312 1025 2352 onis,
1037 2312 1093 2343 ille
1110 2312 1300 2352 majestatis
1320 2313 1444 2343 divinae
1458 2317 1492 2343 et
1505 2312 1640 2343 sacrile-

939 2373 1055 2404 gorum
1070 2364 1169 2402 ultor,
1195 2363 1265 2402 ille,
1289 2363 1377 2404 quod
1396 2363 1486 2393 orbis
1513 2361 1639 2392 viribus

939 2412 1069 2454 expiari
1080 2412 1209 2450 debuit,
1219 2413 1307 2443 solus
1320 2413 1530 2453 impietatem
1544 2411 1641 2452 puni-

939 2463 978 2493 it.
1026 2462 1093 2494 Qui
1117 2463 1239 2493 Latine
1266 2463 1390 2502 sciunt,
1405 2462 1522 2493 dicent
1547 2462 1640 2492 illico

941 2512 1112 2544 scribend.
1135 2511 1256 2543 fuisse:
1282 2513 1291 2529 ‘
1309 2522 1383 2553 quae
1399 2513 1487 2543 orbis
1512 2511 1640 2542 viribus

941 2562 1072 2603 expiari
1093 2561 1236 2592 debuit!
1282 2562 1359 2592 Non
1386 2562 1451 2592 alia
1476 2566 1529 2592 est
1553 2560 1640 2592 ratio

940 2612 1010 2652 huj.
1026 2612 1047 2642 l.
1061 2611 1095 2642 in
1106 2611 1197 2642 Just.
1211 2611 1281 2642 Aut
1293 2611 1465 2642 scribend.
1474 2612 1641 2651 piaculum,

942 2667 999 2692 aut
1014 2671 1080 2701 qua>
1094 2661 1175 2691 orbis
1189 2660 1306 2691 viribus
1325 2661 1448 2701 expiari
1460 2661 1639 2691 debuerunt.

942 2712 1057 2743 Graev.
1080 2711 1171 2741 Saxo
1182 2719 1248 2742 xit.
1266 2711 1341 2742 init.
1359 2710 1641 2751 ‘Parricidiijus-

942 2768 975 2793 ta
991 2762 1107 2802 exegit
1123 2760 1279 2801 piacula.'

985 2813 1002 2853 ξ
1019 2815 1037 2843 8
1060 2811 1234 2850 Angustias
1265 2810 1550 2851 Thermopylarum]
1584 2809 1640 2841 Ad

942 2873 1023 2904 quas
1054 2861 1270 2901 occupandas
1296 2860 1475 2902 Philippus
1500 2864 1639 2891 conten-

945 2914 1056 2945 debat.
1081 2912 1183 2944 Diod.
1207 2912 1311 2951 Bong.
