2101 3419
365 340 450 381 924
827 350 967 382 NOTAE

366 446 452 476 haue
479 444 630 476 Veneris.
680 446 718 477 L.
744 445 874 485 Tango.
922 447 965 478 G.
993 447 1062 478 Per

365 497 534 526 Venerem
550 495 826 536 haucjurandum
842 501 895 528 est
909 497 984 528 tibi.
1021 498 1061 528 L.

366 547 457 579 Quid
483 547 597 586 jurem
627 547 710 578 tibi?
756 547 798 579 G.
824 548 923 580 Quod
941 548 1060 589 jubeo.

365 599 402 629 L.
416 599 506 629 Praei
523 599 635 630 verbis
658 599 812 641 quidvis:
836 600 881 639 id,
898 601 986 641 quod
1004 601 1061 632 do-

363 649 409 678 mi
427 653 489 684 est,
505 659 672 690 nunquam
688 650 748 680 ulli
761 651 972 691 supplicabO.
1017 651 1060 683 G.

362 698 454 729 Tene
470 709 559 729 aram
574 699 672 730 hanc.
707 700 746 731 L.
760 701 883 732 Teneo.
927 702 971 732 G.
989 700 1059 732 Ad-

355 748 438 788 jura
461 754 495 780 te
521 750 601 780 mihi
618 755 795 791 argentum
818 751 972 782 daturum
996 753 1060 783 Eo-

362 799 439 829 dem
463 799 537 839 ipso
560 800 627 839 die,
651 801 755 832 viduli
773 801 828 832 ubi
852 802 894 832 sis
916 802 1057 842 potitus.

363 851 401 881 L.
427 851 516 882 Fiat.
552 851 595 882 G.
612 851 726 882 Venus
746 852 946 893 Cyrenensis
969 853 1058 891 Dea,

361 906 396 932 te
414 905 522 932 testor
538 902 628 941 mihi,
643 902 677 933 Si
691 902 839 932 vidulum
852 902 968 941 illum‚'
981 902 1059 934 ὅτε]

362 952 434 983 Cic.
456 962 518 992 pro
541 953 654 984 Flaee.
687 953 697 970 ‘
719 952 752 983 Is
776 953 803 983 si
823 963 914 983 aram
937 957 1057 984 tenens

351 1003 499 1042 juraret,
524 1002 679 1033 crederet
704 1012 801 1033 nemo
816 1001 837 1033 :'
857 1008 892 1033 et
917 1002 995 1034 Juv.
1021 1003 1057 1035 S.

362 1062 446 1083 xux.
470 1053 479 1069 ‘
496 1051 611 1094 Atque
623 1053 707 1084 adeo
720 1052 883 1093 intrepidi
900 1062 1057 1093 quaecun-

360 1113 425 1142 qne
450 1103 571 1133 altaria
595 1102 763 1142 tangunt?
808 1102 860 1133 Ac
886 1112 999 1133 rursus
1023 1103 1057 1133 S.

361 1161 439 1183 xrv.
464 1156 473 1170 ‘
490 1153 608 1184 Falsus
625 1154 690 1184 erit
707 1153 817 1192 testis,
842 1154 964 1183 vendet
981 1163 1056 1193 per-

350 1203 443 1243 juria
458 1213 586 1233 summa
601 1203 747 1243 Exigua,
769 1203 900 1234 Cereris
916 1208 1056 1242 tangens

359 1263 515 1294 aramque
551 1252 764 1294 pedemque!
802 1254 894 1284 Mod.
955 1251 1055 1285 Quod

358 1304 458 1334 moris
470 1303 574 1334 fnisse
591 1303 763 1334 veteribus
775 1303 808 1333 in
821 1303 1056 1343 jurejurando,

357 1354 509 1384 Brisson.
527 1354 636 1385 Form.
651 1362 732 1384 vul.
751 1353 871 1393 probat
885 1363 927 1384 ex
940 1354 1055 1384 Plauti

358 1404 516 1435 Rudente
542 1413 577 1434 v.
602 1407 632 1435 2.
660 1407 714 1435 49.
744 1409 780 1435 et
816 1414 858 1434 ex
887 1403 945 1434 illo
975 1404 1052 1436 Juv.

355 1454 389 1484 S.
405 1462 481 1485 x1v.
496 1456 569 1485 218.
612 1455 622 1472 ‘
640 1455 758 1485 Falsus
775 1454 862 1494 erit‚’
877 1456 941 1485 Sec.
986 1455 1053 1486 Qui

354 1514 469 1535 versus
487 1505 716 1545 conjecturam
733 1504 853 1535 Sebisii
866 1514 939 1544 sup.
957 1513 1052 1536 xxll.

355 1558 386 1585 2.
403 1557 434 1585 ὃ.
458 1555 608 1585 nonnihil
627 1555 751 1595 juvare
768 1554 914 1585 videtur.
962 1554 1051 1585 Add.

355 1604 454 1636 eund.
480 1605 550 1636 Sat.
568 1614 652 1637 xm.
667 1607 720 1636 89.
766 1605 887 1645 virgil.
913 1604 984 1635 AEn.
1003 1613 1050 1634 iv.

352 1657 426 1685 219.
445 1659 480 1685 et
499 1657 639 1685 v1.l24.
657 1660 691 1684 et
709 1662 775 1684 xn-
791 1656 865 1684 201.
900 1654 971 1684 Cic.
990 1663 1051 1694 pro

353 1705 452 1736 Balb.
465 1709 498 1736 5.
512 1710 546 1736 et
560 1715 621 1745 pro
631 1705 745 1735 Flacc.
761 1707 813 1736 36.
826 1704 979 1736 Macrob.
994 1713 1051 1737 111.

354 1760 386 1789 2.
410 1757 533 1788 Euseb.
551 1766 606 1788 ιιι.
622 1759 696 1787 388.
720 1756 820 1787 Ber-n.

396 1809 412 1848 ξ
425 1810 464 1838 10
478 1807 692 1847 Baianus-c]
705 1807 1050 1838 Saresb.x-11.Policr.

354 1859 405 1889 14.
429 1853 462 1898 p.
480 1860 552 1889 307.
584 1859 593 1873 ‘
608 1857 688 1897 Ipsa
707 1862 817 1888 tamen
833 1858 1051 1897 reclamante,

353 1917 416 1938 uec
432 1907 512 1938 mihi
529 1916 592 1938 nee
616 1907 676 1938 tibi
700 1907 756 1946 sit,
779 1907 837 1937 sed
853 1907 1049 1939 dividatur!

351 1956 441 1987 Saxo
459 1966 539 1987 vn1.
557 1966 590 1997 p.
610 1959 683 1987 153.
701 1959 752 1988 27.
776 1958 784 1973 ‘
803 1957 986 1988 Percussor
1000 1962 1050 1988 ta-

352 2015 427 2036 men
444 2006 613 2047 promissis
638 2004 790 2037 fraudem
812 2006 949 2037 subesse
966 2008 1049 2038 veri-

352 2057 432 2088 tus!

392 2106 650 2149 Ptolemaeofilio]
677 2107 759 2140 Quis
773 2107 828 2138 ille
841 2108 1047 2139 Ptolemaeus

349 2157 436 2188 filius
468 2157 581 2197 fuerit,
610 2157 755 2188 dubitari
787 2163 911 2197 potest.
959 2158 1046 2189 Nam

350 2208 538 2248 Lysimachi
569 2208 712 2239 filiorum
750 2218 827 2238 mox
859 2208 1048 2248 produntur

350 2260 497 2299 nomina,
524 2259 746 2299 Lysimachus
783 2268 821 2289 ac
854 2259 1046 2300 Philippus.

351 2309 500 2340 Glarean.
544 2309 780 2350 Lysimachum
798 2313 832 2339 et
849 2308 1045 2349 Philippum

351 2359 453 2399 paulo
479 2364 554 2400 post
584 2364 836 2397 commemorat,
867 2359 1047 2390 Ptolema‘i

345 2419 413 2440 non
429 2411 594 2441 meminit.
640 2409 680 2440 Id
699 2409 802 2439 movit
819 2408 994 2450 quosdam,
1010 2414 1046 2440 nt

347 2461 377 2491 h.
393 2461 414 2491 Ι.
436 2470 496 2500 pro
519 2461 685 2490 Ptolema’o
708 2459 923 2499 Lysimachum
948 2468 1046 2500 repo-

347 2515 479 2542 nerent.
525 2511 596 2550 Ego
621 2510 702 2540 nihil
730 2514 837 2547 muto,
860 2520 935 2541 cum
961 2520 1045 2549 prae-

347 2562 462 2592 sertim
491 2561 524 2591 in
561 2561 709 2597 Prologo
735 2560 806 2601 huj.
835 2560 906 2591 Lib.
932 2560 1045 2591 Ptole-

345 2622 465 2642 ma‘um
483 2611 650 2652 quendam
667 2610 854 2651 Lysimachi
870 2609 974 2641 filium
989 2620 1044 2642 no-

347 2663 463 2693 minet.
486 2662 592 2701 Bong.

388 2714 475 2745 CAP.
490 2722 546 2743 111.
578 2713 593 2752 ξ
612 2714 630 2742 2
655 2711 807 2742 Diadema
820 2711 964 2752 imponit]
987 2713 1043 2743 De

344 2763 1041 2802 coronationereginarumoperaepretium

344 2818 395 2844 est
421 2813 589 2853 inspicere
617 2814 654 2844 C.
679 2812 892 2843 Paschalium
918 2813 1041 2844 Coron-

347 2873 382 2895 Χ.
399 2867 428 2893 8.
455 2864 551 2894 Rern.

386 2916 399 2955 ξ
419 2917 436 2944 3
458 2912 649 2953 I'raus‚&c.]
677 2913 752 2944 Son.
766 2912 869 2945 Herc.
884 2914 955 2945 OEt.
969 2915 1041 2945 118.

1001 350 1267 383 VARIORUM
1300 352 1352 383 IN

1111 448 1121 465 ‘
1135 448 1259 480 Nescio
1279 448 1359 490 quid
1373 448 1501 480 animus
1523 448 1636 481 timuit
1659 452 1695 480 et
1717 447 1808 481 frau-

1110 498 1188 529 dem
1202 499 1325 530 struit!

1153 550 1170 589 ᾧ
1195 552 1214 580 4
1235 550 1360 587 Demos,
1373 548 1501 589 templa]
1530 549 1614 581 Mss.
1631 550 1806 590 Bong.ha-

1108 598 1190 629 bent
1215 600 1252 630 de
1273 609 1355 630 more
1375 600 1499 639 templa,
1524 599 1613 640 quod
1630 604 1712 639 puto
1737 609 1806 633 non

1110 652 1237 680 temere
1250 649 1489 680 contemnend.
1535 649 1583 680 Ut
1596 650 1682 680 enim
1697 649 1806 690 primo

1109 699 1131 731 1.
1154 701 1256 730 domos
1268 700 1430 738 nominet,
1454 710 1531 731 mox
1555 700 1678 730 iterum
1701 699 1807 730 addat

1107 750 1116 766 ⁴
1129 755 1323 790 caeteraqne
1334 749 1466 787 omnia‚'
1479 749 1502 781 f.
1516 750 1607 780 nulla
1616 753 1670 780 est
1682 748 1805 780 idonea

1108 809 1218 831 causa.
1257 800 1308 830 De
1322 809 1404 830 more
1427 804 1540 830 autem
1557 800 1732 839 eleganter
1755 799 1805 830 di-

1107 852 1207 890 citur,
1244 855 1282 881 ut
1319 854 1494 890 appareat,
1521 848 1596 880 fieri
1634 849 1668 879 id
1705 858 1804 880 omne

1107 901 1264 937 voluisse,
1289 900 1379 940 quod
1401 900 1434 930 iu
1460 900 1613 931 maximis
1636 898 1804 931 festorum

1106 950 1375 981 solemnitatibus
1403 950 1545 981 solebat.
1614 950 1660 980 Et
1689 950 1805 990 potuit

1105 1002 1236 1042 syllaba
1262 1011 1295 1032 re
1321 1002 1354 1033 in
1382 1003 1546 1034 vocabulo
1572 1013 1654 1034 more
1677 1004 1804 1035 extrita

1105 1061 1179 1083 esse
1203 1052 1246 1083 ob
1261 1058 1460 1093 sequentem
1480 1057 1511 1084 te
1527 1054 1560 1084 iu
1575 1055 1699 1094 templa.
1731 1054 1801 1086 Re-

1104 1101 1185 1132 licto
1200 1102 1304 1142 igitur
1316 1103 1353 1132 de
1367 1113 1428 1141 mo,
1444 1103 1525 1144 qnid
1540 1108 1676 1144 poterat
1689 1103 1803 1135 scriba

1105 1151 1222 1190 solers,
1233 1162 1330 1193 quam
1347 1153 1450 1183 domos
1465 1152 1604 1184 faeere?
1631 1153 1736 1192 Schef.

1146 1203 1231 1233 Aras
1245 1202 1352 1243 ubique
1367 1204 1538 1244 hostiasque
1561 1204 1698 1244 disponi]
1728 1204 1804 1235 Foe·

1104 1252 1182 1283 dam
1213 1253 1297 1284 hane
1329 1252 1560 1284 adulationem
1589 1254 1623 1284 in
1654 1254 1803 1285 adventu

1105 1303 1251 1333 virorum
1278 1304 1468 1344 principum
1495 1304 1681 1345 antiquitus
1707 1314 1802 1336 usur-

1105 1358 1231 1393 patam,
1250 1354 1342 1394 Lips.
1358 1354 1439 1385 Not.
1458 1357 1511 1386 77.
1527 1355 1570 1386 ad
1582 1356 1663 1387 Tac.
1681 1355 1726 1388 H.
1741 1356 1801 1387 do-

1104 1404 1173 1434 cuit
1191 1414 1233 1434 cx
1249 1405 1324 1436 Val.
1346 1405 1396 1436 M.
1414 1414 1465 1436 lx.
1488 1408 1518 1436 1.
1535 1410 1565 1437 5.
1590 1407 1676 1438 Caes.
1698 1407 1740 1438 B.
1756 1407 1801 1439 G.

1104 1463 1183 1484 v111.
1199 1457 1252 1485 51.
1283 1455 1375 1486 Suet.
1399 1455 1504 1496 Calig.
1521 1458 1573 1487 13.
1590 1459 1621 1488 2.
1646 1461 1682 1488 et
1697 1456 1801 1488 Galb.

1104 1506 1154 1535 15.
1178 1507 1210 1535 2.
1242 1509 1278 1536 et
1306 1505 1396 1535 Plin.
1428 1506 1625 1546 Paueg.23.
1669 1506 1800 1539 Quibus

1103 1554 1181 1585 add.
1200 1555 1295 1586 Curt.
1314 1565 1346 1586 v.
1373 1558 1402 1587 l.
1423 1558 1476 1588 33.
1515 1556 1609 1588 Plut.
1630 1557 1664 1587 iu
1687 1557 1801 1588 Dione

1102 1607 1153 1635 37.
1177 1614 1358 1646 rursusque
1373 1606 1468 1638 Suet.
1483 1606 1571 1648 Aug.
1583 1611 1635 1639 98.
1647 1610 1677 1638 3.
1702 1607 1803 1640 Ber-n.

1144 1656 1160 1695 ξ
1179 1659 1196 1686 5
1209 1655 1318 1695 dubet]
1334 1656 1457 1697 Inepte
1472 1658 1655 1698 repetitum
1666 1658 1801 1690 videtur

1102 1714 1142 1735 ex
1157 1715 1258 1745 praec.
1276 1707 1461 1738 tmematio.
1484 1708 1536 1738 Id.

1144 1757 1161 1796 ξ
1185 1759 1204 1786 6
1237 1756 1330 1787 Ultra
1353 1757 1489 1797 modum]
1531 1758 1609 1790 Tac.
1633 1766 1660 1789 1.
1683 1758 1731 1790 H.
1746 1761 1801 1792 45.

1100 1808 1109 1823 ‘
1121 1807 1256 1838 Quanto
1282 1807 1387 1847 magis
1413 1806 1497 1838 falsa
1520 1813 1596 1840 sunt
1611 1819 1684 1850 quae
1699 1808 1801 1850 fiunt,

1101 1861 1195 1887 tanto
1217 1857 1313 1896 plura
1329 1856 1484 1888 faciunt.’
1521 1857 1578 1889 Sic
1601 1867 1641 1889 11.
1663 1858 1729 1890 An.
1744 1861 1800 1890 77.

1101 1908 1109 1923 ‘
1128 1906 1277 1936 Periisse
1294 1906 1535 1938 Germanicum
1560 1908 1641 1938 nulli
1663 1908 1800 1949 jactan-

1101 1955 1166 1985 tius
1196 1960 1352 1994 maerent,
1367 1965 1466 1996 quam
1491 1956 1547 1996 qui
1572 1957 1718 1988 maxime
1739 1957 1798 1989 lae-

1100 2004 1236 2035 tantur!
1265 2004 1316 2035 Id.

1142 2058 1161 2085 8
1189 2056 1404 2087 Proclamante
1418 2056 1565 2098 Arsinob']
1590 2057 1796 2089 Portentum

1098 2105 1231 2137 erroris,
1265 2106 1347 2145 Leg.
1362 2107 1565 2146 proclamans,
1596 2107 1678 2138 Fab.
1715 2108 1795 2139 Non

1098 2164 1182 2195 opus
1199 2156 1397 2186 mutatione.
1439 2157 1478 2188 L.
1495 2157 1550 2187 hic
1573 2167 1676 2198 prave
1696 2157 1798 2189 inter-

1097 2205 1266 2244 pungitur.
1309 2206 1366 2237 Sic
1384 2211 1496 2238 antem
1514 2207 1707 2248 distingue:
1731 2211 1797 2239 tru-

1095 2257 1249 2295 cidantur,
1259 2257 1467 2297 proclamante
1478 2257 1625 2298 Arsinoe,
1637 2260 1716 2300 quod
1726 2262 1796 2290 tan-

1095 2310 1161 2336 tum
1183 2307 1268 2343 nefas
1287 2311 1343 2338 aut
1364 2308 1498 2339 nubendo
1513 2312 1568 2340 aut
1588 2313 1657 2350 post
1672 2310 1797 2350 nuptias

1094 2357 1310 2388 contraxisset.
1335 2358 1400 2388 Pro
1407 2358 1491 2399 filiis
1505 2369 1596 2400 saepe‚
1609 2362 1660 2400 &a
1677 2360 1794 2391 Graev.

1139 2408 1229 2443 Qum!
1247 2412 1366 2439 tantum
1382 2409 1484 2449 nefas]
1510 2410 1594 2441 Mss.
1611 2411 1720 2451 Bong.
1736 2410 1795 2441 ha·

1095 2458 1176 2489 bent
1192 2459 1265 2499 quid
1281 2462 1413 2499 tantum,
1431 2459 1519 2490 unde
1542 2461 1697 2501 suspicor
1713 2460 1795 2492 lect.

1094 2519 1205 2540 veram
1221 2518 1293 2540 esse
1310 2510 1362 2549 qui
1377 2513 1458 2541 tant.
1495 2509 1607 2541 Schef.

1138 2560 1364 2600 thraxisset,
1389 2570 1445 2600 pro
1465 2560 1566 2601 filiis]
1606 2560 1793 2592 Distinclio

1093 2620 1159 2641 non
1189 2611 1320 2651 placen
1355 2615 1408 2641 est
1435 2612 1525 2642 enim
1549 2611 1620 2641 sine
1643 2610 1795 2651 emphasi

1093 2665 1152 2691 aut
1196 2661 1322 2700 vigore,
1359 2670 1459 2701 quern
1493 2661 1647 2701 postulat
1683 2661 1737 2692 hic
1769 2661 1792 2692 l.

1092 2712 1211 2743 Scribo
1226 2722 1301 2743 cum
1317 2717 1425 2743 totum
1442 2713 1505 2744 hoc
1531 2712 1631 2744 modo
1647 2723 1654 2743 :
1675 2714 1793 2753 procla-

1091 2766 1192 2794 mante
1222 2762 1363 2801 Arsino'e',
1389 2764 1443 2803 qui
1470 2766 1592 2794 tantum
1621 2763 1708 2801 nefas
1738 2765 1794 2794 a‘ut

1091 2814 1227 2844 nubendo
1249 2817 1302 2843 aut
1319 2816 1389 2853 post
1414 2814 1539 2854 nuptias
1561 2812 1794 2846 contraxisset?

1093 2863 1136 2894 Et
1149 2862 1308 2904 profiliis,
1321 2864 1374 2901 ὅγε.
1406 2862 1459 2894 Id.

1135 2915 1151 2954 ξ
1166 2916 1187 2945 9
1202 2913 1306 2944 Scissa
1319 2913 1416 2953 veste]
1442 2914 1524 2946 Mss.
1537 2917 1568 2945 et
1582 2913 1687 2955 scissa,
1698 2912 1790 2955 quod
