2174 3424
490 367 575 409 628

488 471 603 503 Faber.
647 472 744 504 Junt.
770 476 864 504 recte
889 472 998 514 Spaco.
1055 473 1186 505 Herod.

489 522 601 554 Σπακὼ
626 531 652 554 1.
680 526 754 554 110.
804 524 910 555 Graev.
971 524 1185 556 Crediderim

488 574 623 613 legend.
653 583 725 606 esse
763 584 832 605 non
861 575 984 615 Spacos,
1018 575 1076 605 sed
1106 575 1183 615 Spa-

488 633 544 660 co;
567 624 732 664 quomodo
748 625 801 656 ed.
817 626 915 658 Junt.
938 625 1062 657 habere
1081 630 1183 656 testa-

486 678 544 705 tur
560 674 733 706 Graevius.
779 675 882 706 Certe
899 675 1030 706 Herod.
1047 675 1102 716 qui
1120 676 1184 715 pri-

486 734 561 755 mus
579 724 653 756 haec
678 724 843 765 prodidit,
869 725 919 756 ita
944 729 1055 756 vocat.
1081 725 1182 756 Vorst.

487 775 603 806 Graev.
627 774 726 816 δραι-ο
741 785 782 805 ex
797 774 893 807 Junt.
937 775 1040 806 Forte
1067 775 1184 814 ,spuens

485 825 616 857 Noster
639 826 777 865 scripsit
801 835 863 866 pro
887 825 1010 857 Graeco
1035 825 1183 865 genitivo

484 876 638 907 Σπακοῦς.
662 875 768 913 Schef.

529 926 615 957 CAP.
632 935 666 957 v.
711 927 728 966 ς
746 929 762 956 1
790 926 867 956 Cum
887 926 970 956 inter
988 929 1126 966 pastores
1140 935 1184 956 es-

485 979 545 1016 set,
569 976 648 1017 Cyri
672 986 779 1007 nomen
802 976 934 1016 accepit]
969 977 1047 1008 Non
1075 977 1181 1007 solum

484 1026 539 1056 ed.
553 1026 681 1065 Juntae,
696 1027 754 1057 sed
767 1031 803 1057 et
817 1027 973 1067 antiquus
991 1026 1075 1058 Cod.
1092 1027 1181 1057 Bon-

484 1076 586 1116 garsii
604 1076 740 1116 legunt:
765 1086 834 1106 cum
848 1075 931 1106 inter
948 1079 1089 1116 pastores
1104 1080 1182 1107 esset

482 1126 673 1166 imperiosus,
690 1126 769 1167 Cyri
783 1136 889 1157 nomen
904 1127 1031 1166 accepit.
1075 1127 1131 1158 Sic
1146 1132 1182 1159 et

482 1175 591 1206 codex
608 1175 708 1216 Angl.
753 1176 822 1207 Sed
848 1177 930 1207 alius
956 1177 1084 1217 imperio
1099 1187 1180 1208 usus.

482 1226 584 1258 Hanc
613 1235 726 1256 veram
755 1236 827 1257 esse
851 1227 919 1267 huj.
943 1226 965 1258 l.
997 1227 1179 1258 lectionem

482 1281 582 1317 puto,
598 1287 663 1318 qua
678 1287 796 1309 caussa
811 1277 977 1318 redditur,
992 1288 1053 1309 cur
1069 1279 1179 1309 dictus

483 1327 528 1357 sit
544 1327 665 1367 Cyrus,
691 1336 766 1358 cum
785 1332 887 1358 antea
912 1326 1017 1358 fuerit
1041 1327 1073 1358 ei
1089 1327 1179 1358 aliud

480 1386 602 1407 nomen
620 1387 639 1408 a
655 1382 793 1418 pastore
805 1382 842 1408 et
856 1377 926 1418 ejus
939 1387 1055 1418 uxore,
1073 1388 1092 1408 a
1108 1378 1179 1419 qui-

481 1427 545 1458 bus
561 1427 785 1467 educabatur,
811 1428 1016 1468 impositum.
1065 1429 1180 1460 Docet

479 1478 515 1510 id
532 1479 635 1510 etiam
652 1478 781 1510 Herod.
797 1488 821 1510 r.
839 1482 910 1510 113.
940 1479 998 1510 Τὸν
1009 1478 1042 1509 δὲ
1053 1478 1181 1519 ὕστερον

479 1527 596 1559 τούτων
611 1529 708 1569 Κῦρον
729 1528 937 1567 ὀνομασθέντα
957 1530 1181 1569 παραλαβοῦσα

481 1577 590 1618 ἔτρεφε
606 1577 626 1615 ἦ
639 1578 717 1617 γυνὴ
727 1579 784 1610 τοῦ
795 1579 959 1618 βουκόλου,
975 1580 1086 1617 οὕνομα
1099 1578 1180 1610 ἄλλο

480 1640 536 1660 κου
558 1627 592 1659 τὶ
617 1628 667 1659 καὶ
693 1629 728 1659 οὐ
755 1629 852 1669 Κῦρον
875 1627 1006 1668 θεμένηι
1037 1630 1179 1660 Alterum

479 1690 563 1720 vero,
593 1681 644 1721 qui
666 1684 775 1721 postea
803 1681 906 1721 Cyrus
929 1681 1097 1721 appellatus
1123 1684 1180 1721 est,

479 1741 561 1762 uxor
576 1731 694 1762 bubulci
709 1731 769 1761 sibi
791 1734 926 1762 sumtum
942 1732 1094 1769 educavit,
1122 1730 1179 1761 im-

476 1781 578 1822 posito
593 1781 641 1812 illi
656 1781 717 1811 alio
732 1781 875 1821 quopiam
898 1791 934 1811 ac
959 1791 1017 1811 ηοη
1036 1781 1113 1821 Cyri
1128 1791 1179 1811 no-

479 1833 579 1862 mine:
602 1837 638 1862 et
662 1841 728 1862 non
745 1832 841 1871 louge
858 1835 933 1870 post
958 1840 1053 1870 puer,
1079 1840 1178 1870 quem

480 1883 591 1922 Cyrus
614 1880 756 1921 flagellis
771 1880 954 1915 ceciderat,
977 1879 1132 1909 κατελθὼν
1145 1878 1178 1909 δὲ

479 1933 511 1963 ἐς
537 1931 638 1970 πόλιν,
663 1931 736 1971 πρὸς
759 1930 813 1960 τὸν
838 1929 955 1970 πατέρα
981 1929 1178 1968 ἀποικτίζετο

479 1983 540 2012 τῶν
557 1981 614 2011 ὑπὸ
630 1980 729 2021 Κύρου
743 1981 870 2017 ἤντησε.
894 1979 996 2018 λέγων
1016 1978 1047 2010 δὲ
1070 1980 1104 2009 οὐ
1117 1978 1177 2010 Κύ-

480 2046 533 2074 ρου
557 2033 608 2075 (οὐ
623 2031 683 2073 ’γάρ
709 2044 751 2062 κω
775 2030 812 2068 ἧν
826 2032 917 2062 τοῦτο
932 2032 1078 2070 τοῦνομα)
1093 2030 1178 2061 ἀλλὰ

479 2084 554 2125 πρὸς
563 2085 619 2115 τοῦ
629 2083 780 2119 βουκόλου
791 2084 847 2114 τοῦ
855 2081 1045 2121 Ἀστυάγεος
1055 2081 1156 2113 παιδός
1168 2093 1176 2114 ;

479 2136 519 2166 In
537 2135 640 2166 urbem
666 2145 736 2165 vero
762 2145 830 2165 cum
854 2134 1070 2172 contendisset,
1095 2134 1177 2173 apud

476 2188 599 2225 patrem
614 2188 739 2225 questus
754 2187 810 2219 est,
835 2185 979 2224 quomodo
992 2194 1010 2213 α
1029 2184 1112 2223 Cyro
1133 2193 1177 2213 es-

478 2238 524 2265 set
537 2238 698 2274 exceptus:
721 2244 779 2264 uon
794 2244 862 2264 vero
875 2234 990 2273 Cyrum
1000 2233 1176 2272 appellarit,

479 2287 611 2316 nondum
634 2286 663 2315 ei
687 2285 741 2315 hoc
763 2288 830 2315 erut
855 2293 981 2319 nomem
1003 2284 1055 2313 secl
1070 2282 1177 2323 filium

476 2335 614 2374 pastoris
638 2334 726 2365 boum
751 2334 914 2374 Astyagis.
971 2333 1048 2364 Nou
1074 2333 1176 2373 igitur

479 2384 597 2425 primis
628 2385 737 2424 annis,
777 2394 859 2425 quos
901 2383 991 2414 inter
1021 2388 1176 2423 pastores

479 2435 607 2474 exegit,
634 2435 741 2474 Cyrus
770 2433 833 2465 fuit
859 2433 982 2472 dictus,
1011 2433 1069 2464 sed
1099 2437 1175 2473 post

478 2484 562 2515 illud
587 2489 735 2525 tempus,
760 2494 826 2525 quo
842 2484 931 2515 inter
949 2488 1102 2524 pastores
1117 2484 1176 2514 im-

479 2535 573 2574 perio
590 2539 663 2566 crat
686 2545 764 2565 usus
794 2536 827 2565 in
855 2534 977 2575 puerili
1004 2534 1060 2564 illo
1086 2533 1177 2574 ludo,

480 2585 588 2624 Cyrus
604 2584 736 2614 demum
758 2583 823 2614 fuit
838 2584 1044 2624 appellatus,
1069 2583 1139 2614 sive
1156 2593 1176 2613 a

480 2633 606 2674 pueris,
636 2643 712 2664 cum
743 2633 864 2674 quibus
890 2634 1029 2673 luserat,
1057 2633 1126 2663 sive
1156 2642 1176 2662 a

479 2683 566 2714 veris
579 2684 794 2724 parentibus,
809 2684 879 2714 sive
893 2693 911 2714 a
924 2683 1066 2714 civibus.
1091 2683 1177 2714 Nar-

478 2737 533 2763 rat
559 2732 721 2773 deinceps
747 2733 916 2772 Justinus,
941 2732 1110 2774 quomodo
1133 2741 1175 2763 ex

480 2782 536 2813 illo
553 2782 695 2823 imperio
722 2792 781 2815 seu
809 2793 912 2824 regno
936 2784 1026 2815 inter
1051 2792 1175 2824 pueros

480 2833 631 2864 exercito
648 2832 752 2864 fuerit
764 2834 896 2874 agnitus
909 2833 952 2864 ab
964 2843 1043 2864 avo:
1070 2834 1079 2849 ‘
1092 2832 1176 2863 Mox

480 2893 541 2914 rex
553 2883 806 2915 interludentes
818 2888 910 2916 sorte
920 2884 1085 2919 delectus,
1099 2891 1175 2914 cum

480 2944 541 2975 per
570 2934 742 2966 lasciviam
780 2939 999 2967 contumaces
1034 2932 1176 2976 flagellis

946 381 1085 410 NOTAE
1118 381 1383 411 VARIORUM
1418 382 1470 412 IN

1238 475 1430 515 cecidisset,
1467 486 1487 506 a
1524 475 1722 516 parentibus
1753 485 1933 517 puerorum

1236 527 1374 567 querela
1400 529 1453 556 est
1478 525 1550 566 regi
1577 525 1714 558 delata!
1769 526 1857 558 Haec
1884 527 1934 557 ita

1236 581 1314 606 suut
1339 575 1556 616 accipienda:
1581 585 1659 606 mox
1687 585 1707 606 a
1734 576 1933 616 parentibus

1235 635 1416 666 puerorum
1443 626 1616 667 querelam
1641 634 1714 656 esse
1741 626 1814 666 regi
1840 625 1932 657 dela-

1236 681 1318 715 tam,
1333 686 1408 707 ‹tum
1421 675 1455 706 in
1467 676 1525 706 illo
1538 676 1692 716 imperio,
1707 685 1766 707 rex
1779 685 1826 707 sc.
1842 676 1931 708 inter

1235 727 1390 757 ludentes
1405 730 1496 757 sorte
1509 726 1674 765 delectus,
1684 735 1745 766 per
1756 727 1931 758 lasciviam

1234 783 1450 809 contumaces
1461 777 1604 819 flagellis
1615 778 1804 809 cecidisset.
1825 779 1931 810 Vides

1235 830 1340 870 igitur
1357 840 1422 861 non
1446 829 1569 860 frustra
1584 829 1764 870 imperiosus
1785 830 1931 861 inveniri

1232 880 1267 910 in
1292 880 1388 911 libris
1411 880 1570 921 antiquis,
1596 880 1747 920 quamvis
1771 880 1932 911 emenda-

1233 931 1299 961 tius
1329 931 1466 970 legatur
1504 930 1537 960 in
1572 939 1651 968 uno,
1689 929 1819 969 imperio
1848 939 1932 962 usus.

1233 980 1433 1011 Doctissimi
1460 983 1495 1011 et
1519 979 1712 1010 amicissimi
1735 979 1828 1018 mihi,
1853 989 1929 1010 cum

1232 1030 1266 1060 in
1299 1030 1382 1061 vivis
1412 1034 1516 1069 esset,
1549 1029 1613 1060 viri
1644 1028 1931 1069 emendationem,

1232 1079 1288 1121 qui
1300 1080 1440 1120 conjicit
1452 1079 1619 1111 scribend.
1632 1088 1719 1117 esse,
1730 1078 1816 1109 Puer·
1824 1078 1932 1109 deinde

1231 1141 1299 1162 cum
1313 1132 1396 1162 inter
1417 1134 1558 1171 pastores
1573 1133 1650 1160 esset
1676 1129 1710 1159 in
1725 1128 1833 1160 Persis
1850 1129 1930 1169 Cyri

1231 1191 1338 1212 nomen
1351 1181 1482 1221 accepit,
1506 1180 1653 1221 probare
1676 1188 1743 1210 non
1770 1188 1928 1219 possum3

1232 1232 1312 1271 quia
1328 1235 1482 1271 pastores
1499 1230 1562 1270 illi,
1583 1239 1638 1270 ap.
1662 1238 1746 1270 quos
1762 1229 1931 1260 educaba-

1232 1286 1299 1319 tur,
1330 1285 1365 1311 et
1396 1280 1595 1321 quibuscum
1623 1278 1835 1317 versabatur,
1862 1286 1929 1309 non

1231 1335 1328 1362 erant
1352 1331 1481 1370 Persae,
1506 1330 1567 1361 sed
1593 1328 1701 1360 Medi.
1745 1329 1788 1359 In
1812 1327 1932 1359 Media

1231 1381 1321 1411 enim
1337 1386 1436 1411 natus
1452 1384 1527 1412 erat
1543 1380 1665 1421 Cyrus,
1689 1379 1722 1409 in
1739 1378 1857 1409 Media
1872 1388 1930 1409 ex-

1231 1430 1376 1470 positus,
1402 1430 1436 1460 in
1461 1429 1580 1460 Media
1607 1429 1649 1460 ad
1676 1428 1844 1459 decimum
1872 1438 1930 1459 an-

1230 1489 1320 1520 num,
1350 1489 1416 1521 quo
1447 1480 1626 1520 imperium
1658 1478 1748 1510 inter
1776 1482 1930 1519 pastores

1231 1530 1398 1568 exercuit,
1423 1532 1666 1560 commoratus:
1702 1527 1770 1559 vid.
1797 1527 1930 1558 Herod.

1230 1590 1255 1611 1.
1273 1584 1324 1612 10.
1347 1581 1474 1612 Postea
1496 1580 1630 1611 demum
1654 1579 1696 1610 ad
1718 1584 1878 1619 parentes
1894 1579 1930 1610 in

1230 1632 1385 1663 Persiam
1403 1632 1560 1662 remissus
1577 1635 1643 1671 est,
1668 1631 1724 1662 ubi
1751 1640 1818 1662 non
1841 1631 1932 1662 inter

1230 1688 1384 1722 pastores
1400 1682 1482 1722 egit,
1508 1681 1567 1712 sed
1584 1685 1624 1712 ut
1644 1681 1731 1721 regis
1746 1681 1929 1713 Medorum

1229 1741 1349 1771 nepOS,
1372 1736 1407 1762 et
1425 1731 1612 1762 Mandanes
1630 1730 1730 1770 filius,
1752 1732 1844 1762 laute
1865 1730 1931 1763 fuit

1229 1781 1364 1812 habitus
1391 1785 1426 1812 et
1451 1780 1637 1812 educatus:
1673 1781 1738 1812 vid.
1763 1791 1839 1821 cap.
1857 1784 1932 1813 122.

1229 1831 1337 1871 ejusd.
1353 1831 1410 1862 lib.
1461 1832 1506 1861 Et
1520 1831 1584 1862 hoc
1601 1835 1665 1870 est,
1682 1831 1769 1871 quod
1786 1831 1828 1861 ad
1851 1840 1928 1862 eum

1229 1881 1347 1912 scribit
1374 1881 1571 1922 Harpagus,
1597 1882 1606 1898 ‘
1631 1890 1706 1911 eum
1735 1880 1927 1920 ablegatum

1227 1931 1331 1962 fuisse
1348 1932 1380 1961 in
1398 1931 1543 1962 Persas.’
1587 1932 1674 1962 'l'um
1699 1935 1812 1962 autem
1834 1931 1866 1962 ei
1882 1931 1928 1961 vi-

1228 1981 1328 2012 detur
1345 1982 1407 2012 hoc
1426 1991 1546 2012 nomen
1564 1981 1759 2022 impositum
1775 1980 1877 2012 fuisse
1893 1981 1927 2011 in

1227 2031 1359 2062 Persia.
1408 2031 1523 2062 Persis
1552 2032 1640 2062 enim
1674 2033 1682 2049 ‘
1703 2030 1829 2071 Cyrus’
1860 2035 1928 2070 est,

1227 2082 1287 2120 sol,
1302 2086 1335 2111 ut
1350 2085 1510 2112 notarunt
1525 2082 1615 2112 Ctes.
1630 2085 1665 2112 et
1681 2080 1776 2111 Plut.
1813 2080 1926 2111 Etiam

1227 2141 1314 2162 nuuc
1342 2132 1429 2162 Clzur
1445 2137 1481 2162 et
1506 2131 1660 2162 Cluarslzid
1688 2141 1742 2171 ap.
1768 2131 1927 2162 Persicos

1227 2181 1347 2221 poetas
1373 2182 1464 2212 solem
1490 2180 1682 2221 significare
1710 2180 1771 2211 viri
1788 2180 1928 2212 doctiss.

1226 2237 1442 2263 monuerunt.
1467 2233 1574 2263 Groev.
1609 2232 1704 2262 Vett.
1720 2231 1854 2272 plurimi
1871 2231 1927 2261 ha-

1228 2280 1332 2312 bent:
1357 2281 1379 2312 ἰ.
1403 2292 1437 2322 p.
1463 2285 1540 2312 esset
1567 2281 1759 2322 imperiosus,
1785 2281 1874 2321 quod
1891 2285 1928 2312 et

1227 2331 1342 2362 Graev.
1357 2331 1452 2372 dicit,
1467 2341 1533 2362 nou
1547 2336 1676 2362 temere
1689 2331 1927 2371 spernendum.

1227 2380 1276 2412 At
1294 2381 1373 2422 quid
1401 2381 1463 2411 sibi
1481 2382 1577 2420 velit,
1603 2381 1665 2412 hoc
1689 2390 1769 2411 vero
1785 2390 1851 2411 non
1868 2380 1926 2412 de-

1227 2431 1344 2461 clarat.
1390 2431 1502 2462 Porro
1524 2441 1590 2462 vox
1614 2431 1772 2472 imperiosi
1794 2431 1850 2462 vix
1871 2431 1926 2462 hic

1227 2480 1384 2511 obtinere
1411 2485 1526 2522 potest
1552 2482 1675 2512 locum.
1733 2480 1809 2512 Hoc
1835 2481 1924 2512 enim

1226 2530 1345 2561 vitium
1375 2530 1565 2571 significat:
1604 2530 1726 2562 deinde
1757 2531 1926 2572 quomodo

1226 2579 1427 2620 imperiosus
1443 2580 1547 2612 fuerit
1562 2591 1647 2622 puer
1662 2580 1782 2616 adhuc,
1798 2585 1833 2611 et
1848 2590 1927 2611 con-

1227 2630 1368 2661 stitutus
1387 2630 1448 2661 sub
1465 2630 1605 2662 arbitrio
1620 2630 1813 2671 pastorum?
1833 2629 1924 2671 quod

1226 2680 1310 2712 illud
1329 2681 1400 2722 ejus
1417 2691 1487 2711 esse
1503 2681 1616 2722 potuit
1631 2680 1835 2721 imperium?
1878 2680 1925 2711 Et

1228 2732 1328 2772 plane
1355 2731 1565 2771 propositum
1594 2730 1649 2761 hic
1677 2730 1818 2770 Nostro,
1847 2728 1924 2760 red-

1227 2782 1308 2813 dere
1325 2791 1472 2821 causam,
1485 2790 1589 2822 quare
1603 2781 1712 2820 Cyrus
1724 2779 1836 2811 dictus
1852 2777 1925 2809 fue-

1227 2832 1285 2862 rit.
1332 2830 1379 2862 At
1403 2831 1467 2862 hoc
1493 2839 1558 2861 non
1585 2829 1774 2860 addiscitur
1799 2838 1842 2859 ex
1864 2828 1924 2859 illo

1226 2882 1418 2923 imperiosus,
1445 2880 1601 2922 quoniam
1617 2880 1726 2920 Cyrus
1749 2887 1815 2909 non
1830 2878 1925 2918 impe·

1225 2931 1351 2973 riosum,
1362 2940 1475 2963 verum
1483 2929 1597 2971 Solem,
1609 2928 1762 2970 denotat,
1771 2928 1813 2960 ad
1823 2936 1924 2970 quem
