2101 3419
411 322 497 364 856

412 431 448 459 et
470 427 625 468 impressi
652 429 788 471 quidam
815 434 850 462 et
877 432 945 463 Ms.
973 431 1112 472 habent,

411 478 510 517 longoe
523 478 659 519 militiae,
682 490 826 523 moxque
849 482 933 513 illud
963 483 972 499 ‘
991 482 1110 521 parta'

412 527 524 560 refero
553 529 595 560 ad
619 531 742 571 omnia,
758 533 899 572 praemia
918 533 1057 574 inquam
1075 539 1112 566 et

413 579 566 619 gloriam.
608 580 665 611 Ita
678 583 786 622 mox,‘
804 593 878 615 cum
894 585 1041 626 praemiis
1058 589 1111 617 tot

411 629 601 662 bellorum.’
625 631 729 670 Schef.

455 680 472 719 ᾧ
500 683 519 711 4
549 680 613 712 Sed
632 683 795 724 Eumenes]
832 685 889 717 Ita
909 686 994 718 Mss.
1016 688 1108 719 Edit.

412 729 539 761 habent
555 731 618 762 Sed
633 736 665 763 et
683 734 845 767 Eumenes.
870 737 973 769 Bern.

461 780 565 811 rectos
578 781 776 824 hortabatur]
810 785 837 816 I.
855 796 885 817 e.
903 787 1024 819 bonnm
1042 789 1110 820 ani-

412 839 500 861 mum
515 841 571 863 eos
584 833 881 876 haberejubebat3
904 843 942 869 ut
953 848 1004 871 xx.
1018 843 1047 870 9.
1059 843 1110 872 13.

411 879 452 910 ad
470 890 568 922 quem
584 883 605 913 l.
623 888 658 915 et
675 885 783 917 Notas
794 887 862 918 vid.
892 890 994 921 Vorst.

455 931 472 971 ξ
497 934 516 962 7
544 933 621 964 Post
643 935 756 967 damna
779 938 1058 980 matrimoniorum,
1080 945 1111 972 et

408 985 479 1021 post
500 983 646 1023 conjuges
670 987 810 1028 amissas]
858 989 951 1020 Nihil
975 991 1110 1032 ambigo

411 1033 497 1072 lraec,
521 1038 550 1065 et
571 1039 640 1074 post
662 1037 804 1077 conjuges
831 1040 971 1080 amissas,
994 1051 1067 1073 esse
1092 1053 1111 1073 a

410 1091 511 1113 manu
527 1084 792 1126 interpolatoris,
808 1090 1010 1130 explicantis
1024 1102 1111 1132 pree-

411 1133 582 1175 cedenfia,
602 1137 611 1154 ⁴
629 1142 707 1178 post
732 1139 855 1171 damna
881 1143 1110 1174 matrimonio-

412 1184 511 1215 rum!
549 1186 625 1217 Vid.
649 1198 724 1229 qnae
750 1191 867 1221 notavi
893 1192 935 1223 ad
957 1202 1012 1224 111.
1030 1196 1060 1225 3.
1078 1198 1109 1226 8.

412 1234 596 1268 Berneccer.
623 1238 701 1269 Post
715 1241 827 1272 damna
834 1243 1110 1286 patrimoniorum]

410 1283 468 1315 Ita
493 1287 629 1318 omnino
654 1288 790 1329 legend.
844 1292 934 1324 Vell.
967 1303 1008 1325 11.
1040 1298 1113 1327 120.

412 1334 422 1350 ‘
439 1334 526 1366 Sunt
543 1340 670 1378 tamen,
688 1340 754 1380 qui,
766 1345 805 1372 ut
819 1341 915 1373 vivos
932 1343 973 1374 ab
989 1354 1027 1375 eo
1042 1346 1111 1376 vin-

411 1383 554 1425 dicatos,
570 1387 859 1429 itajugulatorum
873 1394 935 1425 sub
948 1394 1040 1426 Varo
1057 1406 1111 1427 oc-

410 1442 537 1475 cupata
563 1439 773 1472 crediderint
804 1444 1040 1482 patrimonia?
1076 1450 1112 1478 et

411 1485 553 1518 Quintil.
572 1488 672 1520 Decl.
689 1499 834 1524 cccvm.
858 1493 1038 1536 ‘Alioquin
1053 1506 1111 1537 po-

412 1539 478 1566 test
496 1546 600 1577 grave
617 1538 725 1570 videri
750 1542 852 1573 etiam
870 1544 978 1584 ipsum
1006 1547 1110 1587 patri-

409 1587 571 1627 monium,
594 1589 702 1621 sinon
726 1592 893 1632 integram
922 1597 1028 1637 legem
1054 1598 1110 1629 lia-

412 1636 493 1668 bet?
511 1638 648 1671 Gronov.
682 1641 759 1672 Post
774 1645 886 1675 damna
898 1648 1110 1679 matrimonio-

410 1696 491 1726 rum,
517 1691 547 1719 et
570 1694 641 1730 post
669 1692 813 1732 conjuges
840 1697 982 1737 antissos]
1022 1698 1109 1730 Haec

409 1738 528 1779 inepta
543 1743 806 1783 εεῐταυτολογία.
852 1746 974 1788 Itaque
990 1752 1020 1779 et
1040 1753 1110 1789 post

408 1792 551 1831 conjuges
572 1795 701 1825 amissas
718 1801 877 1837 tanquam
904 1799 1109 1840 interpreta-

409 1842 536 1874 tionem
555 1845 823 1884 praecedentium
847 1850 1109 1882 exscindendam

410 1898 530 1924 censet
557 1894 723 1928 Bernecc.
778 1898 846 1929 Sed
874 1900 1008 1940 legend.
1033 1911 1108 1932 cum

409 1941 432 1974 J
436 1947 506 1974 unt.
517 1948 585 1983 post
600 1946 711 1977 damna
723 1949 989 1988 patrimoniorum.
1008 1951 1108 1983 *Haec

410 1997 503 2033 sunt,
523 2004 597 2034 qua.»
615 1997 716 2035 paulo
735 2003 815 2029 ante
831 1999 920 2030 dixit
942 2001 950 2016 ‘
968 2002 1109 2041 praemia

409 2042 511 2084 longa
538 2045 657 2077 militia
683 2048 804 2088 parta,'
837 2054 873 2080 et
901 2051 1001 2090 paulo
1031 2057 1108 2091 post

412 2094 421 2110 ‘
442 2095 584 2135 praenria
612 2100 664 2129 tot
692 2098 883 2138 bellorum,’
908 2105 943 2130 et
972 2102 981 2118 ‘
1000 2100 1108 2132 felicis

409 2144 540 2176 militiae
567 2147 743 2187 quaestus?
788 2149 877 2181 Quid
904 2151 992 2181 enim
1017 2152 1106 2182 aliud

409 2195 573 2227 militibus
597 2198 860 2237 patrimonium?
885 2201 991 2233 Groev.
1031 2203 1108 2233 Post

408 2247 519 2278 domna
531 2248 805 2291 patrimoniorum]
837 2250 876 2281 In
900 2253 1028 2292 optima
1052 2253 1108 2285 illa

409 2297 506 2328 Junt.
532 2299 585 2330 ed.
614 2310 711 2340 quam
734 2301 813 2332 huic
835 2301 979 2333 Auctori
996 2313 1106 2334 emen-

409 2346 520 2378 dando
543 2348 695 2381 adhibuit
720 2350 834 2384 Graev.
859 2352 983 2391 legitur
1007 2354 1106 2393 patri-

408 2399 589 2430 moniorum.
653 2400 777 2441 Itaque
814 2403 1037 2442 patrimonium
1074 2404 1105 2434 in

407 2449 570 2480 latissima
582 2450 831 2491 significatione
848 2459 1018 2493 sumptum
1035 2454 1106 2486 fue-

411 2499 455 2529 rit
485 2509 546 2539 pro
573 2500 678 2533 bonis.
724 2501 823 2534 Quod
847 2502 940 2534 Juris
957 2505 1105 2546 interpp.

409 2552 636 2583 ostenderint.
681 2553 793 2585 Faber.
861 2555 918 2586 Ita
956 2567 974 2587 e
1011 2557 1107 2591 Junt.

409 2601 543 2641 legend.
556 2603 722 2634 assentior
735 2603 884 2636 Graevio.
907 2606 942 2637 Si
960 2607 1106 2647 legatur,

410 2656 446 2681 nt
473 2653 570 2692 vulgo
595 2654 718 2692 editur,
741 2655 1020 2696 matrimoniorum,
1040 2660 1108 2690 erit

408 2703 526 2743 inepta
562 2705 761 2744 ταυτολογία.
819 2707 982 2748 Sequitur
1018 2709 1106 2740 enim

408 2760 416 2772 ¹
433 2763 508 2795 post
530 2758 694 2799 conjuges
710 2758 847 2790 amissas
859 2759 878 2798 ;'
900 2764 934 2790 et
951 2761 1106 2791 matrimo-

408 2807 493 2837 nium
509 2807 562 2839 hic
586 2818 652 2840 non
671 2809 770 2840 aliter
785 2819 883 2850 quarn
906 2809 948 2841 (le
963 2812 1107 2852 conjuge

409 2857 554 2898 intelligi
582 2863 707 2898 posset.
767 2860 964 2891 Patrimonia
993 2868 1106 2893 autem

410 2918 485 2947 qua:
504 2909 555 2939 liic
572 2909 730 2940 dicuutur
743 2914 822 2942 suut
837 2911 923 2952 ipsa,
936 2921 1011 2953 quae
1028 2917 1106 2953 post

870 337 1012 368 No'rAE
1045 339 1311 371 VARIORUM
1348 342 1398 372 IN

1165 438 1328 465 vocantur
1372 435 1382 452 ‘
1408 436 1547 476 praemia
1596 435 1758 468 bellorum
1773 436 1782 451 ’
1828 443 1865 470 et

1163 488 1311 525 quaestus
1342 485 1495 517 militiae!
1540 486 1616 517 Nec
1653 487 1764 526 modo,
1788 497 1863 529 quae

1161 534 1352 566 hereditate
1380 535 1421 566 ad
1451 536 1598 578 aliquem
1625 537 1867 579 devolvuntur,

1158 584 1381 624 patrimonium
1409 586 1479 626 ejus
1508 590 1600 626 sunt,
1630 587 1690 618 sed
1721 592 1757 619 et
1787 598 1864 629 quae

1161 635 1236 674 ipse
1252 645 1314 666 sua
1335 646 1440 676 opera
1455 642 1490 668 et
1505 638 1619 669 labore
1643 638 1706 669 sibi
1728 639 1865 680 quaerit.

1161 693 1211 715 lx.
1228 688 1258 716 ·2.
1271 688 1300 716 7.
1325 687 1333 702 ‘
1350 687 1457 717 Terra
1469 696 1533 718 non
1548 688 1761 728 patrimoniis
1775 689 1865 720 ditat

1161 736 1329 776 Scythas)
1357 737 1460 768 Vorst.
1506 738 1631 769 Dumna
1658 739 1863 778 patrimonio-

1161 796 1228 816 rum
1245 787 1364 827 edidit,
1376 788 1568 820 volentibus
1580 789 1674 821 Junt.
1689 794 1724 820 et
1735 789 1863 830 Groew,

1161 837 1332 868 Vorstius.
1357 837 1462 877 Schef.

1205 887 1221 927 ς
1250 889 1269 917 8
1295 888 1373 918 Post
1398 892 1445 919 tot
1467 899 1563 920 anuos
1585 890 1784 921 emeritorum
1805 891 1864 922 sti-

1157 937 1354 977 pendiorum]
1381 939 1460 979 Pro,
1487 945 1538 970 tot
1555 941 1649 970 annis
1673 946 1750 981 post
1773 951 1861 972 eme-

1161 987 1229 1018 rita
1241 988 1424 1028 stipendia,
1435 995 1471 1020 ut
1482 998 1643 1021 xxxviii.
1657 993 1688 1021 8.
1702 993 1731 1021 1.
1755 992 1764 1007 ‘
1779 990 1863 1021 Post

1160 1047 1264 1068 anuos
1282 1043 1351 1069 tres
1367 1045 1400 1069 et
1418 1041 1485 1080 vig.
1500 1041 1624 1080 sumpti
1648 1040 1767 1081 regni,'
1785 1051 1861 1082 pro,

1162 1091 1256 1121 annis
1277 1099 1385 1124 xxnt.
1414 1098 1489 1132 post
1514 1098 1684 1134 sumptum
1709 1086 1861 1134 regnum.

1162 1142 1170 1157 ‘
1186 1141 1355 1172 Emeritus
1373 1141 1488 1173 miles'
1518 1147 1582 1181 est,
1608 1144 1664 1184 qui
1691 1144 1862 1184 stipendia

1161 1192 1283 1221 mereri
1308 1192 1427 1224 desiit:
1455 1193 1646 1235 diciturque
1666 1194 1715 1225 ita
1737 1195 1862 1227 active.

1161 1240 1209 1272 At
1231 1243 1240 1258 ‘
1254 1243 1396 1274 emerita
1407 1244 1580 1284 stipendia
1594 1247 1601 1260 ’
1615 1243 1775 1275 dicuntur
1788 1254 1863 1285 pas-

1162 1293 1234 1324 sive
1268 1303 1329 1334 pro
1364 1295 1540 1335 stipendiis
1570 1294 1686 1328 finitis.
1738 1296 1795 1327 Sic
1825 1299 1861 1327 et

1162 1344 1171 1361 ‘
1193 1345 1368 1375 emeritam
1405 1346 1560 1377 militiam
1575 1345 1583 1359 ’
1632 1346 1720 1377 dixit
1763 1347 1860 1378 Suet.

1162 1394 1270 1434 Calig.
1283 1398 1338 1426 44.
1365 1396 1467 1427 Vorst.
1887 1418 1889 1420 -

1205 1445 1294 1476 CAP.
1318 1455 1368 1476 lv.
1403 1448 1421 1487 ξ
1452 1449 1468 1477 1
1496 1446 1657 1487 Ostendit]
1693 1447 1779 1479 Mss.
1809 1446 1861 1486 ἐμ-

1161 1495 1367 1537 φατικώτερον
1382 1500 1525 1528 ostentat.
1549 1497 1652 1528 Bern-

1204 1548 1220 1587 ξ
1244 1550 1264 1577 2
1295 1547 1447 1588 Cer-nilis,
1464 1547 1594 1587 milites]
1619 1546 1772 1578 Cfihanc
1788 1557 1862 1578 ora·

1161 1597 1285 1629 tionem
1304 1608 1378 1629 cum
1405 1608 1456 1636 ea,
1473 1608 1547 1639 quae
1565 1608 1619 1638 ap.
1636 1599 1728 1629 Plut.
1745 1602 1863 1629 exstat

1159 1648 1193 1679 in
1211 1649 1308 1680 Eum.
1326 1652 1378 1680 32.
1402 1649 1508 1688 Bong.

1203 1698 1274 1729 Hoc
1299 1701 1393 1730 etiam
1422 1700 1532 1730 solatio
1553 1698 1657 1740 foret]
1697 1698 1860 1740 Plerique

1159 1748 1242 1780 Mss.
1258 1749 1351 1780 etiam
1368 1750 1400 1781 in
1414 1751 1522 1781 solatio
1535 1750 1636 1789 soret,
1662 1749 1750 1790 quod
1775 1753 1859 1789 puto

1159 1809 1224 1830 non
1256 1809 1329 1832 esse
1356 1800 1592 1832 contemneud.
1638 1800 1754 1830 Plant.
1781 1799 1862 1830 Am-

1160 1850 1241 1890 pliit.
1257 1860 1296 1881 u.
1313 1854 1343 1882 2.
1381 1852 1389 1868 ‘
1410 1852 1454 1882 Et
1472 1852 1606 1881 domum
1628 1850 1751 1881 Laudis
1768 1859 1859 1881 com-

1160 1909 1219 1940 pos
1233 1901 1386 1938 revenit;
1411 1901 1443 1931 in
1456 1900 1576 1932 solatio
1588 1899 1664 1930 est!
1701 1899 1757 1930 Ita
1769 1900 1857 1930 enim

1159 1951 1283 1982 liabent
1300 1952 1344 1982 ibi
1362 1956 1446 1983 vett.
1462 1951 1539 1982 edd.
1587 1951 1714 1981 Saltem
1737 1949 1860 1980 ablati-

1159 2011 1235 2032 vum
1253 2011 1320 2032 non
1338 2002 1424 2042 regi,
1441 2001 1501 2032 nisi
1514 2011 1533 2032 a
1548 2010 1655 2041 pra‘p.
1671 1999 1858 2040 probarunt

1158 2050 1283 2081 dudum
1301 2052 1363 2081 viri
1380 2051 1486 2091 docti,
1503 2055 1541 2081 ut
1560 2051 1680 2081 mirum
1697 2059 1773 2081 esse
1790 2059 1857 2081 non

1158 2101 1296 2139 debeat,
1308 2103 1334 2132 si
1352 2102 1474 2133 alicubi
1491 2106 1697 2142 anponatur.
1721 2101 1826 2139 Sches.

1200 2153 1217 2192 ξ
1235 2155 1253 2183 3
1283 2152 1354 2191 Vos,
1367 2152 1436 2192 Cyan]
1466 2152 1556 2184 Saxo
1573 2161 1610 2182 x.
1631 2161 1664 2191 p.
1681 2153 1756 2182 192.
1780 2150 1856 2182 init.

1160 2202 1170 2218 ‘
1183 2202 1345 2242 captivus
1357 2212 1398 2233 ex
1411 2211 1490 2243 rege
1507 2201 1643 2232 factus?

1200 2254 1334 2294 Quuter]
1355 2255 1364 2270 ‘
1381 2252 1465 2284 Ter'
1486 2252 1588 2284 habet
1606 2251 1740 2283 Probus
1757 2252 1858 2283 Eum.

1156 2305 1314 2343 Bongors.
1349 2304 1386 2334 F.
1413 2307 1449 2335 et
1477 2303 1532 2335 hic
1561 2302 1695 2344 legend.
1722 2303 1774 2344 qui
1796 2306 1856 2334 ter.

1155 2356 1259 2386 Bern.

1201 2405 1354 2436 obstricti
1384 2404 1471 2445 estis]
1512 2404 1595 2444 Pro,
1624 2402 1856 2434 obstrinxistis

1156 2466 1236 2495 vos;
1259 2456 1361 2487 verbo
1386 2456 1519 2496 passivo
1537 2454 1650 2495 posito
1667 2463 1728 2494 pro
1744 2454 1856 2485 activo

1157 2516 1232 2537 cnm
1250 2516 1401 2547 pronum.
1414 2506 1537 2545 recipr.
1569 2505 1625 2536 Sic
1643 2510 1677 2536 et
1692 2514 1722 2536 v.
1740 2507 1789 2536 10.
1803 2507 1856 2536 11.

1157 2557 1203 2588 At
1222 2560 1316 2588 xr.3.
1344 2560 1393 2588 10.
1424 2557 1498 2596 ipso
1526 2557 1639 2587 activo
1668 2565 1745 2587 usus
1771 2555 1856 2587 dicit

1155 2609 1163 2624 ‘
1181 2609 1391 2647 obstringere
1409 2607 1467 2638 se!
1499 2608 1568 2638 Vor.

1199 2661 1216 2700 ᾧ
1244 2662 1263 2690 4
1292 2658 1353 2689 Sed
1369 2657 1445 2698 ista]
1490 2657 1620 2689 Acidal.
1643 2657 1683 2688 ad
1706 2657 1795 2688 Vell.
1815 2666 1855 2688 11.

1158 2712 1232 2740 130.
1248 2712 1278 2740 8.
1302 2709 1432 2739 monuit
1450 2708 1497 2738 ita
1525 2707 1696 2738 scribend.
1715 2707 1855 2738 Abrum-
1877 2751 1880 2754 ψ

1157 2759 1249 2799 pitur
1262 2758 1349 2789 eninr
1364 2758 1415 2789 hic
1432 2758 1555 2788 oratio.
1581 2757 1755 2788 Hactenus
1772 2757 1854 2788 editi

1158 2811 1202 2841 Et
1219 2811 1291 2841 istu.
1331 2809 1433 2840 Bern.

1199 2862 1215 2901 ς
1239 2863 1257 2891 7
1283 2859 1373 2890 Solvo
1389 2869 1439 2890 vos
1452 2858 1670 2898 jurejurando,
1685 2869 1741 2900 quo
1762 2859 1856 2891 toties

1155 2921 1206 2944 vos
1217 2913 1405 2943 sacramento
1416 2910 1492 2941 mihi
1502 2909 1681 2950 devovistis]
1699 2910 1852 2942 Gronov.
