2101 3419
509 337 704 368 JUSTlNl
740 336 834 367 ma.
869 337 1018 366 xxix.
1051 337 1157 367 οΑΡ.
1189 328 1228 368 2.

151 432 236 463 Mox
253 441 313 472 pro
330 431 458 462 intentis
474 431 507 462 in
522 431 618 463 Junt.
642 435 692 461 est
716 431 846 461 nitenti-

151 481 222 513 bus:
245 491 343 522 quam
367 491 430 521 ego
453 481 533 512 lect.
550 481 627 511 huic
644 485 846 520 anteponam

150 532 382 563 libentissime.
407 530 520 563 Faber.
563 531 661 563 Junt.
677 531 709 561 in
724 541 847 561 suorum

148 582 310 622 quibusque
334 581 483 620 majorum
506 581 638 620 vestigia
663 581 845 613 nitentibus,

149 631 262 663 Acute
275 632 327 663 hic
342 641 472 672 quoque
485 631 622 664 doctiss.
636 631 745 662 Faber
759 631 847 662 vidit

148 682 271 722 quisque
293 685 488 721 corruptum
512 690 597 712 esse.
643 680 744 721 Angli
767 691 846 721 sup-

149 735 335 772 posuerunt
348 731 502 772 cujusque.
534 731 602 762 Sed
614 741 736 772 sequor
748 731 845 763 Jnnt.

148 780 188 811 In
205 781 317 821 priore
340 790 489 812 mearum
513 785 669 812 notarum
693 781 843 812 editione

148 830 434 871 typographorum
462 830 545 861 vitio
571 830 736 871 scriptum
764 840 844 872 quo-

146 889 211 921 que
226 879 289 910 fuit
305 880 339 910 in
350 880 493 912 Juntina
506 881 607 912 etiam
624 881 689 920 legi
706 881 845 921 quisque,

145 939 218 960 cum
236 929 394 960 tamenin
410 929 466 960 illa
480 930 647 961 habeatur
663 931 841 970 quibusque.

144 979 185 1010 In
198 979 298 1011 codd.
312 984 423 1010 autem
437 980 583 1021 antiquis
599 981 725 1020 quisque
741 980 844 1020 scrip-

144 1034 216 1061 tum
231 1028 297 1060 fuit
312 1038 373 1070 pro
395 1029 548 1070 queisque.
581 1029 700 1061 Graev.
745 1030 842 1061 Jnnt.

141 1080 274 1120 vestigia
298 1079 479 1112 nitentibus.
523 1080 580 1111 Sic
605 1079 708 1111 Ovid.
743 1079 839 1111 ‘Niti

143 1131 177 1163 in
193 1130 295 1162 ae'ra?
318 1130 425 1169 Schef.

187 1181 272 1213 CAP.
296 1190 334 1212 11.
379 1182 396 1221 ξ
420 1183 436 1211 1
461 1180 656 1221 Demetrius]
692 1181 746 1212 De
776 1191 842 1222 quo

142 1230 293 1272 Appian.
315 1231 349 1261 in
371 1231 467 1271 Illyr.
494 1231 615 1271 Polyb.
643 1231 715 1262 Liv.
763 1231 842 1263 Fuit

142 1286 256 1314 autem
287 1282 325 1313 L.
363 1282 515 1312 AEmilius
549 1282 689 1312 Paullus
724 1282 842 1313 consul

142 1342 218 1363 cum
245 1333 295 1364 M.
325 1332 418 1363 Livio
448 1332 648 1363 Salinatore.
685 1333 840 1372 Bongars.

142 1382 222 1414 Vid.
236 1383 338 1414 Dion.
355 1392 408 1422 ap.
427 1382 540 1413 Vates.
556 1386 630 1414 593.
654 1383 753 1415 Bern.

184 1434 202 1473 ξ
216 1436 236 1464 2
252 1433 419 1473 Imperium
429 1442 481 1472 spe
495 1433 634 1473 improba
646 1435 743 1464 totius
757 1434 841 1465 orbis

141 1484 290 1525 amplexi]
324 1483 458 1514 ‘Avida
484 1483 679 1514 ulteriorum
706 1494 840 1525 semper

141 1543 225 1573 gens
248 1533 432 1565 Romana:'
457 1533 529 1565 Liv.
547 1543 598 1565 ix.
615 1537 668 1565 28.
684 1537 715 1565 6.
745 1536 754 1552 ‘
771 1536 837 1566 Mi·

142 1584 308 1615 thridates
337 1584 446 1615 elatus
480 1584 599 1615 animis
630 1585 836 1626 ingentibus,

139 1634 230 1665 Asiae
244 1634 361 1673 totius,
373 1638 408 1666 et
419 1634 446 1664 si
457 1638 569 1674 posset
582 1635 729 1675 Europae
743 1635 837 1676 cupi-

139 1684 246 1716 ditate
259 1683 424 1724 flagrabat
434 1687 457 1715 :’
471 1685 560 1716 Flor.
574 1694 629 1715 111.
645 1688 675 1715 5.
691 1689 724 1716 5.
746 1685 756 1702 ‘
768 1684 836 1715 An-

138 1733 272 1765 tiochus
294 1743 368 1774 rex,
389 1733 536 1764 secunda
558 1732 694 1764 fortuna
716 1744 755 1765 ac
778 1743 836 1774 po-

137 1783 245 1814 tentia
275 1784 396 1823 elatus,
426 1782 527 1814 Orbis
559 1787 660 1814 terrae
692 1783 834 1824 imperio

137 1833 266 1874 adjecit
282 1833 431 1865 oculos:'
455 1834 549 1865 Plut.
566 1834 600 1864 in
617 1834 761 1865 Flamin.
780 1837 832 1865 15.

136 1883 236 1916 Quod
259 1883 368 1924 ipsum
383 1882 615 1914 Alexandrum
631 1894 763 1925 quoque
780 1894 835 1916 co-

135 1939 250 1966 natum
267 1943 340 1965 esse
354 1934 460 1966 tradit
470 1934 522 1966 Id.
536 1935 634 1967 Orat.
645 1945 670 1966 1.
683 1935 726 1966 de
740 1936 832 1968 Fort.

135 1984 234 2017 Alex.
249 1988 299 2017 ll.
336 1985 452 2026 Atque
476 1986 561 2017 adeo
586 1985 620 2016 in
641 1987 833 2018 universum

128 2034 207 2067 ‘hic
232 2035 430 2067 mortalibus
456 2045 528 2067 mos
553 2039 617 2076 est,
639 2046 681 2067 ex
704 2038 833 2077 magnis

132 2086 262 2126 majora
273 2085 431 2126 cupiendi
444 2085 467 2117 τ’
489 2086 569 2117 Sen.
586 2086 708 2118 Benef.
724 2096 781 2120 111.
799 2091 831 2120 3.

133 2135 231 2167 Idem.
267 2135 323 2167 Ita
336 2144 428 2167 xxn.
444 2138 474 2166 7.
511 2136 600 2168 ‘Qui
622 2146 683 2177 spe
706 2137 832 2178 impro-

131 2185 176 2216 ba
197 2194 336 2226 regnum
359 2185 460 2216 totius
484 2184 610 2217 Africae
629 2187 830 2228 amplexus!

133 2235 224 2267 Saxo
236 2244 275 2266 11.
292 2245 327 2275 p.
339 2238 436 2267 22.4.
471 2236 480 2252 ⁴
496 2236 622 2266 Frotho
639 2245 700 2276 spe
717 2238 830 2268 orien-

132 2285 176 2316 tis
198 2285 377 2325 imperium
403 2285 624 2325 complexus!
650 2295 685 2317 x.
705 2296 737 2326 p.
753 2289 828 2318 202.

131 2333 158 2365 f.
182 2337 191 2351 ‘
204 2334 374 2365 Haraldus
392 2345 452 2375 spe
470 2335 624 2375 improba
640 2335 743 2366 totius
758 2335 829 2366 An-

132 2385 211 2426 gliae
226 2394 365 2426 regnum
387 2387 606 2426 complexus.’
643 2385 733 2418 Add.
750 2395 827 2418 xiv.

131 2444 167 2475 p.
182 2437 257 2466 264.
275 2437 327 2466 32.
345 2439 380 2466 et
399 2446 433 2476 p.
449 2438 522 2467 337.
539 2439 592 2467 32.

187 2484 250 2525 Spe
276 2485 430 2526 improba]
465 2487 513 2518 H.
545 2496 574 2518 e.
614 2485 826 2527 impudente,

131 2535 229 2567 nimis
246 2536 346 2568 avida
360 2541 395 2568 et
411 2537 538 2568 audace
554 2548 562 2568 :
595 2537 685 2568 Flor.
703 2546 759 2568 111.
776 2540 827 2569 10.

130 2589 182 2618 32.
205 2586 214 2602 ‘
227 2587 387 2628 Improba
400 2588 524 2628 classis,
540 2586 716 2628 naufragio
730 2587 827 2618 casti-

131 2635 234 2677 gata.'
260 2636 389 2669 Auson.
402 2638 467 2679 Ep.
482 2646 534 2668 XI.
557 2637 713 2668 ‘Palmes
724 2636 826 2667 auda-

132 2685 203 2717 cior
218 2685 252 2716 in
268 2686 426 2718 hibernas
447 2687 557 2718 adhuc
580 2696 680 2717 auras
704 2686 826 2726 impro-

130 2735 211 2767 bum
242 2745 378 2776 germen
410 2736 503 2777 agit!
559 2736 714 2767 Martial.
742 2744 824 2767 vm.

131 2788 184 2817 21¹.
207 2786 216 2803 ‘
231 2786 388 2827 Improba
403 2797 467 2818 non
483 2786 589 2819 fuerit
602 2787 627 2818 si
645 2796 719 2818 mea
731 2786 826 2818 char-

132 2839 180 2876 ta,
195 2835 296 2867 dato
334 2836 389 2867 Sic
413 2837 501 2877 quod
526 2847 581 2877 ap.
599 2837 738 2868 Homer.
757 2836 825 2868 Od.

133 2893 183 2916 xi.
198 2887 274 2918 597.
297 2889 348 2918 est
370 2885 490 2924 ἀναιδὴς
514 2885 725 2928 (impudens)
741 2886 824 2917 illud

1509 324 1592 365 947

899 437 949 463 est
972 434 981 450 ‘
998 431 1183 472 improbus'
1208 441 1261 471 ap.
1289 429 1410 470 Virgil.
1435 429 1509 461 AEn.
1526 437 1593 460 xn.

896 486 970 514 687.
1022 484 1119 514 Sicut
1154 481 1322 523 ‘probus'
1356 491 1411 522 ap.
1441 482 1593 519 Festum,

897 533 990 574 quasi
1006 534 1015 550 ‘
1028 532 1209 572 prohibus‚’
1220 532 1323 573 quise
1338 541 1356 562 a
1367 530 1594 571 delinquendo

897 582 1068 621 prohibet,
1100 582 1147 612 sic
1189 581 1409 622 ‘improbus‚'
1440 581 1497 622 qui
1526 590 1594 612 non

895 632 1079 670 inhibetur,
1105 630 1359 671 ἇπαραπόδιστος.
1406 631 1527 662 Isidor.
1559 639 1595 661 Χ.

894 681 903 698 ‘
918 681 1098 721 Improbus
1120 681 1244 719 dictus,
1261 681 1351 722 quod
1371 681 1476 712 instat
1492 680 1595 711 etiam

895 730 1111 771 prohibenti.'
1148 731 1209 762 Cui
1231 731 1416 771 respondet
1432 741 1594 763 vernacu-

894 782 961 812 lum
995 771 1255 823 llllssssbflstssih
1289 781 1377 822 quod
1414 786 1525 812 tamen
1558 782 1593 812 in

893 832 1013 862 malam
1038 837 1171 872 partem
1199 831 1353 870 sumitur,
1380 831 1464 862 illud
1487 832 1593 862 etiam

894 882 925 912 in
943 882 1076 914 bonam.
1108 883 1232 923 Virgil.
1247 883 1292 914 G.
1309 892 1332 913 1.
1350 885 1422 914 145.
1454 882 1463 898 ‘
1480 883 1592 914 Labor

894 932 1005 963 omnia
1034 933 1139 964 vincit
1165 932 1363 973 improbus.’
1416 933 1516 965 Quod
1546 932 1591 965 id.

893 981 966 1013 fere
996 993 1072 1014 cum
1103 984 1169 1015 isto
1195 983 1371 1015 Petronii:
1396 982 1511 1013 ‘Nihil
1539 987 1593 1014 est

894 1036 962 1063 tam
991 1033 1145 1074 arduum,
1175 1033 1264 1074 quod
1295 1043 1360 1064 uon
1393 1033 1591 1074 improbitas

893 1083 1120 1123 extorqueat!
1141 1084 1240 1114 Rern.

940 1132 1061 1163 Bellum
1076 1143 1143 1164 cum
1157 1133 1295 1164 omnibus
1318 1133 1442 1173 regibus
1461 1133 1589 1174 gerant]

892 1181 948 1213 Ita
964 1183 1195 1215 Mithridates:
1221 1185 1229 1201 ‘
1242 1184 1384 1215 Romani
1397 1185 1510 1215 omnia
1523 1194 1590 1216 non

892 1241 1004 1271 serva,
1026 1237 1061 1263 et
1084 1234 1227 1264 maxime
1247 1243 1361 1274 regna,
1376 1234 1510 1264 hostilia
1530 1234 1589 1264 du-

891 1282 1006 1314 cuntz’
1037 1284 1115 1315 Sall.
1142 1284 1235 1315 Hist.
1264 1294 1314 1315 1v.
1363 1284 1417 1316 Sic
1441 1285 1588 1316 Perseus

890 1341 944 1372 ap.
960 1332 1033 1364 Liv.
1048 1342 1146 1364 xmv.
1164 1336 1216 1364 24.
1252 1334 1302 1365 Id.

932 1383 949 1422 ξ
972 1386 989 1412 5
1014 1383 1211 1423 Promptius]
1236 1384 1418 1415 Existimat
1435 1384 1586 1416 Freinsh.

889 1432 1023 1472 legend.
1040 1433 1221 1472 proximius.
1268 1434 1367 1465 Facit
1389 1435 1587 1474 praecedens

890 1482 1080 1514 versiculus.
1108 1484 1237 1515 Beruec.
1276 1484 1441 1525 Loquitur
1457 1485 1499 1516 de
1516 1486 1589 1516 Ma-

890 1532 1044 1563 cedonia.
1090 1533 1131 1563 In
1162 1533 1341 1574 Impressis
1370 1538 1421 1564 est
1447 1534 1585 1574 propius.

889 1582 1039 1614 Freinsh.
1050 1588 1161 1614 autem
1175 1584 1391 1623 emendabat,
1401 1585 1587 1625 proximu-⁵⁸,

887 1633 1034 1672 quodid.
1052 1637 1113 1664 est.
1158 1634 1283 1665 Dices:
1307 1635 1398 1667 Quid
1423 1636 1585 1666 tandem?

888 1683 1105 1722 Macedonia,
1136 1694 1211 1724 quae
1246 1694 1349 1725 supra
1378 1685 1582 1716 Thessaliam

887 1737 949 1772 est,
959 1733 1067 1764 eritne
1077 1734 1188 1765 Italiae
1200 1733 1335 1774 propior
1347 1745 1445 1775 quam
1457 1739 1581 1766 ceterae

887 1782 1035 1814 Graeciae
1063 1788 1179 1824 partes
1207 1785 1465 1816 nieridionales?
1495 1786 1583 1825 Erit,

885 1832 1033 1873 inquam,
1048 1835 1127 1874 quia
1142 1834 1345 1865 Macedonia
1368 1835 1583 1875 quodammo-

884 1884 926 1915 do
948 1885 1050 1916 limen
1072 1886 1183 1917 Italiae
1206 1890 1256 1917 est
1271 1886 1312 1917 ad
1332 1896 1421 1917 mare
1438 1887 1582 1924 Ionium,

883 1938 1003 1975 utpote
1032 1936 1153 1975 Epiro¹
1174 1936 1397 1967 contermina.
1457 1937 1582 1968 Fateor

883 1994 958 2025 cap.
975 1987 1004 2016 3.
1023 1985 1164 2025 hujusce
1181 1986 1238 2018 lib.
1255 1986 1496 2018 Macedoniam
1513 1987 1582 2018 dici

881 2034 1107 2066 remotIOrem.
1144 2035 1224 2075 Sed,
1240 2046 1313 2067 cum
1329 2046 1368 2067 eo
1386 2037 1581 2077 perveneri-

882 2094 967 2121 mus,
981 2086 1089 2116 locum
1106 2086 1199 2116 illum
1213 2095 1286 2117 esse
1302 2086 1456 2117 vitiatum
1471 2091 1581 2117 osten-

880 2135 1007 2168 demus.
1034 2136 1144 2168 Faber.
1181 2136 1222 2167 In
1243 2137 1312 2169 Ms.
1334 2141 1410 2167 erat
1427 2137 1580 2177 proprius-

880 2185 998 2216 Malim
1012 2187 1148 2226 propius,
1165 2190 1202 2216 ut
1217 2196 1350 2227 quoque
1366 2191 1417 2217 est
1434 2187 1467 2217 in
1484 2187 1579 2218 Vett.

879 2234 963 2266 edit.
993 2236 1079 2267 Voss.
1127 2236 1259 2276 Propius
1275 2236 1483 2276 antiquiores
1498 2245 1578 2267 sane

880 2284 969 2324 typis
993 2294 1090 2325 expr.
1119 2284 1264 2315 habent:
1291 2285 1472 2326 placetque
1488 2285 1578 2316 idem

878 2334 1010 2365 Vossio.
1056 2334 1321 2365 Convenientius
1349 2339 1462 2366 tamen
1488 2345 1577 2367 nunc

878 2383 1014 2414 videtur
1041 2384 1130 2424 quod
1157 2384 1333 2415 substituit
1356 2385 1577 2425 Bongarsius,

876 2433 914 2464 τὸ
931 2434 1084 2474 promtius
1099 2438 1203 2474 puta;
1229 2434 1306 2473 etsi,
1326 2434 1415 2464 unde
1439 2434 1473 2464 id
1497 2435 1576 2465 hau-

878 2484 973 2522 serit,
990 2493 1056 2514 non
1074 2483 1285 2523 profiteatur.
1314 2483 1416 2514 Vorst.
1461 2484 1575 2524 Bong.

874 2533 1057 2574 promptius.
1101 2533 1167 2564 Sed
1187 2535 1365 2573 promptum
1388 2542 1515 2572 regnum
1532 2543 1575 2564 an

877 2583 998 2615 Latine
1027 2583 1171 2623 dicatur,
1194 2583 1324 2622 ignoro,
1350 2591 1414 2612 nec
1439 2581 1575 2613 invenio

877 2634 1079 2674 exemplum.
1126 2633 1167 2663 In
1185 2634 1267 2664 Mss.
1280 2632 1405 2672 legitur
1414 2633 1574 2672 proprius,

876 2684 964 2725 quod
977 2684 1129 2724 suspicor
1141 2691 1216 2713 esse
1230 2681 1462 2722 compendium
1478 2692 1575 2713 voea-

876 2734 946 2766 buli
962 2733 1150 2774 prosperius.
1189 2732 1374 2771 Eleganter
1394 2741 1574 2771 prosperum

874 2793 1004 2823 regnum
1012 2782 1161 2823 Philippi
1169 2781 1329 2821 appellat,
1337 2785 1478 2821 propter
1488 2791 1573 2812 snm-

875 2838 982 2865 motos
1005 2833 1119 2863 hostes
1143 2835 1178 2862 et
1206 2831 1324 2861 virium
1351 2831 1571 2863 incrementa.

875 2884 921 2915 Et
936 2882 1064 2915 rectius
1087 2881 1296 2923 prosperitas
1310 2881 1368 2912 illa
1382 2879 1573 2921 fingebatur
