2101 3419
406 350 491 392 872
855 339 1000 392 'no'rAE
1031 360 1294 393 vitulorum
1330 363 1382 394 IN

404 463 494 493 nem,
510 453 669 494 Syrorum
688 453 699 471 ι
711 455 867 488 Malchus
878 457 887 471 '
903 461 1017 489 natum
1032 467 1102 489 sus-

406 504 541 544 picatur
567 504 707 536 Gevart.
734 506 768 536 in
798 506 980 546 Papiuian.
1005 507 1102 539 Lect-

405 563 459 585 111.
484 556 514 585 4.
543 555 553 572 ‘
570 555 762 587 Malachus'
790 561 902 588 autem
928 562 963 589 et
989 558 1100 590 ‘Mal-

406 603 505 636 chus’
521 613 635 644 regem
653 606 744 646 Syris
760 611 865 638 notat.
887 608 987 640 Bern.

447 655 534 685 CAP.
550 664 602 686 1v.
648 656 697 696 §1
722 657 816 687 Passi
840 661 911 688 sunt
933 659 1013 689 inter
1033 660 1100 699 plu·

403 704 496 742 rima,
524 705 591 745 ὅτι]
622 705 822 746 Ἐτυραννήθη
846 706 974 747 χρόνους
1002 708 1099 748 τινὰς,

401 754 515 786 Strab.
562 755 618 786 De
642 757 807 788 Clearcho
834 762 977 798 tyranno
996 759 1099 791 Diod.

402 813 464 836 xv.
479 809 515 836 et
529 814 605 837 XVI.
627 806 720 839 Plut.
743 816 784 839 11.
809 807 852 839 de
879 809 972 840 Fort.
996 808 1097 840 Alex.

402 854 508 894 Bong.

444 906 462 945 ἕ
478 909 498 937 2
527 907 604 938 Cum
615 907 701 948 plebs
712 912 743 940 et
754 918 847 940 novas
861 909 991 948 tabulas,
1005 913 1036 941 et
1050 911 1097 941 di-

400 957 545 989 visionem
559 969 706 999 agrorum
716 960 863 1000 divitum]
887 961 959 991 Liv.
974 970 1096 993 xxxn.

399 1009 453 1038 38.
481 1007 564 1039 duas
589 1009 691 1041 hasce
714 1010 814 1050 leges,
832 1011 973 1042 alteram
995 1021 1096 1043 nova-

399 1068 473 1089 rum
501 1058 701 1099 tabularum,
732 1070 797 1101 qua
823 1061 996 1092 debitores
1027 1072 1095 1092 aere

399 1109 510 1140 alieno
526 1109 712 1140 liberantur
726 1110 927 1150 (χρεωκοπίαν
941 1115 976 1142 et
991 1110 1095 1142 σεισά-

397 1162 505 1197 χθειαν
534 1159 737 1201 appellant)‚
767 1162 908 1192 alteram
941 1171 1094 1202 agrorum

398 1209 527 1240 viritim
553 1219 596 1240 ex
623 1220 719 1252 aequo
748 1211 1018 1251 dividendorum,
1046 1211 1095 1243 ait

397 1268 471 1289 esse
497 1259 603 1291 ‘duas
630 1260 721 1292 faces
745 1261 948 1292 novantibus
973 1272 1028 1293 res
1050 1261 1093 1292 ad

396 1309 531 1349 plebem
557 1309 590 1340 in
619 1311 802 1350 optimates
818 1311 1093 1342 aceendendam.’

397 1359 564 1390 Videatur
587 1364 623 1391 et
642 1361 720 1392 Sall.
736 1361 812 1392 Cat.
833 1365 886 1392 21.
910 1362 1093 1393 Berneccer.

395 1409 486 1440 Dele
501 1410 596 1440 etiam
610 1415 645 1442 et
660 1411 799 1442 divitum.
824 1411 947 1442 Faber.
971 1411 1094 1449 Faber,

395 1463 483 1490 teste
500 1460 667 1491 Notatore
688 1461 891 1501 Anglicano‚
914 1470 1030 1492 vocem
1046 1461 1093 1492 di-

394 1509 492 1539 vitwn
508 1510 682 1550 expungit.
712 1510 812 1543 Quod
828 1511 983 1542 existimo
998 1516 1093 1543 recte

394 1558 480 1590 fieri.
525 1559 630 1591 Plebs
651 1561 740 1591 enim
761 1571 895 1592 suorum
919 1563 1092 1602 postulare

394 1609 597 1641 divisionem
614 1620 679 1641 non
695 1615 842 1652 poterat,
853 1621 934 1653 quos
946 1612 1093 1643 habebat

394 1659 515 1690 nullos.
540 1660 647 1698 Schef.
690 1661 786 1693 Junt.
802 1672 870 1692 cum
886 1662 972 1702 plebs
986 1666 1016 1693 et
1039 1672 1092 1693 no·

392 1720 446 1740 ras
461 1710 591 1750 tabulas,
607 1715 637 1742 et
651 1711 831 1743 divisionem
852 1722 998 1752 agrorum
1012 1713 1092 1744 diui-

393 1762 478 1790 tum.-
505 1766 609 1792 recte.
654 1762 732 1792 Non
759 1763 904 1793 omnium
932 1773 1090 1804 agrorum

392 1810 602 1850 divisionem,
625 1812 683 1843 sed
716 1812 847 1844 illorum
874 1813 930 1854 qui
956 1813 1090 1844 latifun-

393 1859 449 1890 dia
496 1861 726 1902 possidebant,
763 1863 859 1903 plebs
896 1863 1086 1904 flagitabat.

394 1910 499 1943 Quasi
524 1921 604 1944 vero
620 1922 685 1943 uon
699 1914 796 1945 multi
816 1923 857 1945 ex
874 1915 974 1955 plebe
990 1925 1088 1955 agros

391 1961 612 2001 possederint.
643 1964 748 1994 Graec.

437 2012 594 2051 Dicitum,
610 2013 676 2052 ἐξα]
702 2013 739 2044 F.
754 2013 878 2045 divites.
924 2015 1012 2046 Nam
1024 2015 1088 2056 fla-

389 2061 494 2100 gitare
510 2065 689 2103 utrumque
704 2064 935 2096 accusativum
953 2069 1023 2096 tam
1039 2066 1087 2097 rei

392 2122 493 2152 quam
529 2122 683 2153 personae
713 2114 881 2146 adsciscit.
928 2115 998 2146 Cic.
1026 2126 1086 2155 pro

390 2162 510 2194 Plane.
521 2166 552 2194 2.
576 2165 585 2181 ‘
601 2164 795 2196 Dicendum
807 2166 917 2206 estid,
928 2166 1017 2208 quod
1031 2167 1086 2197 ille

390 2222 443 2244 me
456 2211 613 2253 flagitat.’
637 2214 734 2246 Gron.

432 2265 449 2304 ᾗ
467 2267 485 2295 3
510 2266 581 2296 Diu
595 2266 676 2296 rein
696 2269 804 2297 senatu
820 2266 971 2307 tractata]
1003 2267 1086 2299 Mss.

388 2315 454 2344 mei
478 2318 591 2354 tracta,
615 2320 653 2346 ut
674 2316 761 2347 dixit
788 2316 868 2347 Sall.
885 2316 966 2357 Jug.
982 2319 1035 2348 22.
1052 2320 1084 2348 2.

387 2365 396 2381 ‘
411 2364 599 2404 Adherbal,
616 2366 673 2397 ubi
688 2366 851 2406 intelligit
874 2368 1014 2407 penuria
1036 2377 1083 2398 re-

388 2425 462 2446 rum
478 2417 749 2447 necessariarum
767 2416 892 2447 bellum
909 2417 994 2448 trahi
1018 2427 1084 2448 non

387 2465 509 2505 posse!
553 2465 620 2497 Sed
643 2466 725 2496 nihil
745 2471 850 2498 muto.
874 2467 961 2498 Mod.
1015 2467 1084 2498 Sed

387 2516 461 2546 haec
489 2515 611 2547 similia
639 2525 705 2546 non
729 2520 819 2547 sunt.
875 2516 963 2547 Nam
990 2516 1083 2547 ‘bel-

386 2567 455 2597 lum
470 2566 602 2597 trahere
612 2565 619 2578 '
636 2570 702 2604 est,
714 2566 802 2597 bello
814 2576 925 2597 moras
935 2566 1080 2598 addere:

386 2616 441 2647 hic
467 2626 547 2647 vero
572 2626 638 2648 rem
663 2617 785 2648 trahere
810 2621 876 2656 est,
900 2627 969 2648 rem
996 2623 1084 2649 trac-

387 2673 473 2707 tare,
487 2677 513 2698 s.
529 2667 572 2699 de
587 2677 623 2698 re
643 2667 829 2708 disputare.
872 2669 1084 2700 Convenien-

386 2720 453 2749 tius
470 2722 524 2749 est
549 2718 739 2758 exemplum
759 2717 908 2749 Sallustii
930 2718 1012 2758 Jug.
1028 2721 1082 2750 93.

388 2771 418 2798 1.
443 2768 451 2784 ‘
465 2767 616 2798 Trahere
640 2777 716 2798 cnm
741 2767 850 2798 animo
863 2777 935 2807 suo,
949 2768 1082 2800 omitte-

387 2822 484 2848 retne
509 2817 702 2858 inceptum,’
723 2827 796 2858 pm,
821 2822 982 2858 tractare,
999 2818 1082 2850 deli-

387 2868 518 2899 berare.
561 2868 669 2899 Sicuti
685 2868 693 2884 ‘
710 2868 857 2899 tractus’
881 2878 942 2908 pro
958 2874 1081 2901 tracta-

389 2922 437 2957 tu,
453 2916 618 2949 ‘affectio’
634 2927 695 2959 pro
707 2916 937 2959 affectatione,
949 2919 958 2936 ‘
971 2923 1082 2951 osten-

1152 455 1218 487 sio'
1243 465 1305 497 pro
1320 457 1563 498 ostentatione,
1579 460 1642 489 &a
1659 457 1753 489 bonis
1771 468 1849 490 auc-

1151 506 1280 538 toribus
1296 507 1434 546 dicitur,
1451 508 1562 539 iudice
1582 508 1623 539 cl.
1646 509 1788 539 Salmas.
1805 509 1846 539 ad

1151 557 1244 588 Hist.
1272 556 1362 598 Aug.
1387 568 1421 598 p.
1440 561 1512 589 109.
1537 558 1581 589 D.
1609 561 1640 589 2.
1663 559 1847 589 Bemzeccer.

1149 606 1186 638 F.
1202 607 1313 647 diuque
1327 617 1361 638 re
1376 607 1410 638 in
1431 617 1496 638 sen.
1521 611 1668 647 tractata,
1683 608 1787 639 exitus
1801 608 1849 639 rei

1149 666 1208 687 non
1222 657 1285 688 inv.
1309 657 1416 688 Gron.
1465 658 1626 698 Tractata]
1649 658 1705 689 Sic
1729 658 1847 698 optimi

1149 706 1239 746 libri,
1255 711 1291 738 et
1305 706 1442 748 quidem
1464 712 1571 739 recte.
1616 708 1656 739 In
1681 708 1848 739 membra·

1149 757 1300 798 nis,quas
1315 758 1452 789 Modius
1468 758 1566 797 vidit,
1579 759 1697 789 ultima
1713 758 1846 799 syllaba

1147 808 1287 839 earund.
1310 808 1482 840 literarum
1511 809 1671 849 perierat,
1693 813 1731 840 ut
1753 817 1845 849 saepe

1146 857 1285 890 factum.
1330 859 1477 890 Tractare
1499 860 1532 890 in
1553 862 1661 890 senatu
1677 863 1742 897 est,
1766 858 1847 890 deli-

1146 908 1278 940 berare.
1334 910 1428 941 Suet.
1451 910 1577 950 ‘Cepit
1601 910 1738 949 amicos,
1767 918 1843 941 cum

1145 959 1265 1000 quihus
1281 959 1323 990 de
1339 969 1411 1000 rep.
1429 962 1613 991 tractaret.’
1637 959 1743 991 Groev.

1191 1008 1267 1039 Otia
1294 1009 1515 1049 lascivientem]
1569 1010 1649 1040 Sen.
1688 1010 1752 1050 Ep.
1789 1011 1842 1040 56.

1145 1058 1155 1075 ‘
1173 1058 1354 1099 Nunquam
1372 1064 1472 1090 vacat
1487 1059 1640 1090 lascivire
1656 1058 1820 1090 districtis
1835 1069 1842 1090 :

1145 1108 1293 1150 nihilque
1319 1114 1387 1140 tam
1414 1115 1545 1140 certum
1569 1114 1637 1149 est,
1660 1120 1757 1150 quam
1783 1109 1844 1140 otii

1146 1159 1230 1190 vitia
1241 1160 1377 1200 negotio
1390 1159 1538 1191 discuti.'
1561 1160 1644 1192 Qua»
1658 1159 1844 1200 posteriora

1144 1209 1249 1240 verba
1271 1209 1345 1249 ipsa
1370 1209 1474 1240 habet
1499 1213 1534 1240 et
1555 1210 1652 1241 Curt.
1675 1218 1739 1240 vu.
1765 1212 1794 1241 l.
1809 1213 1841 1240 5.

1144 1259 1244 1290 Rern.

1187 1311 1239 1350 §4
1266 1310 1364 1345 Quem
1382 1309 1443 1350 ipsi
1468 1309 1502 1340 in.
1525 1309 1666 1350 exilium,
1693 1309 1762 1350 ἔξω]
1786 1309 1843 1342 Ita

1144 1358 1186 1389 de
1204 1359 1381 1391 Coriolano
1393 1364 1428 1391 et
1444 1360 1584 1391 Camillo
1607 1361 1681 1392 Liv.
1698 1370 1738 1393 11.
1755 1365 1791 1392 et
1806 1370 1841 1392 v.

1147 1409 1241 1441 Bern.

1187 1461 1238 1500 §5
1265 1459 1514 1500 Calamitatium]
1547 1459 1624 1491 Hoc
1646 1464 1842 1501 suspectum

1143 1509 1224 1540 mihi
1240 1514 1301 1541 est.
1326 1510 1366 1541 In
1379 1511 1445 1541 Ms.
1462 1510 1606 1551 quodam
1619 1510 1742 1550 legitur
1756 1511 1842 1542 aula-

1141 1560 1304 1591 muntium.
1329 1561 1419 1592 Num
1433 1561 1570 1601 scripsit
1584 1562 1711 1592 Noster
1722 1561 1844 1593 auxilia

1141 1610 1326 1650 vocantium,
1342 1610 1441 1651 idque
1458 1610 1584 1642 deinde
1606 1620 1668 1651 per
1681 1620 1841 1651 compen-

1143 1659 1272 1691 diosam
1289 1659 1489 1701 scripturam
1503 1660 1632 1692 factum
1645 1661 1754 1702 primo
1770 1662 1842 1692 aula

1140 1711 1327 1750 vocantium,
1351 1714 1387 1742 et
1411 1720 1487 1741 mox
1507 1711 1640 1751 junctis
1668 1710 1839 1742 vocabulis

1140 1760 1270 1792 duobus
1290 1761 1336 1801 id,
1352 1761 1440 1802 quod
1455 1761 1581 1801 legitur
1595 1761 1629 1792 in
1645 1761 1712 1792 Ms.
1727 1762 1738 1791 ?
1774 1760 1842 1802 An,

1140 1820 1202 1851 pro
1231 1811 1466 1851 autumantium,
1496 1811 1731 1843 lamentantium
1761 1812 1842 1844 scri-

1139 1860 1311 1891 bendum?
1346 1860 1468 1892 Potest
1495 1861 1584 1892 enim
1609 1862 1642 1892 in
1673 1862 1839 1893 vocabulo

1137 1911 1360 1942 acclamantium
1385 1911 1523 1942 initialis
1547 1911 1661 1942 littera
1682 1920 1725 1942 ex
1752 1921 1838 1952 prae-

1137 1961 1212 1992 ced.
1243 1961 1406 1992 vocabulo
1433 1962 1625 2002 adhaesisse,
1657 1962 1838 1994 lamantium

1138 2017 1250 2043 autem
1266 2012 1503 2052 compendium
1527 2022 1602 2044 esse
1619 2013 1707 2044 vocis
1722 2013 1837 2045 lamen-

1136 2063 1280 2094 tantium.
1304 2061 1418 2093 Schef.

1182 2114 1221 2143 10
1245 2113 1299 2143 Ex
1313 2112 1428 2150 defens.
1444 2112 1511 2152 δικ]
1537 2113 1627 2144 Saxo
1645 2123 1667 2145 1.
1686 2124 1718 2154 p.
1733 2119 1764 2146 5.
1780 2118 1835 2147 27.

1137 2171 1218 2194 vni.
1246 2172 1280 2202 p.
1302 2166 1375 2194 155.
1395 2165 1447 2194 42.
1473 2164 1482 2179 ‘
1499 2164 1551 2194 Ex
1579 2173 1656 2203 rege
1683 2165 1834 2204 privatus

1137 2213 1277 2244 evasit:'
1307 2217 1342 2244 et
1365 2223 1397 2254 p.
1424 2215 1455 2243 8.
1487 2213 1497 2230 ‘
1514 2214 1566 2244 Ex
1589 2213 1685 2245 hoste
1712 2224 1834 2255 procus

1137 2263 1245 2294 evasit
1258 2263 1278 2294 :'
1302 2271 1351 2294 xi.
1379 2273 1414 2304 p.
1440 2265 1514 2295 220.
1541 2266 1593 2294 13.
1620 2265 1630 2281 ‘
1646 2265 1774 2296 Blacco
1791 2275 1834 2296 ex

1136 2313 1349 2354 speculatore
1366 2313 1504 2344 sceleris
1520 2313 1672 2345 hortator
1688 2315 1821 2346 evasit.'

1178 2364 1195 2404 ς
1214 2365 1252 2394 13
1276 2362 1391 2403 Pares]
1415 2363 1552 2394 Validos
1569 2364 1650 2395 satis
1674 2364 1717 2395 ad
1737 2366 1834 2396 resis-

1136 2413 1284 2446 tendum.
1306 2414 1389 2455 Sup.
1403 2423 1468 2445 vu.
1480 2417 1512 2446 6.
1524 2416 1556 2445 4.
1568 2415 1578 2431 ‘
1592 2415 1699 2446 Pares
1714 2415 1833 2447 bellis!

1135 2465 1233 2496 Rern.

1177 2515 1430 2555 Arbitrarentur]
1478 2515 1596 2548 Scribe
1630 2516 1833 2549 arbitrentur.

1135 2566 1257 2598 Faber.

1177 2617 1195 2656 ς
1213 2618 1251 2646 15
1275 2614 1410 2646 Proinde
1425 2616 1580 2647 consulant
1591 2617 1651 2648 sibi
1664 2617 1760 2658 ipsis.-
1777 2618 1832 2658 ju·

1133 2665 1224 2697 beant
1239 2665 1323 2696 abire
1336 2675 1379 2704 se,
1390 2666 1417 2696 si
1432 2665 1554 2706 malint,
1568 2667 1617 2698 vel
1626 2677 1726 2699 causae
1735 2678 1832 2709 popu-

1134 2717 1209 2748 laris
1221 2716 1335 2747 socium
1349 2716 1520 2756 remanere]
1545 2716 1613 2748 Hic
1629 2717 1650 2749 l.
1675 2722 1729 2749 est
1752 2728 1832 2750 con-

1134 2766 1326 2798 taminatus.
1369 2766 1458 2799 Quid
1474 2766 1530 2797 hic
1546 2766 1573 2797 sz'
1592 2766 1723 2799 malint?
1745 2768 1830 2800 eod.

1133 2826 1232 2848 mauu
1257 2821 1415 2848 exaratus
1439 2817 1618 2858 Bongarsii
1639 2828 1679 2849 an
1693 2818 1753 2850 sibi
1768 2829 1832 2850 ma·

1132 2868 1201 2899 lint.
1226 2867 1383 2900 Rescrib.
1401 2877 1476 2899 cum
1498 2868 1519 2900 J
1525 2872 1595 2899 unt.
1611 2868 1748 2900 Proinde
1762 2878 1832 2901 con.

1132 2920 1233 2952 salunt
1261 2919 1320 2951 sibi
1345 2920 1415 2960 ipsi.
1447 2918 1584 2951 Jubeant
1612 2919 1697 2950 abire
1722 2930 1767 2960 se,
1789 2930 1830 2951 an
