2174 3424
541 339 735 371 JUSTINI
770 341 861 371 [ΑΒ.
894 341 944 370 11.
977 343 1082 372 CAP.
1113 332 1181 372 13.

149 433 316 465 Aristides
332 433 365 464 iu
381 432 546 464 Oratione
569 432 642 474 ὑπὲρ
655 435 716 464 τῶν
730 433 840 464 τεττά-

146 497 214 525 ρων.
260 484 427 523 Conjnges
444 493 523 514 vero
550 488 584 514 et
613 484 735 515 liberos
749 485 838 515 Troe-

147 544 261 565 zenem
277 534 417 573 misisse,
429 544 496 565 non
514 535 545 565 in
561 535 697 566 insulas.
741 535 837 566 Abdi-

144 589 194 617 tas
210 589 319 616 autem
338 590 437 616 vocat
458 585 584 615 insulas
610 584 697 624 illas,
721 585 838 625 quoni-

144 645 197 666 am
212 635 245 665 in
263 635 380 665 intimo
405 643 541 665 recessu
557 634 647 664 sinus
665 638 778 664 essent
795 635 837 664 si-

143 690 200 716 tae.
229 686 310 714 Voss.
356 684 548 715 Genuinum
565 684 699 714 videtur
713 683 839 724 abditis,

142 745 252 776 neque
270 744 344 765 cum
361 734 491 765 Sebisio
515 738 551 764 et
575 735 739 766 Bernecc.
767 744 837 764 mu-

142 785 233 816 tand.
261 785 294 815 in
321 784 447 816 adsitis.
492 784 577 815 Sunt
594 788 707 815 autem
723 784 837 815 abditoe

139 836 260 874 iusuIae,
276 844 362 875 quae,
390 838 428 865 ut
442 834 540 865 Voss.
565 834 625 873 ait,
649 834 682 864 iu
699 845 835 866 recessu

140 884 231 916 sinus
246 884 363 915 intimo
379 883 473 915 fuere
490 884 580 922 sitae,
608 884 749 915 Salamis
774 895 834 925 pu-

139 939 174 966 ta
197 940 233 965 et
257 934 396 974 AEgina:
427 943 509 974 quas
534 934 666 965 Herod.
690 943 771 965 vm.
798 939 834 967 et

138 984 303 1015 nominat.
347 983 501 1014 Indidem
518 987 595 1023 post
619 982 732 1023 fugam
749 985 833 1015 Xer-

138 1035 189 1066 xis
205 1039 240 1065 et
262 1035 412 1076 repetita
434 1035 648 1077 Thucydides
669 1036 830 1077 prodidit.

143 1085 248 1117 Vorst.

179 1136 195 1176 §
214 1138 254 1166 18
276 1135 438 1175 Adunata]
471 1135 673 1167 ‘Adunare'
692 1137 829 1168 verbum

137 1185 264 1217 Nostro
291 1186 390 1217 valde
417 1185 692 1228 frequentatum;
716 1192 754 1218 ut
776 1187 829 1218 vel

135 1244 178 1266 ex
204 1235 279 1266 Ind.
306 1241 461 1276 apparet.
508 1236 601 1267 Alibi
624 1246 704 1267 vero
729 1238 829 1277 paulo

134 1286 241 1317 rarius
262 1291 324 1317 est.
368 1287 486 1317 Utitur
501 1290 614 1317 tamen
639 1287 827 1327 Cyprianus

133 1336 166 1367 in
184 1337 247 1377 Ep.
261 1339 313 1367 63.
338 1346 411 1378 quae
425 1336 467 1367 ad
481 1337 594 1368 Caecil.
613 1343 686 1369 cst:
712 1338 721 1355 ‘
737 1338 827 1370 Quo-

133 1386 233 1417 modo
258 1396 319 1417 nec
334 1396 455 1426 corpus
472 1386 611 1417 Domini
627 1392 739 1427 potest
753 1397 827 1418 esse

133 1435 241 1467 farina
258 1437 340 1476 sola,
356 1441 413 1467 aut
428 1447 514 1478 aqua
525 1437 605 1475 sola,
620 1437 684 1468 nisi
701 1441 827 1468 utrum-

133 1496 198 1526 que
213 1486 394 1517 adunatum
419 1487 523 1517 fuerit
545 1491 580 1517 et
605 1487 825 1526 copulatum.'

131 1535 200 1566 Sed
222 1540 256 1565 et
281 1546 333 1575 ap.
356 1536 445 1566 Plin.
461 1536 610 1576 reperias
628 1545 705 1567 xix.
722 1540 754 1567 2.
779 1538 825 1568 Ν.

133 1585 178 1616 H.
203 1585 386 1621 ‘Vulsum,’
415 1586 539 1626 inquit,
577 1587 586 1602 ‘
601 1585 749 1616 fascibus
790 1587 824 1617 in

131 1645 251 1666 acervo
280 1635 459 1666 adunatum
488 1635 613 1666 biduo.'
658 1635 712 1666 Sic
736 1636 823 1666 enim

129 1684 265 1724 legend.
296 1684 367 1714 siue
397 1684 522 1723 dubio3
550 1694 616 1715 non
639 1685 821 1716 animatum.

130 1733 244 1765 Vorst.

171 1784 188 1823 ς
206 1786 246 1814 19
270 1784 333 1814 Per
346 1784 588 1825 servumfidum]
613 1784 766 1816 Frontin.
780 1793 820 1816 11.

127 1836 157 1865 2.
171 1836 222 1864 13.
246 1834 350 1873 Bong.
397 1834 527 1865 Herod.
540 1844 620 1866 vm.
636 1838 688 1866 75.
707 1833 822 1873 Πέμπει

127 1884 158 1914 ἐς
172 1883 208 1913 τὸ
219 1883 426 1923 στρατόπεδον
437 1883 474 1914 τὸ
488 1884 597 1922 Μήδων
612 1884 703 1924 ἄνδρα
713 1883 821 1924 πλοίῳ,

127 1931 334 1971 ἐντειλάμενος
344 1933 383 1964 τὰ
405 1932 509 1972 λέγειν
520 1934 628 1975 χρεών·
652 1936 696 1973 τῷ
708 1934 820 1973 οὕνομα

124 1982 180 2021 μὲν
193 1982 230 2018 ἣν
245 1982 374 2023 Σίκινος,
389 1983 509 2021 οἰκέτης
521 1983 553 2015 δὲ
565 1984 614 2015 καὶ
626 1984 818 2025 παιδαγωγὸς

123 2032 160 2071 ἣν
173 2036 235 2065 τῶν
250 2036 480 2073 Θεμιστοκλῆος
495 2034 618 2066 παίδων.

167 2085 239 2125 §22
277 2085 454 2124 Spectator]
500 2085 583 2115 Mss.
613 2088 816 2125 exspectatoe:

123 2134 211 2164 unde
226 2135 302 2165 Val.
323 2133 457 2165 Acidal.
485 2134 528 2165 ad
554 2134 640 2165 Vell.
655 2143 696 2165 Π.
715 2138 766 2166 14.
782 2138 814 2166 5.

122 2182 206 2215 facit
221 2187 402 2224 espectator‚
416 2183 551 2224 antique
568 2193 642 2224 pro,
658 2188 815 2225 aspecta-

123 2239 186 2266 tor.
230 2235 326 2266 Sicut
348 2236 357 2252 ‘
371 2234 577 2265 escendere'
596 2235 677 2266 Tac.
688 2239 722 2265 et
734 2235 813 2266 Seu.

121 2293 195 2323 pro,
213 2284 416 2315 ascendere:
442 2288 478 2315 et
503 2284 580 2315 Vet.
606 2284 814 2315 Glossarium

120 2333 342 2365 ‘ercessere.’
379 2335 509 2365 Bernec.
553 2334 643 2365 Saxo
672 2343 747 2366 Xiv.
779 2344 811 2374 p.

120 2385 194 2414 255.
210 2382 234 2415 f.
257 2385 265 2401 ‘
284 2384 354 2415 Pro
381 2384 467 2415 duce
493 2393 615 2425 pugnae
638 2388 812 2424 spectator

121 2431 283 2465 effectus?

162 2485 234 2524 §23
258 2483 445 2524 Artemisia]
475 2482 618 2525 Θυγάτηρ
632 2483 810 2523 Λυγδάμιος.

120 2533 249 2565 Herod.
277 2543 342 2565 vn.
372 2537 425 2565 99.
492 2535 594 2565 Paus.
625 2534 810 2565 Laconicis.

118 2583 210 2613 Unus
240 2592 258 2613 e
291 2584 377 2615 Mss.
407 2582 608 2615 Artemidora
647 2585 810 2625 scriptum

118 2631 230 2670 habet,
267 2633 436 2673 quomodo
477 2638 513 2665 et
557 2634 656 2666 Oros.
687 2643 728 2665 11.
759 2638 810 2666 10.

119 2680 223 2720 Bong.

160 2731 246 2762 Inter
261 2733 375 2772 primos
384 2733 488 2773 duces]
520 2733 739 2774 Antiquiores
757 2737 808 2774 ty-

116 2780 167 2820 pis
180 2783 332 2821 expressi
357 2783 380 2813 i.
397 2783 546 2822 primores
558 2785 590 2814 d.
620 2783 709 2824 quod
726 2793 808 2814 saue

117 2831 351 2863 contemnend.
376 2841 442 2863 nou
469 2837 531 2863 est.
578 2833 656 2864 Non
677 2837 808 2864 tantum

116 2878 203 2909 enim
226 2881 234 2896 ⁶
248 2880 429 2919 primores’
453 2882 624 2923 dicuutur,
634 2882 690 2924 qui
706 2882 807 2924 primi

199 2933 311 2973 Delplt.
323 2937 354 2965 et
374 2933 447 2965 Var.
461 2934 544 2966 Clas.

773 2935 892 2969 Justz'n.

1501 333 1585 375 689

890 438 966 464 sunt
995 439 1148 475 tempore
1174 439 1233 466 aut
1259 435 1356 474 loco;
1381 436 1440 466 sed
1469 439 1504 467 et
1528 437 1584 478 qui

889 485 985 524 primi
1015 489 1093 516 sunt
1119 485 1299 525 dignitate.
1344 487 1465 518 Horat.
1490 488 1498 502 ‘
1516 488 1584 528 pri-

888 544 998 565 mores
1016 535 1153 575 populi‚'
1176 540 1210 566 et
1231 536 1332 567 Silius
1356 539 1365 554 ‘
1379 537 1503 568 socium
1520 538 1586 578 pri-

887 584 1022 621 mores‚'
1044 585 1139 615 dicit.
1170 585 1271 616 Vorst.
1316 586 1432 616 Vorst.
1458 596 1500 617 ex
1527 596 1583 617 ve-

888 634 1085 665 tustioribus
1103 634 1186 674 legit
1201 635 1360 673 primores.
1384 635 1496 666 Schef.
1541 636 1583 666 In

885 684 982 716 Junt.
997 684 1289 724 quoquepvimores
1302 684 1455 715 habetur.
1475 685 1581 715 Graev.

931 735 947 775 ξ
967 738 1008 766 24
1035 734 1156 774 Quippe
1171 738 1205 765 ut
1219 735 1253 765 in
1268 735 1333 765 viro
1349 734 1526 765 muliebrem
1541 736 1583 765 ti-

886 786 1015 825 morem]
1039 785 1115 816 Hoc
1134 785 1267 815 Xerxes
1283 793 1349 814 non
1365 784 1425 815 sibi
1439 784 1499 815 sed
1513 785 1580 816 suis

886 840 1018 874 aptans,
1039 835 1048 852 ‘
1063 835 1135 865 Viri
1151 834 1309 875 quidem,'
1332 834 1452 875 inquit,
1474 835 1483 851 ‘
1496 835 1581 866 exti-

885 888 1000 915 terunt
1023 884 1103 914 mihi
1129 883 1282 915 feminae:
1308 883 1441 915 feminae
1468 890 1580 916 autem

883 933 970 966 viri.'
1015 934 1147 966 Herod.
1163 943 1245 965 vlu.
1259 937 1308 966 88.
1326 938 1361 965 et
1374 944 1416 965 ex
1433 944 1472 965 eo
1485 936 1578 966 Suid.

882 984 914 1014 in
933 993 1014 1015 voce
1029 983 1216 1025 Ἀρτεμισία,
1231 984 1287 1025 qui
1303 989 1414 1016 tamen
1430 984 1579 1016 Artemi-

883 1035 966 1065 siam
995 1040 1116 1066 contra
1144 1036 1266 1067 Persas
1296 1035 1458 1067 militasse
1491 1035 1577 1068 falso

881 1084 1007 1116 scribit.
1033 1086 1130 1116 Rern.

923 1136 940 1176 ᾧ
957 1139 997 1166 25
1021 1135 1149 1167 Animos
1163 1136 1347 1176 ceterorum]
1377 1137 1460 1167 Mss.
1477 1136 1577 1177 pleri-

881 1195 946 1226 que
962 1185 1087 1216 habent
1112 1189 1237 1218 ceteros.
1283 1187 1374 1218 Puto
1399 1187 1447 1218 sic
1472 1187 1576 1227 scrip-

880 1236 962 1266 sisse
977 1236 1067 1268 Just.
1083 1240 1118 1268 et
1132 1237 1237 1268 verba
1249 1247 1301 1268 an.
1311 1240 1368 1269 cet.
1381 1237 1576 1278 glossatoris

878 1296 963 1325 esse,
979 1297 1042 1317 non
1060 1287 1176 1327 ipsius.
1201 1287 1305 1326 Sclzef.

920 1337 994 1376 §26
1020 1336 1102 1367 Circ.
1119 1336 1167 1376 f.]
1205 1337 1294 1368 Saxo
1309 1346 1361 1368 ix.
1377 1346 1410 1377 p.
1429 1339 1501 1367 170.
1520 1339 1572 1368 32.

877 1386 886 1403 ‘
903 1386 987 1418 Quae
1005 1395 1057 1416 res
1081 1386 1351 1426 inspectantibus
1375 1386 1474 1417 sociis
1499 1396 1572 1426 gra-

876 1436 1042 1466 vissimam
1060 1435 1373 1476 circumspiciendae
1394 1435 1484 1476 fugae
1509 1437 1573 1467 sol-

876 1485 1086 1516 licitudinem
1103 1485 1242 1516 attulit.’

919 1537 993 1576 §27
1017 1536 1131 1566 Multae
1142 1544 1248 1565 mersoe
1259 1535 1364 1575 naves]
1388 1536 1570 1574 Ducentae,

875 1585 984 1626 inquit
1002 1585 1104 1616 Diod.
1125 1593 1175 1615 xl.
1194 1588 1242 1616 19.
1266 1586 1421 1624 Bongars.
1466 1585 1569 1624 Angl.

873 1634 1045 1674 submersae,
1059 1645 1100 1665 ex
1118 1636 1240 1675 glossa.
1270 1636 1396 1666 Lucan.
1412 1644 1467 1665 111.
1491 1635 1500 1651 ‘
1513 1634 1568 1665 ΙΕ-

874 1693 978 1725 quora
994 1684 1173 1715 discedunt
1191 1694 1300 1715 mersa
1317 1684 1459 1715 diducta
1483 1684 1568 1715 cari-

872 1733 937 1765 na.’
992 1734 1099 1765 Item:
1134 1735 1143 1751 ‘
1166 1735 1253 1765 Pars
1279 1734 1426 1765 maxima
1450 1735 1566 1765 classis

871 1783 1061 1823 Mergitur!
1105 1783 1195 1814 Plin.
1221 1792 1272 1814 ix.
1296 1786 1349 1814 44.
1371 1784 1414 1814 de
1441 1784 1567 1815 ariete:

871 1833 880 1850 ‘
896 1833 1041 1873 Cymbas
1058 1833 1210 1864 occultus
1239 1833 1402 1864 adnatans
1418 1832 1567 1873 mergit!

869 1882 961 1913 Add.
991 1883 1094 1914 libros
1121 1887 1253 1913 nostros
1276 1882 1318 1913 de
1343 1882 1473 1912 Militia
1496 1883 1566 1913 Na—

870 1933 947 1970 vali,
994 1933 1053 1964 ubi
1096 1933 1248 1974 pluribus
1284 1933 1347 1964 hoc
1383 1931 1564 1964 firmamus.

867 1982 971 2022 Schef.

911 2034 997 2064 CAP.
1016 2042 1098 2064 xm.
1144 2035 1161 2074 ᾧ
1179 2037 1198 2065 2
1223 2034 1274 2065 Ne
1298 2033 1373 2074 quid
1388 2033 1564 2073 seditionis]

865 2084 948 2114 Tac.
967 2084 1011 2115 H.
1027 2094 1067 2115 11.
1084 2087 1137 2115 97.
1160 2085 1169 2101 ‘
1181 2084 1361 2124 Prosperis
1375 2083 1498 2114 nostris
1512 2092 1565 2114 re-

865 2133 937 2173 bus,
953 2134 1117 2164 certaturi
1144 2133 1186 2164 ad
1213 2133 1422 2174 obsequium,
1445 2133 1564 2164 adver-

865 2193 934 2213 sam
951 2182 1121 2215 fortunam
1150 2193 1192 2214 ex
1219 2194 1316 2225 aequo
1342 2182 1562 2215 detrectant.'

863 2234 963 2265 Bern.

908 2284 1007 2314 Fama
1022 2283 1143 2314 adversi
1167 2283 1249 2323 belli,
1275 2282 1309 2313 in
1333 2281 1444 2322 moyam,
1467 2282 1561 2312 sicuti

861 2342 925 2363 mos
940 2332 1000 2371 est]
1034 2333 1073 2363 In
1101 2333 1253 2363 omnibus
1279 2337 1444 2373 quotquot
1468 2332 1560 2362 vide—

863 2383 926 2413 rim
943 2382 1019 2414 edd.
1046 2387 1142 2413 extat
1164 2386 1194 2413 et
1216 2383 1249 2413 in
1270 2383 1377 2421 majus.
1423 2382 1561 2412 Monitu

861 2433 983 2463 Sebisii
1009 2432 1158 2472 expunxi
1184 2435 1227 2470 et,
1260 2432 1349 2473 quod
1378 2431 1558 2462 manifeste

859 2481 1015 2522 παρέλκει,
1029 2482 1179 2522 nullique
1194 2482 1240 2512 rei
1256 2487 1320 2512 est.
1356 2482 1410 2512 De
1424 2491 1460 2511 re
1473 2482 1557 2511 Tac.

860 2533 903 2563 A.
923 2542 980 2563 111.
995 2535 1048 2563 44.
1065 2535 1095 2563 l.
1118 2534 1126 2549 ‘
1142 2532 1284 2571 Cuncta,
1301 2536 1337 2561 ut
1351 2540 1419 2561 mos
1443 2529 1556 2568 samm,

859 2584 891 2614 iu
908 2583 1013 2623 majus
1030 2581 1186 2613 credita.’
1224 2583 1270 2612 Et
1283 2582 1378 2612 Curt.
1392 2589 1440 2610 ix.
1453 2583 1484 2610 2.
1501 2583 1554 2611 21.

855 2635 864 2652 ‘
880 2634 1060 2673 Nunquam
1085 2631 1127 2662 ad
1150 2631 1311 2672 liquidum
1328 2629 1418 2661 fama
1434 2631 1557 2670 perdu-

860 2683 969 2714 citur:
995 2682 1117 2721 omnia,
1141 2682 1198 2712 illa
1229 2681 1400 2717 tradente,
1426 2679 1556 2719 majora

860 2737 937 2764 sunt
961 2732 1066 2764 vero!
1120 2731 1351 2762 Freinshemio
1376 2731 1558 2760 restituen-

859 2783 936 2813 dum
950 2783 1084 2813 videtur
1101 2782 1181 2812 illud
1205 2784 1247 2819 et,
1275 2784 1310 2811 et
1327 2779 1380 2810 hic
1393 2788 1464 2809 esse
1481 2787 1554 2808 sen-

859 2842 933 2863 sus:
959 2834 1064 2863 Fama
1088 2841 1154 2862 uon
1178 2831 1278 2861 modo
1305 2829 1445 2860 adversa
1474 2827 1553 2858 belli

858 2883 1022 2923 narrabit,
1055 2881 1112 2913 sed
1143 2885 1178 2912 et
1208 2880 1240 2911 in
1267 2879 1377 2919 majus
1405 2876 1552 2914 augebit.

1394 2935 1414 2964 2
1435 2931 1468 2962 Χ
