2101 3419
715 352 764 383 ΙΝ
799 352 1072 383 JUS'l'lNUM.

198 448 295 491 Mago
311 447 606 490 Carthaginiensium
622 449 684 480 dux
707 447 858 480 Romanis

156 493 269 524 auxilio
285 493 392 523 missus
408 491 492 528 xviii,
508 495 540 527 2,
557 494 573 522 1

198 535 350 575 Majestas
372 535 454 576 regia
476 534 497 569 i,
512 537 543 570 7,
558 537 588 565 7.
618 533 639 569 1,
656 536 687 570 9,
705 537 742 566 11
774 533 858 564 Afri-

155 577 226 608 cani
247 578 327 614 xxxi,
342 580 375 613 7,
390 581 409 608 7
439 576 581 617 majestas
596 575 733 606 Deorum
758 576 856 606 vindi-

155 624 226 650 cata
248 630 303 660 per
324 620 408 649 illum
431 619 494 656 viii,
510 622 542 655 2,
557 622 577 650 7
607 619 672 648 sine
695 618 857 659 majestate

155 662 289 692 numinis
299 661 454 702 Apollinis
463 661 540 690 nihil
551 671 686 702 unquam
699 666 859 702 gesserunt

156 704 364 734 Athenienses
379 704 441 740 viii,
457 706 489 739 2,
506 706 545 734 ll

199 746 338 786 Majores
372 746 414 782 xi,
450 748 482 782 4,
511 748 533 777 6
576 745 706 786 majores
738 743 858 785 paterni

156 789 279 823 xxxviii,
295 792 327 824 7,
345 790 362 819 l

198 830 344 861 Malchus
360 828 621 869 Carthaginiensis
635 827 705 859 exul
726 827 810 865 xviii,
825 831 859 865 7,

154 875 175 904 2
204 872 333 913 patriam
348 872 468 903 obsidet
483 872 546 908 viii,
561 875 594 909 7,
609 875 630 903 6
659 871 755 901 filium
770 881 858 901 suum

155 915 238 946 cruci
261 914 357 955 affigit
378 914 462 950 xviii,
485 917 517 954 7,
534 918 572 946 15
603 913 753 945 occiditur
772 914 857 951 xviii,

157 960 190 995 7,
208 960 249 988 18

199 1000 288 1030 Male
302 1009 392 1040 agere
406 1009 467 1030 rem
484 998 557 1040 (pro
573 997 753 1038 infeliciter)
769 998 811 1035 iv,
825 1002 858 1035 5,

156 1045 177 1074 4
199 1042 300 1083 (Vide
315 1047 347 1072 et
360 1041 432 1072 Ind.
449 1042 532 1082 Nep.
547 1042 578 1071 in
595 1041 699 1081 Male)
714 1041 817 1072 Vorst.

198 1085 340 1125 Maligne
353 1085 485 1125 praebere
496 1089 683 1114 commeatus
694 1083 811 1124 (Nicht
821 1093 860 1115 zu

157 1127 217 1158 11εὸ
230 1129 354 1158 werden
366 1128 476 1164 cassen,
491 1127 587 1157 durch
598 1128 656 1157 den
667 1125 791 1166 rauffen
804 1136 860 1165 ge-

157 1169 230 1211 ben)
246 1181 276 1207 v,
291 1172 323 1206 2,
338 1172 389 1201 14.
413 1169 479 1210 (Ita
496 1169 613 1200 Plinius
630 1168 681 1204 vii,
697 1173 739 1200 50
763 1169 773 1186 ⁴
787 1169 860 1198 Ma-

158 1212 275 1253 lignum
299 1217 331 1242 et
352 1212 444 1242 breve
467 1216 514 1242 est
537 1213 594 1242 hoc
617 1221 727 1241 munus
743 1216 859 1241 naturae

157 1253 269 1296 (vitam
281 1254 442 1295 intelligit)
459 1255 550 1285 etiam
565 1254 598 1284 in
613 1254 660 1290 iis,
676 1254 787 1294 quibus
802 1253 861 1283 lar—

157 1297 279 1337 gissime
293 1297 468 1337 contingit.'
496 1296 546 1327 Ita
560 1296 678 1326 Seneca
693 1295 803 1326 Benef.
819 1295 860 1334 vi,

157 1342 200 1372 34
223 1344 231 1358 ‘
245 1340 385 1381 Maligne
400 1344 514 1380 apertae
530 1339 647 1379 fores.')
670 1338 807 1369 Freinsh.

200 1383 299 1413 Malle
313 1394 320 1413 :
354 1382 409 1423 qui
437 1393 469 1413 se
498 1381 652 1412 foeminam
683 1381 768 1411 malit
796 1391 862 1411 esse

158 1435 249 1466 quam
267 1425 363 1455 virum
377 1425 398 1462 i,
415 1428 447 1462 3,
462 1428 480 1456 3
505 1425 574 1466 (Ita
587 1424 713 1464 Nepos:
739 1428 747 1441 ‘
765 1423 863 1464 Cupit

158 1478 191 1498 se
207 1472 308 1498 tecum
332 1468 480 1498 affinitate
500 1466 672 1507 conjungi,'
698 1476 752 1506 pro
775 1466 863 1506 cupit

158 1515 262 1541 tecum
277 1510 330 1540 aff.
353 1510 510 1551 conjungi.
535 1510 576 1541 V.
592 1509 663 1539 Iud.
678 1509 710 1538 111
725 1508 810 1550 Nep.
833 1519 862 1539 V.

160 1553 294 1592 Cupere,
309 1557 342 1583 et
355 1551 532 1592 Postulare)
555 1552 658 1582 Vorst.

203 1596 325 1625 Malum
340 1595 412 1636 (pro
426 1593 610 1635 infortunio)
625 1594 697 1630 xvii,
712 1596 741 1630 l,
755 1597 773 1624 5
799 1604 862 1623 ma-

161 1637 224 1667 lum
239 1638 418 1668 intestinum
435 1649 464 1674 v,
481 1641 512 1673 3,
528 1640 549 1668 9
573 1637 684 1666 1113111111
700 1636 861 1666 discordiae

160 1679 236 1721 (hoc
265 1684 322 1716 est,
352 1691 477 1720 pomum
507 1679 624 1718 Eridis)
654 1678 707 1715 xii,
739 1681 789 1714 15,
821 1681 859 1710 ll

160 1722 297 1753 Freinsh.
334 1723 412 1752 tanti
438 1722 510 1753 mali
538 1732 643 1752 sensus
672 1722 711 1751 ad
740 1731 862 1751 omnem

161 1769 282 1795 aetatem
299 1765 472 1805 penetravit
486 1776 515 1800 v,
531 1767 562 1800 7,
579 1768 597 1795 5
625 1774 717 1794 causa
733 1768 764 1793 et
777 1764 862 1804 origo

161 1807 234 1837 mali
250 1808 313 1844 viii,
333 1810 362 1843 l,
378 1811 398 1839 4
421 1807 493 1837 mali
508 1808 591 1837 labes
608 1805 680 1842 xvii,
699 1809 728 1842 l,
744 1810 762 1837 5
794 1806 863 1835 finis

161 1849 233 1879 mali
248 1861 297 1885 xx,
312 1852 343 1885 2,
356 1853 377 1881 6
406 1850 532 1879 alterum
549 1849 672 1879 alterius
688 1849 768 1878 111310
785 1859 864 1878 cres-

161 1892 205 1922 cit
226 1892 309 1928 xxiii,
332 1895 364 1929 2,
381 1895 401 1923 6
431 1892 510 1922 111313
531 1892 573 1927 iv,
596 1896 627 1926 5,
641 1895 672 1922 2.
702 1891 762 1927 xvi,
785 1894 816 1926 4,
834 1893 865 1921 l.

162 1935 246 1970 xviii,
261 1939 293 1971 6,
310 1938 348 1966 11
378 1935 475 1965 fessus
498 1934 584 1964 malis
608 1933 652 1969 iii,
667 1936 700 1969 7,
716 1936 755 1964 13
785 1933 866 1963 mala

161 1978 349 2017 captivitatis
371 1977 416 2014 iii,
431 1982 462 2013 5,
479 1980 510 2009 2.
532 1976 633 2012 xxxix,
650 1979 681 2013 3,
697 1980 716 2007 5
746 1976 864 2006 dissen-

161 2020 256 2050 sionis
270 2020 330 2056 xvi,
348 2023 380 2056 3,
395 2023 415 2051 8

205 2063 345 2092 Mamma
367 2062 474 2103 (etiam
491 2062 622 2092 virorum
645 2059 728 2100 est):
753 2060 865 2101 sagitta

162 2106 219 2135 sub
245 2115 376 2135 mamma
399 2104 544 2145 trajectus
567 2105 619 2140 xii,
643 2107 675 2139 9,
692 2107 732 2135 12
763 2104 865 2134 Vorst.

163 2147 348 2178 dexteriores
362 2147 514 2177 infantum
537 2157 683 2177 maxumas
702 2147 866 2176 inurebant

161 2191 335 2221 Amazones
349 2191 383 2226 ii,
399 2192 431 2227 4,
448 2193 485 2221 11

206 2233 319 2263 Manat
333 2234 417 2273 origo
444 2230 575 2271 alicujus
591 2232 629 2261 ab
654 2231 758 2272 aliquo
782 2232 865 2268 xxiii,

162 2278 195 2311 4,
219 2278 239 2307 4
277 2275 379 2305 omnia
408 2275 556 2316 sanguine
586 2279 712 2304 manant
740 2274 864 2311 xxxviii,

164 2321 196 2354 8,
213 2321 231 2348 5

207 2360 359 2390 Mandare
375 2358 451 2400 (hoc
473 2364 530 2395 est,
545 2358 652 2399 jubere
668 2359 741 2395 dici,
762 2363 866 2390 zuent-

165 2401 285 2441 bz‘eten)
309 2401 389 2438 xxiv,
405 2404 436 2437 2,
452 2404 473 2432 4
502 2401 619 2431 insidiis
642 2402 718 2439 (hoc
740 2407 796 2438 est,
822 2402 867 2431 uti

164 2445 273 2485 iusid.)
289 2456 319 2480 V,
332 2447 364 2479 2,
378 2448 396 2474 5
414 2444 550 2474 Freinsh.
574 2444 718 2474 mandare
733 2445 867 2484 aliquem

164 2487 410 2518 interficiendum
438 2497 468 2522 v,
494 2489 526 2521 2,
550 2490 568 2517 5
602 2487 746 2516 mandare
772 2488 869 2526 adop-

164 2530 280 2561 tionem
305 2532 388 2570 (pro,
407 2530 548 2559 mandare
565 2534 599 2559 ut
614 2529 723 2569 aliquis
739 2530 868 2569 adopte-

166 2573 228 2611 tur)
244 2575 284 2610 ix,
297 2576 329 2610 2,
343 2576 361 2603 3
379 2573 482 2603 Vorst.
505 2573 649 2603 mandare
662 2571 753 2601 alicui
765 2581 868 2601 curam

164 2616 295 2657 alicujus
318 2616 380 2652 xiii,
398 2619 429 2651 6,
449 2619 487 2646 10
518 2615 665 2645 ultionem
687 2614 735 2644 sui
750 2614 869 2644 violatis

165 2660 341 2689 numinibus
357 2659 456 2694 xxxix'‚
472 2661 503 2694 3,
522 2661 559 2689 11

207 2703 361 2733 Mandata
376 2701 468 2731 alicui
484 2702 556 2730 dare
579 2699 617 2729 ad
644 2704 785 2740 parentes
800 2698 869 2740 ejus

166 2745 218 2781 xii,
236 2749 287 2781 15,
304 2748 323 2776 3
347 2745 493 2774 mandata
508 2742 630 2774 occulta
645 2743 717 2772 data
733 2747 803 2772 sunt
826 2742 870 2772 le-

167 2788 246 2828 gatis
260 2787 360 2823 xxxiv,
377 2789 407 2823 1,
420 2791 438 2818 5
464 2785 615 2816 mandatis
631 2786 759 2815 occultis
774 2784 871 2815 socie-

167 2835 261 2860 tatem
277 2830 352 2860 inire
375 2841 445 2860 cum
467 2829 570 2869 aliquo
594 2828 672 2863 xxxi,
690 2831 719 2863 1,
735 2831 754 2859 7
785 2837 871 2857 man-

167 2873 247 2903 datis
262 2873 361 2903 tacitis
378 2872 467 2902 alicui
484 2871 649 2912 praecipere
664 2871 744 2908 xxxi,
759 2874 791 2908 2,
810 2872 827 2901 1

210 2915 308 2945 Mane
322 2927 328 2945 :
352 2914 449 2956 primo
466 2925 554 2944 mane
569 2914 590 2950 i,
608 2916 660 2949 10,
674 2916 695 2944 4

208 2958 357 2990 Manere:
378 2957 486 2989 fortius
501 2956 659 2994 mansisse,
674 2966 765 2999 quam
780 2955 871 2988 dimi-

1471 346 1603 388 lxxix

905 459 990 480 casse
1005 449 1038 486 ii,
1054 452 1104 486 11,
1122 452 1156 481 11
1188 449 1226 480 ab
1241 449 1341 481 alieno
1356 451 1483 493 imperio
1499 453 1607 485 intacti

905 497 960 522 aut
980 492 1087 523 invicti
1109 502 1246 523 mansere
1268 493 1300 529 ii,
1318 496 1349 530 3,
1366 497 1382 526 1
1413 498 1607 527 consuetudo

905 535 972 564 haec
998 535 1030 564 in
1056 535 1283 565 successoribus
1309 537 1420 567 mansit
1448 537 1502 574 xii,
1528 541 1560 575 4,
1586 543 1606 570 7

905 577 1029 618 originis
1045 576 1111 617 ejus
1126 583 1336 617 argumentum
1351 579 1444 610 etiarn
1457 580 1487 609 in
1504 586 1608 621 poste-

905 619 944 649 ris
968 619 1080 649 mansit
1104 630 1155 656 xv,
1177 622 1210 656 4,
1234 623 1254 650 9
1283 619 1526 653 Atheniensibus
1550 624 1608 654 etsi

904 661 1009 691 fractae
1024 661 1085 691 sint
1100 672 1186 701 opes,
1211 672 1334 693 manere
1349 669 1452 694 tamen
1467 666 1608 696 navalem

907 713 994 733 usum
1011 703 1052 739 vi,
1071 707 1102 739 l,
1117 707 1137 735 8

949 745 1063 775 Manes
1085 745 1313 776 interfectorum
1330 747 1451 787 placare
1475 759 1524 785 xx,
1540 753 1572 786 2,
1587 753 1608 782 6

906 787 1050 818 Manium
1063 798 1171 828 pacem
1183 798 1335 828 occupare
1350 800 1399 826 xx,
1410 793 1442 826 2,
1453 794 1472 822 7
1495 792 1610 822 Manes

905 830 1134 861 interemtorum
1170 831 1370 861 obversantur
1397 838 1469 863 ante
1502 835 1609 865 oculos

905 872 987 909 xxvi,
1005 875 1037 908 2,
1054 877 1072 904 5
1096 873 1246 903 Manibus
1260 873 1487 905 interfectorum
1504 886 1610 916 poenas

906 915 1042 956 pendere
1066 915 1166 951 xxxvi,
1190 918 1222 951 4,
1248 918 1268 946 2
1305 916 1453 947 Manibus
1480 918 1612 959 alicujus

906 963 1067 999 parentare
1082 958 1181 994 111111111,
1197 961 1229 994 3,
1245 961 1285 989 12

949 1000 1119 1031 Manifesta
1140 1001 1254 1031 damna
1274 1000 1307 1036 ii,
1329 1003 1361 1037 3,
1378 1003 1416 1033 11
1448 1002 1611 1034 manifesto

907 1044 1041 1084 quodam
1056 1043 1182 1074 numine
1197 1042 1269 1079 xliv,
1284 1045 1316 1079 4,
1332 1046 1351 1074 7

950 1085 1174 1116 Manifestare:
1205 1090 1355 1126 quantum
1384 1086 1417 1116 in
1443 1085 1610 1127 juventute

908 1128 1103 1169 profligatum
1115 1128 1164 1163 sit,
1177 1128 1251 1158 victi
1263 1133 1460 1159 contumaces
1472 1130 1612 1161 foemina-

907 1181 974 1200 rum
995 1171 1088 1200 animi
1111 1171 1309 1201 manifestant
1330 1182 1379 1207 xx,
1396 1174 1427 1207 4,
1445 1175 1484 1203 13
1514 1174 1613 1204 1113111-

908 1214 1024 1243 festant
1046 1223 1171 1243 munera
1191 1218 1307 1254 gratam
1331 1214 1521 1245 voluntatem
1543 1217 1613 1246 red·

909 1256 1048 1286 dentium
1072 1260 1144 1286 vota
1166 1256 1247 1291 xxiv,
1271 1259 1303 1292 6,
1328 1259 1368 1287 10
1397 1257 1456 1288 hoc
1478 1258 1614 1298 ipsorum

909 1298 1060 1328 vocabulo
1076 1297 1287 1329 manifestatur
1301 1298 1353 1334 xli,
1371 1301 1401 1334 1,
1417 1302 1437 1330 2

952 1340 1135 1380 Manipulus
1150 1341 1283 1371 hostiurn
1298 1341 1402 1376 xxxiii,
1417 1344 1448 1377 2,
1465 1345 1485 1373 2

953 1382 1093 1413 Manlius
1109 1383 1207 1414 Vulso
1224 1383 1330 1414 consul
1354 1383 1407 1420 xli,
1422 1387 1454 1421 4,
1470 1387 1489 1415 3
1513 1384 1616 1426 (Vide

910 1425 1003 1457 etiarn
1020 1425 1135 1465 Bulso)

952 1468 1093 1498 .Manlius
1108 1468 1261 1498 Maltinus
1285 1478 1302 1498 a
1318 1467 1502 1499 Mithridate
1518 1469 1618 1500 vinci-

910 1515 960 1540 tur
984 1511 1106 1546 xxxviii,
1130 1513 1162 1547 3,
1188 1513 1208 1541 8
1236 1511 1330 1552 idque
1356 1511 1388 1540 in
1415 1511 1614 1552 Cappadocia

913 1552 1038 1588 xxxviii,
1055 1556 1088 1589 4,
1102 1556 1123 1585 4

954 1595 1136 1626 Mansiones
1173 1595 1245 1636 (pro
1274 1594 1445 1632 itineribus,
1482 1596 1542 1627 hoc
1571 1602 1618 1627 est

912 1638 1095 1669 contrarium
1111 1648 1166 1678 pro
1190 1638 1353 1673 contrario,
1376 1648 1445 1678 quae
1461 1640 1617 1679 quomodo

910 1679 993 1711 idem
1009 1681 1196 1721 quandoque
1211 1679 1395 1720 significent,
1411 1680 1487 1711 dicit
1501 1681 1618 1722 aliquid

912 1723 953 1754 A.
977 1723 1098 1754 Gellius
1125 1723 1177 1753 lib.
1200 1723 1252 1758 vii,
1275 1733 1334 1762 cap
1355 1722 1415 1764 21)
1450 1723 1514 1760 xiii,
1538 1727 1570 1760 8,
1597 1729 1616 1756 5

913 1766 1089 1796 mansiones
1118 1766 1266 1806 (possunt
1293 1765 1385 1795 etiam
1415 1766 1477 1796 dici
1507 1771 1618 1803 castra,

913 1809 997 1848 quod
1013 1809 1042 1838 in
1058 1808 1094 1837 iis
1109 1812 1257 1839 manetur.
1301 1807 1385 1838 Vide
1401 1808 1521 1838 Livium
1545 1810 1618 1845 xliv,

914 1854 967 1887 38,
979 1853 1009 1881 8.
1032 1851 1112 1880 idem
1126 1861 1198 1889 ergo
1209 1855 1256 1880 est
1268 1854 1275 1867 ¹
1286 1850 1472 1880 continuatis
1486 1852 1618 1881 mansio-

914 1892 1026 1929 nibus,’
1040 1894 1123 1934 quod
1137 1897 1146 1910 ‘
1159 1897 1241 1922 cont.
1254 1892 1383 1924 castris.’
1406 1893 1489 1923 Vide
1501 1893 1619 1924 Notam

914 1937 1064 1966 Bernecc.
1081 1935 1119 1964 ad
1136 1936 1166 1964 h.
1182 1935 1220 1975 l.)
1244 1934 1381 1964 Freinsh.

957 1978 1175 2008 Mansuefacta
1190 1977 1327 2007 barbaria
1342 1977 1417 2013 xliii,
1433 1980 1465 2012 4,
1483 1981 1499 2009 1

957 2020 1169 2050 Mansuetudo
1182 2030 1231 2056 xv,
1244 2023 1275 2055 4,
1292 2023 1331 2050 19
1355 2020 1620 2051 mansuetudinem

914 2062 1091 2093 mulieribus
1107 2062 1264 2102 assignant
1280 2062 1384 2092 Parthi
1401 2063 1452 2098 xli,
1468 2066 1500 2098 3,
1514 2066 1533 2094 7

957 2105 1118 2135 Manubiae
1155 2105 1228 2145 (pro
1259 2105 1401 2134 omnibus
1435 2115 1504 2146 quae
1538 2105 1621 2136 bello

915 2153 1007 2188 capta
1022 2149 1108 2187 sunt)
1125 2157 1154 2183 ν,
1172 2150 1224 2183 10,
1244 2150 1281 2178 12
1305 2147 1442 2178 Freinsh.

958 2191 1180 2220 Manumittere
1195 2200 1297 2220 servos
1314 2190 1357 2226 iii,
1374 2194 1405 2225 5,
1422 2193 1452 2221 6.
1475 2189 1538 2225 xvi,
1553 2193 1585 2226 5,
1602 2193 1619 2220 1

916 2232 1153 2263 manumittendi
1189 2237 1325 2272 potestas
1361 2233 1438 2262 nulli
1474 2233 1622 2272 permissa

915 2276 999 2316 apud
1017 2276 1146 2305 Parthos
1161 2274 1214 2311 xli,
1230 2278 1262 2311 2,
1278 2278 1296 2305 5

959 2318 1075 2348 Manus
1098 2317 1249 2347 abstinere
1271 2327 1288 2346 a
1304 2316 1448 2357 proximis
1472 2316 1538 2353 viii,
1554 2319 1586 2353 6,
1602 2319 1623 2348 4

915 2360 947 2390 in
964 2360 1104 2390 manibus
1127 2358 1257 2399 alicujus
1282 2359 1443 2399 pueritiam
1459 2369 1548 2399 agere
1570 2359 1623 2395 xii,

916 2406 949 2437 ὃ,
975 2406 1012 2433 11
1044 2401 1179 2442 (Nostri,
1205 2401 1280 2442 auff
1297 2402 1455 2432 iemandes
1479 2401 1627 2440 Armen.)

917 2445 987 2474 Sic:
1012 2445 1044 2474 in
1060 2454 1184 2474 manum
1211 2444 1351 2483 accipere
1373 2445 1394 2479 i,
1409 2447 1441 2479 4,
1459 2446 1499 2474 12
1530 2454 1623 2473 11131111

917 2492 1055 2527 promtus
1070 2486 1153 2522 xxiii,
1169 2489 1200 2522 4,
1219 2489 1258 2517 11
1286 2496 1377 2515 manu
1394 2486 1480 2515 fortis
1506 2496 1575 2521 xxv,
1591 2488 1623 2521 4,

918 2533 937 2560 8
954 2529 1058 2560 Vorst.
1082 2539 1189 2558 manus
1205 2529 1277 2569 (pro
1294 2529 1403 2568 copiis,
1420 2528 1573 2567 exercitu)
1589 2528 1623 2565 ii,

920 2575 972 2608 12,
990 2575 1043 2602 10.
1071 2571 1105 2607 ii,
1122 2574 1174 2607 13,
1192 2574 1221 2602 3.
1251 2571 1303 2605 xii,
1329 2574 1380 2606 10,
1398 2573 1428 2600 l.
1457 2571 1521 2605 xiii,
1545 2574 1576 2605 5,
1592 2574 1624 2602 7.

919 2615 1022 2649 xxviii,
1039 2616 1072 2649 2,
1087 2617 1120 2644 5.
1143 2624 1212 2649 xxx,
1229 2616 1260 2649 3,
1276 2616 1295 2644 2
1325 2615 1398 2653 (pro
1413 2613 1623 2649 multitudine.

919 2657 1024 2695 turba)
1039 2656 1100 2692 xvi,
1116 2659 1147 2692 3,
1163 2659 1181 2687 7
1206 2656 1343 2686 Freinsh-

962 2699 1130 2729 Marathon
1147 2698 1179 2734 ii,
1196 2702 1248 2735 15,
1264 2701 1305 2729 18

962 2741 1161 2772 Marathonia
1176 2751 1281 2781 pugna
1296 2740 1328 2776 ii,
1346 2743 1398 2776 11,
1414 2742 1434 2771 2
1450 2745 1482 2770 et
1497 2742 1550 2777 12,
1567 2742 1608 2771 12

963 2783 1155 2814 Marathonii
1169 2783 1271 2823 campi
1286 2783 1318 2818 ii,
1334 2785 1366 2819 9,
1382 2786 1403 2814 9

963 2827 1121 2857 Marcere:
1138 2827 1201 2857 otio
1217 2831 1248 2856 et
1263 2825 1382 2855 desidia
1397 2824 1530 2865 corrupti
1546 2834 1624 2854 mar·

921 2870 1034 2900 cebant
1061 2880 1129 2905 xxx,
1160 2873 1191 2905 1,
1223 2871 1241 2899 3
1279 2878 1415 2898 marcens
1444 2867 1625 2909 quotidiana

921 2911 1040 2943 luxuria
1054 2912 1154 2948 xxxiv,
1170 2915 1202 2947 2,
1217 2914 1236 2942 7

963 2955 1090 2987 Marcus
1105 2954 1241 2996 Lepidus
1254 2965 1260 2985 :
1286 2953 1356 2984 vide
1371 2952 1408 2984 L.
