2174 3424
636 378 830 410 JUSTlNl
868 379 959 408 ΜΒ.
991 378 1034 407 v.
1067 379 1172 408 GAP.
1204 368 1242 408 8.
1576 366 1660 408 723

224 477 343 515 postea
366 472 446 513 ipsis
474 471 600 505 Justini
630 471 741 503 verbis
767 470 830 503 fuit
857 471 913 502 im-

221 525 333 556 mista.
377 523 458 554 Mox
471 522 634 563 Pyraeeum
646 521 742 553 Junt.
759 527 794 553 et
808 522 862 552 hic
879 525 914 552 et

220 574 347 614 ubique
364 577 455 604 recte
471 572 637 604 scribunt.
657 572 765 603 Graev.
801 572 915 604 Quan-

221 632 319 664 quam
336 623 398 653 hoc
414 622 457 653 sit
473 622 555 653 satis
580 621 749 660 Latinum,
760 621 915 652 obsidione

219 672 410 703 circumdata
425 672 568 711 obsessos,
582 681 657 702 nam
675 671 815 702 dicimus
830 672 840 689 ‘
852 671 916 702 cir-

221 720 381 752 cumdare
409 721 526 752 urbem
551 720 743 752 obsidione'
771 725 807 752 et
829 720 838 736 ‘
855 720 916 751 cir-

222 771 383 802 cumdare
396 770 471 801 urbi
482 770 690 802 obsidionem
701 769 722 808 ;‘
736 774 847 801 tamen
860 779 917 801 va-

221 820 323 851 lidius
339 821 463 861 placet,
484 821 572 862 quod
598 821 631 851 in
657 825 729 860 opt.
746 820 802 851 illa
819 821 917 853 Junt.

222 869 275 901 ed.
291 880 356 911 qua
370 880 448 901 usus
464 874 516 902 est
526 870 646 901 doctus
662 871 787 901 amicus
803 874 918 901 noster

222 920 257 952 J.
269 920 384 952 Graev.
400 920 512 952 Faber.
535 921 642 952 Bech.
658 924 759 962 atque
773 920 847 951 aliae
861 929 918 951 an-

222 971 388 1012 tiquiores
404 971 482 1002 edd.
497 971 563 1003 sic:
592 971 688 1002 obsid.
715 971 919 1002 circumdatos

223 1024 253 1052 et
269 1021 437 1059 obsessosf.
453 1032 483 1053 u.
498 1021 595 1053 Junt.
611 1026 738 1060 autem,
753 1026 790 1053 ut
803 1021 918 1052 Graev.

223 1075 380 1110 testatur,
403 1075 433 1102 et
452 1071 585 1103 obsessos
609 1076 648 1103 ut
671 1081 917 1112 supervacuum

223 1122 323 1161 plane
339 1122 479 1153 omittit.
517 1123 553 1154 Si
569 1123 748 1163 genuinum
766 1124 809 1154 sit
823 1123 918 1155 obsid.

223 1172 422 1212 circumdata,
446 1172 513 1204 erit
539 1172 573 1203 id
603 1173 712 1204 simile
743 1173 805 1212 illi,
828 1173 917 1214 quod

221 1230 315 1262 supr.
327 1221 482 1262 vidimus,
497 1222 506 1238 ‘
520 1222 762 1254 munitionibus
775 1224 919 1254 circum-

224 1270 335 1303 datis.’
356 1272 429 1303 Vor.

268 1321 285 1361 ξ
305 1323 325 1351 2
349 1321 472 1362 Copiis]
495 1321 604 1353 Abest
616 1332 635 1352 a
647 1322 816 1364 plerisque
832 1323 917 1353 Mss.

224 1370 314 1402 unde
327 1371 479 1412 suspicor
494 1381 536 1403 ex
552 1372 663 1412 glossa
677 1376 805 1402 natum.
850 1371 918 1403 Sed

223 1420 271 1451 sic
287 1430 376 1460 mox,
400 1430 461 1461 pro
486 1431 584 1460 novoe,
606 1431 683 1452 not-a
708 1420 812 1464 fuerit
840 1421 919 1452 scri-

224 1470 325 1502 beud.
342 1471 442 1511 plane
455 1471 542 1503 sicut
558 1472 590 1502 in
604 1471 757 1512 quibusd.
775 1471 919 1512 antiquis

227 1520 392 1560 scriptum
409 1521 592 1561 reperitur.
615 1520 730 1560 Schqffi

255 1571 272 1611 ξ
290 1573 308 1600 3
318 1570 436 1605 Quibus
446 1572 532 1601 malis
539 1570 757 1609 Athenienses]
769 1569 825 1601 Ita
833 1569 919 1600 Mss.

227 1624 263 1650 et
287 1619 417 1651 Auctor
432 1621 534 1651 etiam
553 1620 644 1660 alibi,
661 1624 698 1651 ut
714 1628 769 1650 111.
787 1622 819 1651 7.
834 1622 864 1651 1.
886 1623 922 1650 et

229 1679 263 1701 v.
288 1672 320 1700 4.
344 1672 375 1702 4.
409 1670 520 1710 Bong.
547 1674 583 1701 et
605 1670 683 1701 alii:
719 1670 760 1705 Q.
777 1679 820 1700 m.
835 1669 923 1700 rebus

227 1719 305 1751 Ath.
329 1721 532 1752 Berneccer.
566 1721 673 1760 Bong.
686 1730 727 1750 ex
743 1720 864 1760 suis,q.
881 1729 922 1751 m.

225 1780 254 1802 r.
268 1770 310 1802 A.
356 1769 569 1801 Alterutrum
585 1771 703 1801 horum
727 1769 922 1810 glossatoris

226 1824 291 1858 est,
313 1829 378 1850 non
402 1820 540 1852 Justini.
593 1820 827 1850 Berneccerus
854 1821 923 1848 stat

226 1879 286 1910 pro
312 1879 392 1900 voce
415 1870 515 1908 malis,
530 1869 687 1911 quoniam
709 1872 745 1899 et
768 1867 847 1898 alibi
874 1867 921 1898 sic

226 1920 365 1951 Noster.
421 1919 507 1950 Mihi
537 1920 651 1960 potior
684 1919 820 1950 videtur
857 1927 922 1948 vox

224 1968 326 2008 rebus,
343 1968 501 2009 quoniam
517 1968 590 2009 ipsa
604 1978 688 2008 opus
703 1967 850 1998 habebat
866 1976 923 1997 ex-

225 2018 408 2059 plicatione
432 2028 493 2059 per
523 2019 682 2060 glossam,
707 2028 774 2049 non
802 2019 921 2057 altera,

227 2078 302 2109 quae
319 2077 381 2109 per
395 2078 431 2099 se
454 2068 665 2109 intelligitur.
689 2069 738 2099 Id.

268 2119 285 2159 ᾧ
311 2121 332 2149 4
361 2119 438 2150 Cum
459 2119 563 2158 multi,
578 2118 645 2159 εμπ]
680 2119 757 2150 Huc
788 2121 923 2158 spectat

226 2167 451 2208 fragmentum
490 2169 638 2210 Lycurgi
674 2178 730 2209 ap.
766 2168 860 2200 Suid.
888 2177 923 2200 v.

228 2217 408 2255 Μηλόβοτος
422 2218 518 2259 χώρα.
554 2221 659 2250 Κεῖται
681 2218 714 2250 δὲ
727 2219 859 2257 τοῦνομα
873 2217 924 2248 καὶ

227 2269 271 2307 τῷ
282 2268 364 2310 (leg.
380 2278 422 2299 ex
438 2269 504 2299 Ms.
520 2269 615 2301 Leid.
631 2269 681 2299 καὶ
699 2268 780 2309 παρὰ
794 2267 852 2309 τῷ)
867 2272 923 2298 Λυ-

227 2317 344 2359 κούρνγῳ
357 2319 442 2358 ἐντῷ
461 2319 527 2349 κατ’
543 2317 743 2350 Αὐτοκλέους·
762 2317 862 2349 Ἀλλὰ
874 2317 924 2348 καὶ

227 2367 399 2407 μηλόβοτον
418 2368 475 2405 τὴν
494 2368 636 2406 Ἀττικὴν
651 2368 754 2405 ἀνῆκε·
779 2370 924 2404 βουλευο-

228 2417 318 2457 μένου
331 2417 364 2449 δὲ
385 2418 464 2450 ὅπως
484 2420 526 2460 τῇ
539 2417 628 2449 πόλει
654 2417 814 2458 χρήσεται,
836 2417 924 2454 Ἀθη·

229 2470 304 2500 ναῖοι
315 2468 370 2508 μὲν
383 2468 557 2508 μηλόβοτον
566 2469 679 2500 ἀνεῖναι
693 2466 923 2503 συνεβούλευον.

228 2520 338 2550 Φωκεῖς
353 2518 386 2549 δὲ
396 2519 538 2550 ἀντεῖπον
549 2521 655 2550 σῶσαι.
691 2519 759 2550 Pro
774 2519 924 2555 Ἀθηναῖοι

230 2569 397 2600 Knsterus
439 2570 579 2610 corrigit
613 2570 753 2608 Θηβαῖοι,
791 2573 826 2599 et
862 2576 923 2608 pro

230 2617 340 2650 ἀνεῖναι
354 2619 420 2650 Ms.
438 2619 536 2650 Leid.
553 2619 612 2650 dat
626 2619 732 2659 ἀεῖραι.

272 2670 385 2710 Multi]
407 2670 579 2712 Lysander
590 2675 626 2702 et
641 2670 737 2710 Agis.
771 2669 873 2700 Paus.
889 2668 923 2699 in

231 2721 354 2752 Lacon.
376 2721 535 2759 Bongars.
578 2719 759 2760 Praecipue
773 2728 850 2749 vero
862 2718 924 2748 Co-

231 2770 346 2801 rinthii
359 2780 397 2801 ac
409 2769 574 2808 Thebani,
589 2769 714 2810 aliique
729 2768 844 2800 Graeci
856 2776 923 2798 non

232 2820 340 2860 pauci.
363 2820 452 2851 Xen.
465 2829 505 2851 11.
531 2819 620 2851 Hist.
638 2819 701 2851 Gr.
723 2819 822 2849 Bern.

274 2871 327 2901 Ea:
340 2871 452 2901 duobus
465 2871 597 2901 Groecz'oe
609 2869 717 2909 oculis]
741 2869 794 2900 Ne
808 2878 854 2900 sc.
867 2868 923 2898 illa

232 2918 327 2951 fieret
356 2918 590 2960 ἑτερόφθαλμος,
621 2920 725 2959 lusca,
754 2923 792 2950 ut
828 2921 924 2950 notat

963 471 1055 502 Plut.
1082 471 1114 501 iu
1139 472 1249 502 Praec.
1282 471 1438 512 politicis.
1484 472 1534 502 Ea
1556 471 1597 502 de
1624 480 1661 501 re

963 520 1137 551 consultus
1154 521 1253 551 etiam
1272 521 1391 562 Apollo
1402 521 1593 561 'respondit,
1604 519 1662 556 τὴν

963 569 1063 606 κοινὴν
1092 569 1196 600 ἑστίαν
1225 572 1281 607 τῆς
1309 569 1458 601 Ἑλλάδος
1487 569 1528 607 μὴ
1560 570 1662 601 κινεῖν.

964 619 1084 651 AElian.
1102 629 1150 651 1v.
1172 620 1214 650 V.
1239 619 1282 650 H.
1303 622 1333 650 6.
1388 618 1491 649 Haud
1519 618 1662 649 absimili

964 667 1071 707 figura
1085 669 1204 699 Cimon
1213 668 1388 708 Spartanis
1399 667 1662 698 subveniendum

965 718 1201 751 arbitrabatur
1227 722 1319 749 cont.
1346 717 1547 755 Messenios,
1577 718 1586 734 ‘
1608 717 1664 747 ad-

964 770 1118 800 hortatus
1148 778 1218 807 εοε,
1249 778 1292 799 ne
1317 767 1485 799 Graeciam
1510 766 1663 796 claudam

967 818 1076 857 reddi,
1090 828 1155 849 neu
1168 817 1295 849 Urbem
1311 818 1402 848 socia
1415 816 1567 857 destitui,
1578 816 1665 846 sine·

968 868 1064 900 rent.'
1102 869 1196 899 Plut.
1213 868 1247 898 in
1264 867 1335 907 ejus
1350 868 1441 898 Vita.
1465 867 1516 898 Id.

1010 921 1027 960 ξ
1041 923 1058 950 5
1076 918 1113 949 Si
1127 918 1258 949 demissa
1270 917 1411 948 Piraeum
1426 915 1545 955 versus]
1564 914 1665 946 “nore

966 969 1005 1000 τὰ
1019 968 1118 1009 μακρὰ
1132 967 1229 1005 σκέλη
1239 967 1338 998 καὶτὰ
1352 966 1444 1006 τείχη
1455 966 1510 996 τοῦ
1522 966 1666 1004 Πειραιῶς

967 1021 1128 1061 περιελεῖν,
1143 1019 1253 1061 ἰηῳιίῐ
1265 1019 1366 1051 Diod.
1380 1027 1461 1049 xlll.
1474 1019 1546 1048 107.
1571 1016 1668 1046 Plut.

968 1071 1166 1111 Lysandro:
1200 1079 1281 1111 quos
1306 1069 1374 1100 vid.
1401 1072 1437 1099 et
1462 1067 1551 1098 Xeu.
1575 1066 1666 1097 Hist.

968 1121 1028 1153 Gr.
1045 1129 1085 1151 11.
1124 1121 1170 1151 Et
1193 1120 1242 1151 ita
1264 1119 1354 1150 bello
1377 1117 1666 1157 Peloponnesiaco

967 1170 1043 1202 finis
1059 1170 1252 1210 impositus,
1269 1167 1356 1210 quod
1377 1167 1526 1208 Thucyd.
1544 1176 1567 1197 1.
1594 1169 1623 1197 l.
1640 1169 1667 1196 1.

966 1219 1213 1260 ἀξιολογώτατον
1243 1221 1305 1250 τῶν
1327 1216 1598 1259 προγεγενημένων
1631 1221 1667 1247 et

967 1270 1157 1312 μακρότατον
1191 1274 1302 1301 vocat.
1356 1269 1398 1300 In
1421 1277 1545 1298 annum
1578 1267 1667 1298 enim

968 1330 1071 1352 xxvr.
1096 1323 1304 1360 protractum
1316 1322 1379 1349 est.
1403 1318 1559 1356 Bongars.
1598 1316 1666 1347 Ms.

968 1370 1106 1408 dimissa,
1124 1379 1199 1410 quae
1215 1378 1279 1399 nec
1302 1368 1376 1408 ipsa
1390 1368 1473 1398 lect.
1492 1367 1582 1397 mala
1603 1371 1667 1396 est.

969 1420 1046 1451 Vid.
1076 1419 1164 1450 Non.
1190 1418 1223 1448 in
1248 1417 1434 1448 Dimittere.
1461 1416 1667 1446 Berneccer.

970 1471 1124 1501 Piraeeum
1149 1468 1315 1499 scribend.
1335 1471 1400 1506 est,
1424 1476 1490 1498 non
1516 1466 1669 1504 Piroeum,

969 1529 1035 1551 non
1045 1519 1234 1559 Pyroeeum;
1247 1517 1391 1558 denique
1402 1525 1467 1547 non
1480 1516 1579 1546 aliter
1588 1515 1668 1545 scri-

970 1569 1072 1601 bend.
1128 1569 1182 1599 Ita
1213 1567 1328 1598 Graeci
1360 1575 1487 1597 omnes.
1547 1565 1591 1595 Et
1620 1565 1668 1594 ita

971 1620 1099 1651 Muret.
1125 1622 1303 1649 monuerat
1318 1617 1361 1647 ad
1387 1616 1528 1647 Terent.
1556 1615 1667 1645 Faber.

972 1669 1120 1700 Demissa
1132 1668 1220 1698 idem
1233 1667 1335 1708 quod,
1345 1666 1502 1697 deducta.
1528 1665 1669 1696 Piraeeus

970 1718 1140 1750 scribend.
1167 1727 1244 1756 non,
1273 1721 1311 1747 ut
1337 1716 1471 1757 quidam
1502 1714 1669 1751 scribunt,

973 1769 1109 1800 Piroeue.
1155 1767 1271 1799 Graeci
1299 1767 1385 1797 enim
1410 1763 1563 1806 Πειραιεὺς
1587 1765 1669 1795 scri-

971 1818 1068 1849 bunt.
1121 1818 1130 1835 ‘
1158 1816 1324 1848 Brachia'
1352 1820 1450 1847 vocat
1479 1824 1553 1856 quae
1584 1814 1669 1845 muri

971 1872 1086 1908 partes
1130 1868 1163 1898 in
1207 1865 1452 1906 longitudinem
1498 1868 1668 1904 porrectae

971 1922 1079 1948 erant.
1116 1918 1191 1948 Nec
1209 1916 1308 1947 aliter
1325 1914 1383 1946 inf.
1399 1925 1433 1946 v.
1449 1918 1479 1946 9.
1496 1917 1547 1945 12.
1579 1914 1668 1945 Vors.

1014 1968 1103 1998 Muri
1119 1966 1257 2006 brachia]
1275 1966 1361 1997 Haec
1378 1969 1475 1996 erant
1486 1967 1581 1995 5000.
1594 1974 1668 2004 pas·

971 2025 1078 2049 suum.
1102 2016 1190 2048 Plin.
1204 2025 1252 2047 w.
1268 2016 1313 2048 N.
1327 2015 1372 2046 H.
1386 2017 1418 2046 7.
1442 2016 1451 2032 ‘
1468 2014 1649 2045 Brachium
1661 2012 1668 2024 ’

972 2071 1087 2099 autem
1117 2067 1151 2098 in
1182 2065 1335 2098 aedificiis
1369 2069 1466 2096 notat
1495 2073 1592 2095 omne
1623 2063 1670 2103 id,

971 2117 1059 2159 quod
1071 2122 1169 2148 extra
1181 2115 1384 2148 ordinariam
1398 2113 1532 2146 aedificii
1547 2114 1670 2144 lineam

973 2172 1009 2198 et
1024 2171 1153 2198 rectum
1169 2166 1322 2198 ordinem
1336 2165 1499 2197 excurrit.
1531 2165 1617 2195 Stat.
1636 2173 1669 2194 v.

972 2217 1035 2249 Th.
1051 2220 1126 2248 279.
1161 2217 1170 2234 ‘
1189 2216 1323 2248 Gemini
1339 2225 1406 2257 qua
1428 2214 1564 2247 brachia
1583 2214 1672 2244 muri

972 2267 1084 2298 Littus
1115 2266 1220 2298 eunt!
1256 2267 1330 2298 Liv.
1361 2274 1410 2296 ιν.
1435 2268 1466 2297 9.
1509 2266 1518 2282 ‘
1544 2264 1669 2295 Consul

972 2325 1066 2347 muro
1091 2316 1216 2347 Ardeae
1238 2315 1413 2346 brachium
1443 2312 1670 2355 injunxeratx'

973 2370 1009 2397 et
1024 2375 1117 2398 xxn.
1131 2369 1183 2397 52.
1206 2366 1216 2382 ‘
1233 2365 1379 2396 Bracbio
1391 2362 1518 2395 flumini
1533 2363 1670 2403 objecto

973 2425 1029 2447 eos
1041 2414 1218 2446 excludit)
1255 2414 1408 2445 Frontin.
1426 2423 1480 2444 111.
1495 2414 1600 2444 Strat.
1619 2415 1671 2443 17.

972 2468 1004 2497 4.
1041 2465 1050 2482 ‘
1062 2464 1215 2496 Brachiis
1231 2473 1250 2494 a
1265 2464 1374 2494 latere
1390 2463 1524 2494 ductis!
1556 2461 1669 2493 Strab.

973 2524 1047 2547 xlv.
1064 2525 1097 2556 p.
1113 2517 1188 2545 654.
1211 2518 1311 2544 vocat
1325 2511 1436 2550 σκέλη.
1464 2514 1563 2543 Gron.

1017 2567 1192 2606 Nat-esque,
1207 2574 1275 2604 quae
1295 2564 1420 2604 reliquae
1429 2564 1552 2602 forent,
1568 2563 1670 2593 trade-

972 2615 1056 2656 rent]
1089 2614 1252 2654 Exceptis
1269 2617 1320 2645 10.
1343 2623 1436 2654 quas,
1457 2623 1521 2644 nec
1541 2613 1670 2653 plures,

973 2667 1040 2698 illis
1051 2664 1228 2706 possidere
1243 2663 1350 2694 licuit.
1381 2663 1483 2694 Diod.
1494 2671 1575 2694 xm.
1594 2664 1669 2692 107.

974 2717 1072 2748 Rern.

1018 2767 1071 2797 Ex
1082 2767 1174 2796 semet
1187 2763 1278 2804 ipsis]
1296 2762 1341 2794 H.
1352 2772 1382 2794 e.
1393 2760 1669 2793 Atheniensibus.

973 2816 1072 2850 Quod
1097 2824 1163 2845 non
1189 2817 1359 2854 putassem
1384 2816 1503 2843 notatu
1519 2811 1669 2851 dignum,

973 2868 1035 2898 nisi
1059 2866 1111 2897 hic
1139 2865 1241 2896 etiam
1271 2863 1477 2905 Hispanicus
1508 2862 1667 2893 Auctoris

972 2918 1140 2957 interpres
1156 2914 1362 2956 impegisset.
1410 2913 1531 2945 Posset
1554 2917 1666 2943 autem
