2101 3419
556 333 808 365 RECENSUS
844 334 1124 366 murionum
1159 335 1375 367 JUS'r1N1-.
1585 327 1697 369 1073

241 420 367 463 1612.
429 421 511 463 Cui
546 423 815 478 subjungitur
835 425 982 466 versio
1011 426 1144 467 etiam
1175 424 1304 479 Angl.
1328 426 1373 467 S.
1396 425 1566 468 Aurelii
1587 426 1695 468 Vic-

238 491 362 531 toris.
425 490 536 532 Cum
559 490 711 532 Indice
744 492 1034 546 alphabetico.
1096 492 1340 546 Bipontini,
1374 493 1518 535 secuti
1553 494 1697 548 Brug-

237 559 435 609 gemanni
467 563 478 580 ⁴
503 559 657 608 Vicw,'
678 562 755 601 διο.
787 564 937 602 notant
970 560 1113 601 varias
1134 559 1231 601 edd.
1254 559 1442 614 hujusce
1464 562 1693 613 versionis,

237 624 320 664 hac
341 626 482 678 prima
503 631 712 680 excepta.
774 626 917 668 Penes
948 640 1029 668 nos
1060 631 1145 676 est,
1176 627 1215 667 si
1247 627 1380 669 modo
1403 627 1553 669 titulus
1576 632 1691 670 recte

236 705 285 732 se
307 692 480 734 habeat.

290 760 457 801 Justini
479 760 600 802 Hist.
620 764 698 802 &c.
732 762 789 802 ab
819 760 996 802 Abbate
1025 760 1078 802 de
1100 761 1376 815 Longuerue,
1412 763 1556 804 16mo.
1589 764 1689 806 Par.

234 828 360 868 1625.
381 841 478 869 cum
512 828 754 882 Privilegio
777 828 928 882 Regis.
963 828 1086 870 Mus.
1121 829 1285 871 Britan.
1346 830 1438 872 Sub
1461 831 1589 871 finem
1612 832 1689 872 ad-

231 894 408 945 duntur,
436 895 616 949 Prologi
639 896 943 937 Historiarum
962 895 1313 950 Philippicarum
1328 896 1463 950 Trogi
1483 897 1688 951 Pompeii

230 963 458 1014 emendati,
480 976 578 1004 cum
599 963 718 1005 notis
741 966 784 1004 et
802 963 938 1005 variis
959 962 1238 1004 lectionibus.
1298 963 1373 1004 Illi
1393 963 1575 1017 Prologi
1597 967 1686 1006 col-

227 1030 307 1070 lati
328 1036 431 1071 sunt
452 1044 479 1072 a
518 1031 570 1072 D.
594 1030 818 1072 Bernardo
838 1030 892 1072 de
912 1029 1204 1072 Montfaucon
1224 1043 1324 1072 cum
1350 1030 1474 1073 libris
1495 1032 1685 1087 quinquo

229 1096 342 1138 Mss.
374 1097 575 1138 Diarium
600 1097 808 1139 Italicum
829 1112 873 1152 p.
894 1097 994 1138 452.
1016 1109 1159 1151 usque
1182 1097 1239 1139 ad
1258 1097 1405 1140 finem.

279 1163 310 1205 J
314 1164 447 1205 ustini
467 1164 588 1205 Hist.
609 1167 687 1206 Sec.
709 1165 851 1218 Lugd.
874 1165 973 1207 Bat.
996 1165 1125 1207 1626.
1147 1165 1291 1207 24m0.

279 1230 449 1274 Justini
470 1231 594 1273 Hist.
615 1234 692 1273 διο.
727 1232 866 1286 Lugd.
897 1232 1000 1274 Bat.
1037 1232 1157 1286 apud
1189 1232 1379 1275 Elzevir.
1414 1225 1517 1276 Svo.
1553 1233 1678 1276 1634.

223 1297 437 1340 Biblioth.
460 1298 706 1340 Askeuian.
729 1312 773 1353 p.
795 1298 868 1341 83.

279 1365 444 1408 Justini
466 1366 588 1409 Hist.
610 1370 689 1409 &c.
723 1381 822 1409 cum
855 1368 974 1409 notis
1007 1368 1284 1422 Bemeggeri,
1316 1367 1566 1422 Bongarsii,
1597 1370 1677 1409 διο.

220 1432 318 1475 8νο.
342 1433 467 1475 Stav.
488 1434 614 1475 1660.
631 1433 775 1476 Catal.
796 1433 1046 1477 Universal.
1069 1435 1316 1486 Librorum,
1344 1435 1488 1476 Lond.
1506 1434 1633 1477 1701.

275 1499 306 1541 J
310 1501 441 1542 ustini
462 1500 584 1542 Hist.
607 1503 684 1543 &c.
717 1514 815 1543 cum
844 1502 962 1544 notis
988 1502 1213 1544 variorum
1237 1502 1553 1554 selectissimis,
1572 1501 1674 1544 Svo.

221 1567 380 1609 Norib.
401 1567 529 1610 1666.

274 1635 304 1676 J
307 1635 441 1677 ustini
462 1635 582 1678 Hist.
603 1639 682 1678 διε.
713 1635 812 1678 8vo.
835 1636 981 1678 Paris.
1001 1636 1131 1680 1670.
1154 1636 1301 1680 Catal.
1324 1636 1575 1680 Universal.
1598 1637 1673 1680 Li-

217 1703 408 1752 brorum,
430 1704 508 1744 Sec.
531 1702 635 1744 Vol.
660 1715 690 1744 1.
714 1705 767 1745 B.
788 1704 859 1746 66.

272 1770 302 1811 J
306 1771 439 1812 ustini
460 1783 518 1811 ex
535 1771 672 1824 Trogi
689 1770 897 1824 Pompeii
915 1770 1136 1813 Historiis
1156 1770 1366 1814 Externis
1386 1771 1508 1813 Libri
1531 1781 1668 1812 XMV.

214 1836 377 1878 Omnia
396 1851 527 1892 quam
558 1838 885 1892 diligentissime
911 1852 970 1880 ex
991 1839 1213 1880 variorum
1238 1839 1557 1893 exemplarium
1577 1839 1669 1880 col-

212 1905 371 1946 latione
387 1905 616 1958 castigata.
634 1905 899 1947 Novissima
913 1905 1047 1947 editio
1067 1905 1208 1947 12mo.
1230 1905 1369 1948 Lond.
1381 1906 1509 1948 1678.
1554 1904 1667 1947 Cum

213 1971 458 2025 Privilegio
473 1971 625 2025 Regis.
639 1972 814 2014 Textus
828 1985 976 2014 merus
991 1986 1091 2014 cum
1105 1973 1418 2026 marginalibus
1431 1972 1667 2015 indicibus.

265 2038 470 2080 Justinus
502 2039 558 2080 de
591 2039 808 2081 Historiis
841 2039 1124 2093 Philippicis,
1157 2042 1239 2082 διο.
1272 2040 1517 2082 Illustravit
1547 2040 1601 2081 P.
1621 2040 1667 2081 J.

210 2104 385 2157 Cantel,
417 2107 464 2148 in
501 2120 632 2148 usum
670 2107 898 2161 Delphini.
959 2105 1109 2149 Editio
1148 2109 1319 2161 quarta,
1359 2120 1417 2149 ex
1448 2120 1568 2151 nova
1601 2121 1667 2149 re-

209 2173 416 2215 censione
439 2174 629 2216 Davidis
653 2173 869 2224 Durandi,
900 2173 955 2216 R.
979 2173 1024 2216 S.
1045 2174 1093 2216 S.
1150 2174 1470 2231 Repetitajuit
1500 2176 1545 2217 in
1564 2174 1662 2217 8vo-

207 2241 313 2295 maj.
336 2241 477 2282 Lond.
499 2242 626 2284 1774.

264 2307 526 2350 Germanice
562 2310 788 2352 transtulit
824 2309 1055 2352 ,Iustinum
1089 2309 1252 2352 Christ.
1294 2309 1413 2352 Frid.
1446 2309 1661 2352 Schmidt.

208 2377 417 2429 LemgOV·
439 2376 563 2418 1786.
595 2377 694 2419 Svo.
756 2377 952 2419 Felicius
979 2389 1081 2419 vero
1101 2376 1391 2432 Ostertagius,
1421 2379 1548 2434 cujus
1567 2391 1661 2420 ver-

207 2443 379 2485 sionem
398 2448 555 2486 notant
573 2444 816 2499 Bipontini.

263 2510 444 2564 Optime
487 2510 611 2552 audit
649 2511 784 2554 editio
828 2512 1182 2567 Bipontinorum‚
1215 2511 1342 2555 1802.
1389 2513 1466 2567 qui
1500 2516 1659 2568 postea

203 2578 365 2620 doctos
401 2591 509 2620 suos
544 2578 718 2621 labores
757 2580 983 2634 prosecuti
1018 2583 1123 2622 sunt
1155 2578 1449 2633 Argentorati.
1508 2579 1658 2622 Editio

205 2658 369 2696 eorum,
390 2648 439 2688 ut
473 2650 718 2700 agnoscunt
751 2646 858 2702 ipsi,
889 2647 1071 2690 multum
1092 2646 1225 2689 debet
1245 2645 1427 2689 editioni
1458 2645 1656 2690 Udalrici

203 2711 337 2755 Galli.

258 2780 500 2835 Sequontes
523 2780 737 2824 editiones
771 2782 983 2825 consectae
1017 2787 1120 2825 sunt
1145 2783 1202 2826 ad
1227 2795 1358 2826 usum
1377 2781 1650 2827 scholarum:

284 2858 394 2899 Delplt.
413 2861 443 2890 et
461 2858 536 2891 Var.
550 2858 634 2890 Clas.
867 2858 987 2893 Justin.
1488 2862 1508 2891 4
1529 2858 1562 2892 A
