2174 3424
496 333 581 374 798

951 341 1089 371 NOTAE
1123 341 1385 372 VARlORUM
1421 341 1471 370 IN

541 437 558 476 ξ
576 438 616 466 14
632 435 861 465 Proestaturum
877 443 908 464 se
922 443 957 464 ea
973 433 1089 473 Dario]
1105 433 1189 464 Mss.
1236 443 1301 474 que
1339 437 1491 474 potestas
1532 432 1722 473 Impatiens
1763 430 1933 462 consortis

493 488 762 526 proesentaturum.
818 483 918 515 Unde
955 484 1103 515 Gronov.
1125 484 1190 524 pol-

497 537 664 576 liceturque
687 538 990 576 repr-asentaturum.
1025 535 1106 566 Vid.
1132 534 1191 565 lib.

498 595 524 616 1.
542 586 584 617 de
602 587 730 617 Pecun.
745 586 824 616 Vet.
839 594 870 615 e.
888 587 918 616 8.
944 585 1051 615 Graev.
1084 583 1191 616 Codd.

497 636 582 666 Mss.
599 646 681 677 quos
697 636 804 675 Bong.
827 635 923 674 vidit,
934 637 1192 674 praesentaturum

497 697 530 718 se
553 697 589 718 ea
613 687 726 718 Dario.
771 687 871 718 Unde
899 686 1048 717 Gronov.
1074 686 1107 716 in
1130 685 1190 716 lib.

499 737 542 768 de
566 737 649 768 Pec.
674 738 753 767 Vet-
778 736 920 777 conjicit
945 736 1078 775 legend.
1104 746 1191 775 esse,

496 790 790 827 repraesentaturum
825 796 857 817 se
890 797 924 817 ea
962 786 1074 817 Dario.
1131 787 1192 817 Est

500 842 613 868 autem
640 836 781 867 verbum
798 837 934 876 elegans
958 839 1191 875 repraesentare,

499 896 574 927 pro,
598 886 713 917 statim
740 885 872 917 facere:
898 895 1003 926 neque
1030 885 1115 915 adeo
1140 894 1192 914 ra-

498 946 571 966 rum
588 945 641 976 ap.
656 940 824 967 auctores.
847 936 943 967 Suet.
959 938 1049 975 Aug.
1061 936 1070 951 ‘
1085 935 1192 967 Quam

498 996 660 1016 summam
688 985 927 1026 repraesentari
947 984 1074 1025 jussit!
1112 985 1192 1015 Sen.

498 1037 564 1075 Ep.
578 1039 631 1066 95.
647 1037 656 1052 ‘
672 1036 768 1066 Petis
782 1040 832 1075 ut,
845 1035 935 1076 quod
950 1036 981 1065 in
995 1035 1084 1065 diem
1097 1044 1193 1065 suum

499 1085 651 1116 dixeram
681 1085 807 1116 debere
836 1084 977 1123 differri,
1007 1094 1194 1125 repraesen-

499 1139 581 1172 tem,
597 1139 632 1165 et
647 1134 791 1166 scribam
821 1134 907 1165 tibi.'
952 1135 1022 1165 Cic.
1040 1143 1073 1165 v.
1098 1134 1192 1166 Fam.

501 1186 551 1214 16.
574 1185 582 1200 ‘
601 1183 700 1216 Quod
717 1188 769 1214 est
785 1183 857 1214 dies
875 1184 1031 1222 allatura,
1058 1183 1092 1213 id
1117 1192 1195 1213 con-

499 1236 573 1266 silio
601 1234 776 1266 anteferre
802 1235 975 1274 debemus,
999 1244 1109 1275 neque
1136 1244 1194 1265 ex-

498 1290 653 1326 spectare
670 1285 831 1325 temporis
858 1285 1070 1323 medicinam,
1094 1293 1194 1324 quam

498 1340 745 1377 repraesentare
761 1334 888 1365 ratione
905 1333 1093 1374 possimus!
1129 1334 1194 1364 Cu-

494 1387 552 1427 jus
569 1386 700 1426 generis
724 1385 823 1426 plura
846 1385 880 1415 in
908 1385 964 1415 lib.
989 1384 1031 1415 de
1056 1384 1194 1415 Latinit.

499 1436 601 1475 vulgo
615 1435 687 1466 fere
703 1435 870 1474 neglecta.
899 1434 971 1465 Vor.

542 1486 560 1525 ξ
585 1488 623 1515 15
651 1485 795 1515 Ceterum
820 1493 916 1523 neque
940 1483 1086 1514 mundum
1109 1493 1195 1523 posse

498 1534 613 1565 duobus
634 1534 744 1564 solibus
769 1533 855 1574 regi]
880 1533 974 1564 Plut.
1002 1533 1036 1563 in
1061 1532 1195 1574 Apoph-

499 1587 551 1615 38.
576 1584 678 1615 Diod.
702 1592 796 1614 xvn.
812 1587 864 1614 54.
887 1583 983 1614 Cui-t.
1005 1592 1053 1614 ιν.
1071 1586 1121 1615 11.
1143 1586 1196 1615 39.

498 1635 556 1665 Ita
587 1634 724 1665 Serinus
753 1643 808 1674 ap.
838 1633 934 1665 Stob.
967 1633 1076 1664 Serm.
1115 1642 1195 1665 XLV.

498 1684 507 1702 ‘
525 1684 686 1715 Omnium
708 1684 743 1715 in
770 1689 862 1715 terra
889 1683 1051 1714 bonorum
1075 1688 1196 1714 auctor

499 1735 555 1766 Sol
571 1745 578 1765 :
603 1739 650 1774 at,
664 1734 691 1764 si
708 1734 831 1774 gemini
859 1734 951 1764 Soles
968 1733 1092 1772 forent,
1107 1734 1195 1774 peri-

499 1784 609 1815 culum
637 1784 840 1823 immineret,
867 1792 909 1814 ne
936 1783 1047 1813 omnia
1070 1782 1194 1813 confla-

499 1834 632 1874 grantia
648 1843 783 1874 pessum
809 1833 909 1864 irent.
954 1832 1011 1863 Ita
1034 1837 1068 1862 et
1084 1841 1195 1872 regem

500 1894 601 1914 unum
618 1883 752 1924 quidem
770 1883 942 1923 accipiunt
965 1882 1062 1922 Lydi,
1077 1887 1111 1913 et
1128 1892 1195 1912 ser-

500 1937 649 1963 vatorem
687 1941 762 1962 esse
791 1931 958 1969 credunt;
994 1931 1078 1962 duos
1113 1941 1195 1962 vero

500 1982 596 2012 simul
612 1983 760 2012 tolerare
783 1990 847 2011 non
863 1980 1024 2021 possent.’
1071 1981 1195 2012 Hausit

500 2031 697 2063 Alexander
719 2033 803 2061 hanc
826 2031 1029 2062 sententiam
1052 2040 1095 2062 ex
1123 2031 1194 2062 Ho-

499 2091 592 2113 mero
608 2091 679 2119 suo,
692 2090 791 2122 quem
803 2090 937 2120 semper
953 2090 1028 2111 cum
1046 2081 1194 2121 pugione

499 2131 560 2162 sub
577 2131 714 2172 pulvino
739 2130 922 2171 repositum
946 2140 1022 2161 eum
1040 2131 1194 2162 habuisse

498 2181 616 2212 scribit
641 2181 732 2212 Plut.
759 2180 791 2210 in
818 2180 891 2211 Vit.
919 2183 969 2212 13.
1024 2181 1080 2211 Sic
1104 2181 1193 2211 enim

499 2232 554 2263 ille
573 2231 670 2262 Iliad.
687 2240 726 2262 11.
746 2233 821 2262 204.
845 2232 854 2247 ‘
873 2231 948 2262 Nec
972 2232 1094 2262 multos
1117 2241 1194 2272 reg-

499 2291 580 2312 nare
596 2281 739 2312 bonum:
764 2289 821 2311 rex
838 2281 956 2311 unicus
973 2281 1068 2312 estol
1094 2281 1191 2312 Rern.

499 2331 587 2362 Haec
602 2338 638 2362 et
656 2331 808 2371 proxime
835 2340 929 2372 seqq.
945 2331 1036 2362 *adeo
1061 2331 1194 2371 gemina

497 2385 576 2411 sunt
599 2381 650 2411 his
666 2390 739 2422 quae
764 2381 859 2412 Curt.
875 2390 924 2412 ιν.
941 2384 992 2412 ll.
1009 2384 1061 2413 22.
1078 2381 1193 2417 habet,

500 2434 538 2461 ut
569 2430 732 2461 alteruter
768 2430 919 2461 imitatus
950 2430 1055 2461 videri
1085 2431 1195 2472 possit

499 2480 657 2512 alterum.
684 2481 758 2512 Vor.

543 2531 653 2570 Neque
663 2529 777 2568 orbem,
789 2529 857 2570 ssa]
873 2530 991 2571 Eurip.
1004 2529 1109 2562 Andr.
1120 2533 1194 2562 471.

499 2578 578 2610 Οὐδὲ
593 2579 654 2620 ’γὰρ
676 2580 707 2610 ἐν
719 2579 828 2610 πόλεσι
850 2579 1003 2619 Δῖπτυχοι
1024 2579 1196 2621 τυραννίδες

500 2630 579 2660 Meas
610 2629 762 2668 ἀμείνονες
786 2629 897 2670 φέρειν·
939 2630 1055 2669 Ἀχθος
1082 2630 1108 2662 δ’
1145 2630 1192 2660 ἐπ’

499 2677 600 2717 ἄχθει,
625 2678 675 2710 καὶ
697 2677 804 2710 στάσις
818 2679 967 2711 πολίταις.
1011 2679 1095 2711 Tac.
1113 2688 1196 2711 XIII.

500 2728 544 2758 A.
567 2730 619 2759 17.
643 2730 652 2745 ‘
671 2729 833 2769 Plerique
860 2730 1030 2761 hominum
1053 2729 1195 2761 insocia-

501 2777 569 2807 bile
596 2787 736 2818 regnum
763 2779 995 2811 aestimautes.’
1020 2780 1146 2811 Lucan.
1170 2789 1196 2811 1.

501 2828 556 2858 92.
579 2831 586 2845 ‘
603 2828 706 2859 Nulla
721 2828 804 2861 fides
833 2830 928 2870 regni
950 2830 1060 2870 sociis,
1075 2831 1196 2862 omnis-

1239 483 1330 515 erit.'
1388 484 1457 514 Pro
1490 486 1580 522 regni
1617 482 1760 514 Heinsio
1797 481 1934 521 legend.

1239 534 1421 566 videbatur
1447 534 1564 573 regnis,
1588 539 1627 564 ut
1650 543 1704 573 ap.
1721 532 1811 563 Stat.
1836 540 1862 563 1.
1875 530 1939 563 Th.

1241 586 1313 615 139.
1334 584 1343 600 ‘
1360 583 1531 624 Sociisque
1547 592 1658 614 comes
1675 581 1845 613 discordia
1860 589 1937 621 reg-

1240 634 1290 664 nis
1303 632 1322 664 :'
1343 633 1400 664 ubi
1416 633 1508 665 Avus
1534 633 1682 664 malebat
1707 631 1808 671 regni,
1829 630 1934 661 idem-

1240 693 1305 724 que
1328 684 1490 714 exhibent
1509 684 1572 715 Ed.
1598 683 1700 714 Roth.
1724 694 1753 713 α.
1777 683 1872 713 1713.
1904 684 1940 712 et

1241 733 1350 764 Paris.
1373 736 1467 765 1618.
1501 733 1619 764 Barth.
1642 741 1775 773 quoque
1798 729 1940 770 margini

1241 783 1398 814 editionis
1412 783 1586 814 Bernartii
1600 783 1781 822 ascripsit:
1806 782 1815 799 ‘
1833 780 1939 819 Regni

1243 834 1320 866 Ms.’
1352 835 1557 865 Scholiastes
1582 834 1649 865 Ms-
1676 833 1778 865 Statii
1803 832 1892 862 bunc
1916 831 1940 861 l.

1242 884 1290 916 ita
1305 885 1554 925 interpretatur
1568 895 1576 915 ;
1600 886 1610 902 ‘
1628 884 1717 917 Quia
1738 883 1805 914 duo
1821 883 1854 913 in
1870 891 1939 912 uno

1243 938 1280 965 et
1303 935 1421 966 eodem
1445 945 1550 975 reguo
1566 943 1737 975 nunquam
1754 936 1942 974 potueruut

1243 995 1318 1016 esse
1334 985 1540 1017 concordes?
1573 985 1674 1016 Unde
1691 985 1769 1015 Sen.
1784 984 1939 1024 (Thyest.

1241 1034 1335 1075 444.)
1359 1037 1368 1053 ‘
1389 1037 1467 1066 Non
1492 1035 1585 1076 capit
1610 1044 1751 1075 regnum
1768 1033 1852 1064 duos
1865 1036 1883 1064 ι’
1906 1036 1942 1063 et

1244 1084 1348 1115 Ovid.
1378 1085 1451 1124 (ιιι.
1483 1084 1560 1116 Art.
1587 1083 1679 1124 564.)
1715 1085 1724 1101 ‘
1750 1083 1826 1114 Non
1853 1082 1941 1113 bene

1244 1144 1320 1165 cum
1337 1135 1436 1165 sociis
1454 1143 1558 1175 regna
1573 1134 1757 1173 Venusque
1781 1130 1944 1162 manent!

1288 1185 1374 1217 CAP.
1400 1193 1484 1215 xm.
1518 1186 1535 1225 ξ
1560 1188 1576 1215 l
1604 1185 1680 1215 Tum
1694 1183 1834 1223 repente]
1857 1183 1942 1213 Mss.

1245 1244 1328 1275 quos
1349 1234 1433 1266 vidit
1457 1236 1568 1275 Bong.
1595 1234 1764 1265 habebant
1790 1234 1869 1263 Cum
1893 1242 1943 1264 re-

1242 1287 1343 1324 pente.
1389 1284 1508 1325 Neque
1526 1283 1604 1314 mihi
1628 1283 1780 1322 dubium,
1794 1281 1874 1323 quin
1893 1281 1942 1312 sic

1245 1333 1422 1373 scripserit
1436 1334 1602 1365 Justinus.
1647 1333 1702 1363 Ita
1718 1333 1806 1363 enim
1829 1332 1942 1363 solent

1245 1383 1366 1423 optimi
1393 1388 1560 1414 auctores.
1614 1383 1686 1414 Cic.
1715 1392 1740 1413 1.
1768 1382 1810 1413 de
1842 1381 1942 1414 Orat.

1245 1433 1255 1450 ‘
1276 1433 1339 1463 Vix
1357 1443 1462 1464 annus
1475 1433 1717 1464 intercesserat
1732 1431 1775 1462 ab
1796 1431 1858 1462 hoc
1873 1441 1944 1462 ser-

1245 1491 1358 1521 mone,
1368 1493 1443 1513 cum
1456 1483 1520 1513 iste
1534 1482 1708 1513 accusavit
1721 1481 1943 1512 Norbanum?

1246 1533 1342 1563 Curt.
1368 1542 1418 1563 vr.
1445 1535 1497 1564 16.
1531 1533 1539 1549 ‘
1557 1533 1700 1573 Jamque
1727 1541 1792 1562 non
1819 1541 1945 1572 pugna,

1246 1582 1305 1613 sed
1322 1583 1433 1614 caedes
1456 1587 1542 1621 erat,
1562 1593 1639 1614 cum
1665 1582 1789 1613 Darius
1807 1591 1942 1622 quoque

1245 1642 1380 1663 currum
1396 1643 1493 1664 sunm
1519 1634 1552 1664 in
1576 1631 1689 1673 fugam
1709 1631 1838 1663 vertit.y
1863 1631 1943 1672 lpse

1246 1682 1372 1713 Noster
1403 1691 1480 1714 xw.
1507 1685 1535 1714 l.
1566 1682 1623 1714 fin.
1652 1682 1808 1713 ‘Omnes
1836 1682 1944 1722 igitur

1245 1742 1383 1772 operam
1398 1742 1488 1763 suam
1503 1733 1661 1763 certatim
1685 1732 1726 1763 ad
1750 1731 1942 1763 custodiam

1245 1782 1363 1813 salutis
1393 1782 1467 1822 ejus
1497 1781 1655 1814 offerunt.
1714 1782 1800 1813 Cum
1835 1781 1941 1822 igitur

1246 1830 1433 1871 Antigonus
1448 1842 1522 1864 cum
1549 1832 1704 1863 exercitu
1720 1831 1943 1873 supervenit.’

1245 1880 1350 1918 Sclzes.

1288 1932 1420 1964 Somnus
1433 1934 1582 1974 arripuit]
1606 1934 1662 1965 Ita
1676 1934 1772 1966 Suet.
1785 1932 1873 1974 Aug.
1891 1936 1941 1965 16.

1245 1985 1276 2013 3.
1304 1983 1405 2014 Bern.

1286 2033 1304 2072 ᾧ
1327 2035 1346 2062 2
1372 2033 1450 2063 Cum
1477 2033 1570 2063 eliam
1594 2033 1628 2064 in
1651 2033 1713 2064 otio
1737 2042 1855 2073 semper
1867 2042 1941 2073 par-

1243 2081 1309 2111 cior
1326 2080 1446 2122 suerit]
1480 2083 1629 2123 Legend.
1654 2082 1678 2114 f.
1703 2083 1798 2121 cujus.
1830 2083 1941 2123 Bong.

1245 2131 1416 2171 Rescripsi
1446 2141 1521 2162 cum
1549 2133 1648 2165 Junt.
1684 2133 1780 2172 οιύιιε,
1817 2132 1867 2163 uti
1906 2137 1942 2163 et

1244 2180 1378 2219 legend.
1396 2181 1595 2221 conjecerat
1616 2183 1724 2222 Bong.
1739 2183 1835 2213 Suet.
1853 2182 1941 2213 Caes.

1244 2233 1253 2247 ‘
1271 2230 1348 2260 Vini
1370 2232 1609 2270 parcissbnus!
1644 2234 1754 2264 Groev.
1798 2233 1942 2273 Optima

1243 2280 1323 2311 lect.
1338 2290 1357 2310 a
1372 2281 1481 2321 Boug.
1499 2287 1572 2320 est3
1605 2288 1706 2314 antea
1722 2282 1941 2314 scribebatur

1244 2339 1323 2368 cum,
1340 2339 1400 2369 pro
1414 2331 1510 2369 cujus.
1536 2331 1658 2364 Faber.
1691 2333 1790 2371 Cujus
1806 2332 1942 2371 legend.

1244 2379 1392 2419 conjecit
1407 2380 1515 2420 Bong.
1538 2382 1582 2412 Et
1599 2381 1631 2412 in
1647 2382 1743 2414 Junt.
1761 2380 1941 2412 manifeste

1244 2428 1292 2459 ita
1308 2429 1473 2469 scriptum
1491 2432 1618 2470 reperit
1632 2432 1746 2463 Graev.
1791 2430 1891 2462 Unde
1905 2435 1942 2462 et

1245 2478 1431 2510 rescribere
1447 2479 1495 2510 ita
1510 2481 1601 2511 nulla
1625 2481 1705 2512 mihi
1731 2481 1849 2522 religio
1865 2480 1942 2513 fuit.

1245 2529 1367 2559 Parcus
1402 2531 1500 2561 somni
1537 2531 1681 2572 dictum,
1716 2536 1755 2563 ut
1785 2533 1794 2549 ‘
1819 2540 1941 2572 parcus

1245 2579 1425 2619 pecuniae,’
1455 2589 1504 2612 vr.
1534 2583 1565 2612 8.
1594 2584 1624 2612 6.
1655 2591 1716 2622 pro
1750 2591 1817 2613 non
1854 2581 1941 2612 adeo

1245 2634 1432 2671 appetente
1457 2640 1517 2662 seu
1543 2631 1666 2671 cupido
1693 2631 1871 2671 pecuniae;
1905 2635 1942 2662 et

1243 2679 1253 2697 ‘
1270 2678 1337 2710 vini
1361 2679 1595 2719 parcissimus'
1622 2690 1642 2711 a
1663 2680 1760 2712 Suet.
1784 2681 1871 2711 Caes.
1888 2681 1942 2711 53.

1246 2734 1282 2761 et
1294 2728 1385 2770 Aug.
1401 2732 1453 2760 77.
1481 2730 1556 2761 Vor.

1289 2781 1341 2820 §3
1364 2779 1473 2820 AEstu]
1498 2780 1566 2811 Alii
1583 2783 1678 2819 metu,
1693 2780 1791 2812 male.
1816 2781 1941 2811 AEstum

1246 2834 1347 2861 vocat
1384 2830 1484 2862 animi
1523 2829 1793 2869 fluctuationem,
1837 2830 1941 2862 ducta
