2174 3424
519 323 604 365 684

520 428 668 458 cohaeret
697 436 773 458 cum
803 436 897 468 seqq.
955 426 1116 459 Quamvis
1147 436 1213 458 non

518 477 682 517 ignorem,
714 477 836 508 Persas
866 487 986 518 aquam
1022 482 1214 518 terramque

518 528 692 568 postulare
707 528 843 559 solitos:
865 528 955 569 quod
976 533 1088 559 tamen
1113 528 1213 559 video

519 577 601 608 alios
617 578 782 609 sollicitos
797 577 967 617 habuisse,
990 588 1065 608 cum
1080 578 1211 610 Herod.

517 632 662 659 testetur
674 628 908 668 Megabazum,
919 628 1017 658 Darii
1029 633 1211 669 satrapam,

517 678 652 709 nuntios
669 678 712 708 ad
729 677 1148 718 Alexandrum,iAmyntae
1164 678 1211 710 fil.

516 727 657 766 misisse,
679 726 863 764 αἰτήσοντας
876 728 970 766 ’γῆντε
984 727 1034 758 καὶ
1050 727 1126 768 ὕδωρ
1151 734 1212 759 Δα-

515 776 583 817 ρείῳ
596 779 732 813 βασιλεῖ.
757 777 798 808 Id
815 778 924 818 ipsum
941 788 1071 819 quoque
1086 779 1211 819 legitur

514 828 549 857 in
573 828 729 868 Epistola
750 827 919 867 Aristippi
945 828 987 858 ad
1013 828 1209 868 Philippum

515 886 648 917 regem3
671 877 734 908 nisi
750 877 838 918 quod
862 877 909 907 ibi
926 877 971 908 sit
985 877 1179 918 Ἀλέξανδρος
1194 879 1210 909 ὃ

513 926 624 958 Ἀλέου
639 928 725 958 male
741 937 801 968 pro
813 926 1008 968 Ἀλέξανδρος
1023 928 1208 967 ὁἈμύντου.

513 978 646 1009 Passim
662 977 764 1008 obvia
779 982 858 1009 sunt
872 978 944 1018 ejus
966 978 1016 1009 rei
1042 979 1208 1020 exempla.

517 1028 603 1059 Voss.

557 1079 633 1118 §20
656 1079 762 1109 Nat-es
786 1088 902 1119 quoque
924 1078 1038 1118 decies]
1061 1079 1209 1110 Navium

512 1137 670 1159 numerus
695 1129 730 1159 in
753 1133 837 1160 vett.
865 1128 1018 1159 omnibus
1045 1128 1208 1169 deprava-

513 1184 580 1210 tus.
620 1179 784 1211 Arbitror
798 1179 932 1220 legend.
949 1180 1031 1211 mille
1045 1182 1208 1212 ducentas.-

512 1230 635 1261 litteris
652 1229 805 1271 quibusd.
821 1230 1006 1261 immutatis
1021 1236 1055 1261 et
1068 1231 1207 1262 vocibus

511 1280 666 1311 inversis.
691 1281 858 1312 Convenit
873 1290 1029 1312 numerus
1046 1290 1122 1312 cum
1139 1282 1206 1313 He-

512 1330 584 1360 rod.
602 1330 707 1361 Diod.
753 1329 881 1367 Probo,
912 1330 1075 1370 Isocrate,
1105 1331 1206 1362 Oros.

511 1380 567 1420 qui
581 1385 693 1411 tamen
715 1380 944 1410 onerariarum
958 1390 981 1411 s.
992 1380 1208 1421 τριηκοντόρων

510 1429 640 1460 addunt
658 1432 753 1460 3000.
773 1434 809 1460 et
833 1429 1021 1468 ἱππαγώγων
1040 1433 1113 1462 850.
1159 1432 1206 1462 Ut

508 1479 566 1510 ille
593 1481 747 1520 superior
770 1490 926 1511 numerus
943 1480 987 1512 sit
1003 1482 1205 1521 triremium,

508 1540 567 1561 seu
607 1535 845 1569 rostratarum,
876 1535 914 1561 ut
956 1530 1056 1562 Oros.
1092 1537 1205 1563 vocat.

506 1581 664 1619 Bongars.
710 1581 811 1611 Oros.
835 1581 843 1597 ‘
865 1581 1041 1612 Rostratas
1068 1582 1133 1622 [ita
1158 1583 1205 1613 le-

508 1630 610 1670 gend.
636 1640 691 1670 ap.
721 1630 817 1661 Frec.
844 1640 905 1670 pro
929 1631 1020 1672 vulg.
1066 1631 1204 1672 Proslr.]

509 1681 611 1711 etiam
628 1690 705 1712 nav.
722 1690 764 1711 m.
779 1680 812 1711 d.
829 1681 995 1711 onerarias
1011 1686 1124 1712 autem
1141 1682 1206 1713 tria

508 1731 613 1761 millia
640 1740 730 1762 num.
759 1730 837 1761 hab.
868 1731 1046 1762 narratur.¹
1103 1731 1204 1763 Oros.

507 1781 612 1811 ctiam
640 1781 792 1822 sequitur
830 1780 994 1811 Albertus
1029 1781 1205 1812 stadensis

509 1831 632 1862 Chron.
655 1840 688 1871 p.
706 1833 776 1862 136.
793 1840 847 1872 ap.
865 1840 962 1872 quem
979 1831 1103 1871 legitur
1125 1836 1134 1848 ‘
1152 1837 1205 1863 ter

507 1881 621 1912 mille.’

551 1931 657 1962 Nat-es
671 1941 786 1971 quoque
798 1932 897 1963 decies
911 1935 1032 1963 centum
1041 1932 1136 1963 millia
1148 1943 1204 1964 nu-

506 1992 590 2012 mero
619 1982 758 2013 habuisse
785 1983 915 2023 dicitur]
946 1984 1057 2023 Nugae
1088 1994 1203 2024 merae,

507 2033 821 2075 emendandumque
840 2039 875 2064 ut
891 2034 924 2064 iu
946 2035 999 2066 ed.
1014 2044 1091 2065 mea
1106 2035 1202 2066 Colo-

506 2083 614 2114 niensi
630 2083 669 2114 Α.
681 2086 776 2115 1582.
789 2084 1019 2115 emendaram:
1038 2085 1080 2116 N.
1091 2096 1120 2125 q.
1134 2087 1200 2117 mil-

505 2134 533 2164 le
546 2134 690 2164 ducentas
703 2134 733 2164 Ιι.
749 2135 779 2164 d.
825 2134 933 2166 Quam
957 2144 1065 2165 meam
1089 2144 1200 2166 emen-

505 2182 678 2213 dationem
694 2192 736 2214 ne
752 2183 794 2214 ad
811 2193 846 2214 se
871 2184 1016 2223 trahant,
1041 2185 1097 2225 qui
1114 2195 1199 2216 anuo

504 2238 583 2263 ante
598 2233 686 2264 hunc
699 2233 882 2264 Auctorem
895 2234 1088 2274 ediderunt,
1103 2236 1199 2268 lubet

506 2282 700 2314 adscribere
714 2283 812 2314 verba
825 2285 976 2323 mea‚hac
989 2285 1029 2315 de
1040 2295 1074 2316 re
1087 2286 1201 2326 adJec-

506 2339 541 2364 ta
557 2343 618 2374 per
634 2335 843 2365 occasionem
860 2344 878 2366 a
895 2345 947 2366 me
964 2337 1096 2375 Curtio,
1116 2338 1197 2369 item

504 2384 538 2414 iu
554 2385 718 2416 Ubiorum
736 2386 874 2417 Colonia
887 2386 979 2417 edito
993 2386 1034 2418 A.
1050 2390 1142 2418 1572.
1156 2388 1197 2418 ad

504 2435 594 2465 illum
623 2435 729 2475 ejusd.
754 2436 863 2467 Curtii
894 2437 1002 2467 locum
1031 2446 1064 2468 v.
1092 2441 1121 2468 7.
1154 2438 1197 2468 de

504 2485 698 2526 Persepoli:
717 2488 725 2503 ‘
740 2486 859 2517 Patria
875 2491 926 2518 tot
942 2497 1068 2528 regum,
1081 2489 1197 2521 unicus

503 2536 669 2576 quondam
683 2536 825 2567 Graeciae
841 2542 963 2578 terror,
975 2538 1091 2570 molita
1107 2540 1197 2570 mille

501 2586 637 2616 navium
653 2587 806 2625 classem,
821 2592 856 2618 et
872 2589 1052 2629 exercitus,
1075 2590 1196 2631 quibus

503 2637 636 2676 Europa
648 2636 810 2667 inundata
821 2636 897 2676 est‚'
909 2640 972 2670 [xc.
988 2639 1042 2670 hic
1057 2640 1195 2681 inquam

502 2695 585 2725 ego:
624 2686 735 2717 Adhuc
764 2688 880 2727 excusi,
920 2689 1039 2720 molita
1076 2689 1192 2721 decem

501 2735 640 2766 millium
667 2736 800 2767 navium
827 2738 985 2769 classem:
1008 2741 1063 2770 sed
1077 2740 1194 2771 nihilne

498 2786 611 2823 pudere
626 2786 775 2817 vanitatis
789 2798 855 2818 cum
871 2788 976 2829 eliam,
998 2791 1050 2830 qui
1070 2792 1193 2821 menda-

972 333 1112 364 NOTAE
1144 334 1411 366 VARIORUM
1444 336 1496 366 IN

1262 427 1305 458 tis
1319 427 1445 459 navibus
1458 427 1603 459 rostratis
1621 427 1745 459 classem
1761 426 1881 458 Xerxis
1895 437 1959 458 am-

1259 478 1388 517 pliorem
1401 488 1524 509 numero
1543 477 1647 515 fuisse
1666 475 1830 508 dixerint?
1852 486 1959 508 terum

1261 529 1308 559 ita
1323 529 1475 567 cogitant,
1496 528 1569 568 quid
1583 527 1722 565 faciant,
1743 527 1795 567 qui
1817 526 1851 556 in
1872 528 1959 566 typo-

1258 578 1401 617 graphiis
1425 579 1606 618 proesfflent,
1639 577 1774 607 homines
1809 576 1958 607 mehercle

1257 628 1392 668 pistrino
1406 628 1513 666 digni.-
1534 631 1570 658 ut
1595 628 1647 668 qui
1671 626 1766 658 etiam
1790 636 1841 666 ap.
1857 626 1959 656 Justi-

1259 687 1333 708 num
1343 677 1397 707 lib.
1414 687 1455 708 11.
1465 677 1576 718 (quasi
1587 686 1696 717 parum
1710 679 1787 707 esset
1798 676 1832 706 in
1846 675 1956 705 Curtio

1259 727 1454 767 negligenter
1473 726 1596 766 fuisse)
1623 726 1690 757 ausi
1710 728 1780 756 sunt
1805 724 1959 755 scribere:

1260 778 1375 809 Naves
1401 787 1532 819 quoque
1558 777 1672 808 decies
1697 783 1833 807 centum
1852 774 1957 806 millia

1259 837 1399 858 numero
1414 828 1571 859 habuisse
1587 827 1724 858 dicitur.
1759 827 1870 865 Credo,
1884 825 1958 865 quia

1259 877 1412 908 exercitus
1437 878 1558 908 Xerxis
1586 877 1685 908 decies
1706 879 1832 907 centem
1857 874 1957 906 homi-

1259 937 1331 958 num
1345 927 1443 958 millia
1456 928 1610 967 explebat,
1631 925 1759 957 voluisse
1780 926 1875 956 etiam
1892 924 1956 954 sin-

1256 978 1341 1016 gulis
1355 978 1526 1009 hominibus
1538 987 1625 1008 suam
1647 986 1755 1008 navem
1773 985 1846 1007 esse.
1889 975 1955 1007 Sed

1258 1028 1325 1058 haec
1342 1032 1530 1068 praepostera
1551 1027 1721 1059 liberalitas
1741 1026 1818 1057 mihi
1840 1035 1955 1066 nequa·

1258 1089 1348 1119 quam
1370 1080 1480 1120 placet,
1504 1089 1597 1120 quare
1621 1082 1652 1110 et
1675 1078 1726 1108 hic
1749 1078 1954 1117 reponendum

1257 1139 1372 1169 censeo,
1395 1131 1508 1161 Naves
1525 1139 1657 1171 quoque
1676 1128 1770 1159 mille
1788 1128 1953 1158 ducentas

1257 1188 1397 1210 numero
1420 1179 1574 1210 habuisse
1587 1178 1722 1210 dicitur.
1758 1176 1953 1215 Facilisfuie

1255 1231 1296 1260 ad
1320 1239 1453 1261 errorem
1477 1230 1540 1269 via,
1565 1231 1628 1261 Sec.
1650 1237 1760 1270 neque
1776 1228 1864 1259 enim
1882 1237 1953 1259 om-

1256 1280 1324 1319 nia,
1346 1290 1421 1320 quae
1445 1284 1514 1310 tum
1534 1278 1736 1319 juveniliter
1754 1276 1870 1318 effudi,
1896 1277 1953 1310 hie

1255 1328 1443 1370 repetenda
1459 1334 1549 1368 suut,
1571 1329 1628 1359 ubi
1652 1329 1735 1358 satis
1757 1327 1866 1358 habeo
1882 1336 1952 1358 me-

1256 1388 1312 1409 um
1334 1379 1414 1409 mihi
1435 1378 1637 1409 adseruisse.
1660 1378 1749 1409 Mod.
1795 1377 1874 1408 Non
1890 1376 1951 1408 du-

1256 1430 1362 1461 bitavi
1391 1430 1545 1470 recipere
1572 1430 1606 1460 in
1632 1434 1766 1461 textum
1790 1428 1950 1460 emenda-

1255 1480 1383 1511 tionem
1413 1479 1494 1519 loci‚
1516 1479 1646 1521 pridem
1674 1489 1694 1509 a.
1718 1479 1756 1510 F.
1786 1479 1879 1510 Mod.
1907 1478 1950 1510 ad

1256 1530 1350 1561 Curt.
1367 1539 1401 1560 v.
1418 1533 1449 1561 7.
1466 1532 1496 1561 8.
1519 1529 1738 1570 propositam,
1760 1528 1950 1569 praesertim

1255 1581 1476 1621 approbatam
1503 1580 1605 1611 etiam
1631 1588 1650 1610 a
1675 1579 1786 1619 Boug.
1811 1583 1847 1610 et
1870 1587 1950 1610 con-

1255 1637 1433 1671 gruentem
1460 1640 1535 1662 cum
1557 1629 1687 1662 Herod.
1702 1628 1807 1661 Diod.
1822 1625 1950 1668 Probo,

1254 1681 1423 1721 Isocrate,
1438 1681 1537 1712 Oros.
1561 1681 1617 1722 qui
1641 1685 1752 1711 tamen
1777 1679 1951 1710 oneraria-

1254 1741 1326 1762 rum
1343 1742 1370 1762 s.
1396 1731 1609 1772 τριηκοννόρων
1636 1730 1764 1762 addunt
1786 1732 1882 1761 3000.
1913 1734 1949 1760 et

1254 1781 1440 1821 ἱππα-γώγων
1454 1785 1527 1814 850.
1571 1782 1619 1812 Ut
1642 1781 1700 1811 ille
1721 1779 1874 1820 superior
1887 1787 1947 1809 nu-

1253 1842 1363 1863 merus
1379 1834 1423 1864 sit
1445 1832 1644 1870 triremium,
1669 1841 1694 1862 s,
1710 1835 1947 1868 rostratarum,

1253 1888 1292 1913 ut
1308 1884 1409 1914 Oros.
1431 1888 1548 1914 vocat.
1593 1881 1680 1913 Edd.
1701 1881 1865 1912 hactenus
1890 1879 1949 1910 ha-

1252 1931 1419 1964 buerunt:
1453 1933 1558 1963 Nuces
1584 1932 1683 1963 decies
1703 1934 1826 1962 centum
1848 1929 1948 1960 millia

1251 1993 1385 2015 nurnero.
1428 1983 1484 2014 Ita
1506 1992 1554 2015 sc.
1569 1982 1708 2022 siugulis
1723 1979 1913 2012 hominibus
1927 1989 1947 2010 e

1251 2033 1375 2064 Xerxis
1388 2033 1543 2064 exercitu
1555 2032 1694 2073 siugulae
1710 2040 1814 2063 naves
1825 2040 1946 2062 evene-

1250 2083 1330 2114 rint.
1376 2083 1476 2116 Quod
1507 2092 1657 2114 asserere
1683 2091 1747 2113 nec
1773 2081 1947 2114 Graeculo-

1250 2143 1322 2164 rum
1349 2133 1658 2174 impudentissimus
1679 2132 1821 2174 quisque
1845 2133 1945 2164 susti·

1248 2184 1333 2215 nuit.
1359 2184 1455 2216 Bern.

1292 2234 1308 2273 ξ
1325 2236 1364 2264 21
1382 2234 1469 2265 Huic
1483 2237 1569 2265 tanto
1584 2233 1714 2274 agmini,
1725 2233 1795 2274 dra]
1812 2234 1859 2266 Ut
1873 2233 1944 2266 An-

1248 2283 1405 2316 tiocheno
1435 2285 1602 2316 exercitui
1632 2295 1686 2325 ap.
1724 2285 1811 2316 Flor.
1840 2293 1881 2316 11.
1911 2287 1942 2316 8.

1247 2345 1346 2376 quem
1369 2336 1472 2367 etiam
1499 2337 1576 2368 huic
1601 2341 1775 2377 comparat
1799 2336 1882 2368 ibid.
1910 2345 1943 2367 n.

1251 2390 1300 2417 lo.
1327 2388 1376 2419 Id.

1291 2439 1328 2469 Si
1343 2449 1445 2478 regern
1459 2438 1591 2479 spectes]
1613 2439 1707 2470 Vitia
1717 2438 1843 2470 Xerxis
1856 2447 1943 2479 prae-

1247 2494 1394 2528 posterae
1412 2489 1509 2519 Darii
1535 2489 1642 2529 patris
1664 2487 1857 2520 educationi
1882 2487 1941 2519 ad-

1247 2538 1364 2569 scribit
1380 2539 1481 2570 Plato
1498 2547 1563 2569 vu.
1580 2538 1622 2569 de
1635 2539 1717 2579 Leg.
1742 2538 1792 2569 Id.

1289 2589 1363 2628 §22
1388 2589 1471 2628 Opes
1493 2592 1595 2619 tamen
1618 2587 1730 2627 regiae]
1753 2587 1794 2618 In
1810 2588 1877 2620 Ms.
1894 2588 1941 2620 le·

1246 2638 1347 2678 gitur,
1358 2641 1498 2678 optamen
1513 2637 1598 2677 regis
1607 2641 1807 2678 superessent.
1846 2638 1938 2669 Puto

1245 2697 1357 2718 veram
1384 2688 1461 2719 lect.
1481 2697 1569 2727 esse,
1593 2697 1663 2728 opes
1674 2690 1776 2718 tamen
1790 2688 1859 2727 regi
1872 2697 1938 2728 sup.

1243 2738 1331 2769 Nam
1352 2738 1419 2777 regi
1441 2738 1560 2768 melius
1582 2737 1766 2778 respondet
1788 2738 1938 2778 praeced.

1243 2790 1251 2804 ‘
1282 2788 1308 2818 si
1342 2797 1456 2829 regem
1495 2788 1655 2830 spectes,'
1694 2797 1793 2829 quam
1829 2791 1936 2829 regiae.

500 2836 614 2867 cissimi
636 2838 717 2868 inter
734 2840 859 2871 Groecos
879 2844 962 2880 sunt,
984 2851 1144 2882 numquam
1158 2853 1192 2873 eo
1239 2838 1351 2870 Schef.

500 2888 694 2927 impudcnlioe
705 2891 917 2932 processerint,
939 2895 971 2923 ut
989 2892 1072 2923 mille
1082 2893 1192 2925 ‹lucen-

1285 2890 1358 2929 §23
1382 2889 1462 2930 Ipse,
1487 2887 1557 2929 liza]
1590 2888 1716 2921 Contra
1742 2888 1784 2920 de
1815 2888 1935 2922 Ateslo
