2101 3419
752 321 804 351 IN
838 319 1111 352 JUSTINUM.

257 415 400 448 Sufficere
415 415 487 457 (pro
504 416 685 448 substituere
700 417 730 448 in
747 417 847 449 locum
863 417 906 448 al-

214 459 318 496 terius,
344 459 473 500 eligere)
509 459 569 495 xxi,
596 463 627 496 1,
655 463 683 491 l.
706 461 777 497 xxii,
798 464 828 496 1.
856 464 907 492 12.

211 501 293 537 xxix,
326 505 356 537 l,
382 505 403 533 6
439 501 577 532 Freinsh.
614 502 749 533 sufficere
779 503 810 533 in
838 503 908 533 loca

212 553 328 580 eorum,
344 544 456 584 quibus
480 554 605 584 regnum
628 545 787 581 ademeris,
810 555 907 575 novos

211 595 296 625 reges
319 586 360 621 xi,
379 589 430 622 10,
446 589 465 617 7
498 586 634 617 sufficere
659 588 722 617 urbi
745 588 905 617 abundan-

211 627 284 657 tiam
299 638 396 658 rerum
412 628 485 669 (pro
500 629 715 668 suppeditare)
743 629 814 665 xliv,
839 633 868 665 l,
885 632 905 660 4

209 670 357 700 suffectus
383 670 475 702 alicui
499 671 576 712 (hoc
597 676 654 708 est,
678 652 904 707 subordinatus,

208 712 242 741 in
271 712 373 743 locum
396 712 519 743 alterius
549 712 684 755 electus)
716 718 794 751 V,6,
811 717 840 745 1.
862 714 903 751 xi,

210 756 262 790 10,
278 757 297 785 7
322 754 426 785 Vorst.

251 796 398 837 Suffigere
413 796 551 837 patibulo
574 797 645 833 xxii,
658 800 691 833 7,
705 800 736 828 8.
758 809 826 834 xxx,
838 800 870 834 2,
883 801 902 829 7

208 838 331 878 suffigi
323 849 355 868 111
371 849 492 869 crucem
513 839 597 874 xviii,
611 842 643 876 7,
657 843 696 871 15

251 880 426 911 Suffocatus
448 881 489 917 iv,
506 884 537 916 l,
555 884 593 912 15

247 923 440 972 Suffragium·
456 923 479 959 i,
495 926 547 958 10,
572 926 612 955 21
635 923 730 955 tacita
757 924 904 965 suffragia

206 964 278 1000 xxii,
292 968 323 1001 3,
339 968 371 996 6.
393 965 466 1001 xxii,
478 968 510 1002 7,
522 968 563 996 10

249 1006 410 1048 Sugambri
424 1007 588 1038 vincuntur
599 1007 638 1038 ab
648 1006 826 1038 Alexandro
850 1008 902 1045 xii,

205 1051 238 1086 9,
255 1052 274 1080 3

249 1090 303 1122 Sui
317 1102 324 1121 :
338 1101 397 1122 nec
411 1091 472 1121 suis
487 1091 626 1132 pepercit
646 1092 695 1132 (id
715 1096 772 1128 est,
788 1102 902 1132 cogna-

205 1131 262 1174 tis)
284 1134 325 1169 xi,
340 1138 372 1169 5,
388 1136 408 1164 2
444 1134 608 1164 comitibus
637 1135 698 1164 suis
723 1145 902 1174 responsum

204 1176 278 1216 (pro
306 1175 406 1216 illius)
429 1176 470 1211 xi,
487 1179 539 1212 11,
555 1178 594 1207 11
617 1177 823 1216 (reciprocum
847 1187 901 1216 pro

203 1218 403 1248 demonstrat.
429 1218 511 1248 Vide
527 1228 595 1258 cap.
608 1223 638 1249 5.
655 1219 708 1248 lib.
720 1219 759 1249 de
774 1219 900 1250 Latinit.

202 1260 226 1290 f.
252 1259 354 1300 susp.)
370 1260 473 1290 Vorst.
494 1260 533 1289 ad
558 1270 627 1290 suos
639 1261 688 1301 (id
712 1266 770 1296 est,
783 1260 900 1300 socios)

202 1302 306 1338 xxxiii,
330 1305 362 1338 2,
388 1305 408 1333 4
432 1303 471 1332 ad
498 1313 552 1332 sua
577 1302 775 1333 defendenda
796 1303 900 1339 xxviii,

201 1348 234 1382 2,
250 1347 281 1376 7.
296 1344 360 1380 xlii,
374 1347 430 1379 1,1

244 1386 338 1417 Sulco
353 1396 488 1427 quaerere
502 1386 654 1417 frumenta
677 1387 750 1423 xliv,
767 1389 800 1423 4,
817 1390 856 1419 ll

245 1429 450 1469 Sulphureum
466 1428 564 1459 solum
578 1429 714 1459 Siculum
738 1430 780 1465 iV,
792 1433 823 1466 1,
836 1432 855 1460 3

243 1470 398 1512 Sulpicius
409 1471 516 1502 consul
525 1476 631 1502 contra
640 1472 786 1502 Perseum
796 1471 900 1509 xxxiii,

243 1556 370 1586 Sumere
381 1565 463 1585 arma
476 1554 510 1591 ii,
525 1557 557 1592 4,
573 1558 593 1587 4
609 1565 747 1591 coronas,
761 1565 900 1596 unguen-

200 1603 234 1628 ta
254 1597 373 1634 ix,4,1
408 1608 525 1628 sumere
551 1603 666 1627 vestem
691 1598 814 1638 longam
844 1598 898 1635 xii,

201 1643 234 1677 3,
259 1644 281 1672 9
303 1640 376 1682 (pro
405 1650 467 1681 quo
482 1640 576 1680 paulo
599 1645 670 1670 ante
694 1644 703 1657 ‘
717 1640 897 1681 assumere’)

199 1682 304 1713 Vorst.
332 1692 449 1713 sumere
464 1683 565 1713 cibum
580 1682 632 1717 xii,
647 1685 677 1718 8,
691 1685 712 1713 6
735 1682 897 1712 consilium

199 1736 238 1755 ex
253 1725 356 1765 aliqua
369 1735 401 1755 re
424 1725 485 1761 xiV,
503 1727 533 1760 1,
549 1727 568 1755 3
591 1729 707 1754 vestem
736 1725 896 1764 lugubrem

198 1767 260 1803 xiV,
277 1770 308 1803 6,
323 1770 344 1798 6
365 1767 498 1807 spatium
512 1766 601 1796 trium
617 1767 763 1797 mensium
788 1767 819 1797 in
840 1767 897 1797 ali·

199 1810 274 1850 quid
298 1809 382 1844 xviii,
397 1812 429 1845 6,
451 1813 471 1840 6
503 1809 535 1838 in
561 1819 668 1839 manus
693 1809 787 1839 altare
814 1810 895 1846 xxiv,

197 1855 230 1887 2,
247 1855 267 1883 8
289 1851 405 1881 Virilem
420 1851 580 1882 audaciam
601 1851 693 1887 xxvii,
708 1854 739 1887 2,
755 1854 774 1882 7
804 1862 896 1882 vene-

199 1904 275 1924 num
297 1893 388 1929 xxxii,
402 1895 435 1928 4,
452 1896 472 1924 8

240 1937 366 1966 Summa
380 1935 452 1965 belli
469 1936 545 1976 (hoc
571 1940 629 1970 est,
650 1945 800 1965 summum
820 1935 894 1965 belli

198 1977 371 2018 arbitrium)
393 1979 415 2014 i,
430 1981 462 2014 6,
478 1981 508 2009 8.
530 1977 594 2013 xiii,
609 1980 642 2012 6,
660 1980 700 2008 10
729 1977 761 2006 in
777 1987 894 2007 summa

197 2021 271 2060 (pro
302 2020 471 2060 postremo)
506 2019 569 2055 xiii,
586 2022 617 2055 8,
633 2022 663 2049 8.
697 2019 808 2055 xxxvii,
826 2023 856 2055 1,
872 2022 892 2050 8

195 2063 331 2093 Freinsh.
376 2072 493 2092 summa
514 2061 693 2091 auxiliorum
721 2066 769 2091 tot
797 2062 893 2092 millia

197 2105 336 2146 peditum
359 2104 444 2135 fuere
475 2105 516 2140 ix,
533 2107 564 2139 5,
580 2107 600 2134 6
637 2114 754 2134 summa
777 2114 891 2144 propo-

197 2147 323 2178 sitorum
359 2146 489 2188 alicujus
521 2146 662 2177 consistit
682 2146 716 2176 in
744 2156 782 2176 eo
828 2146 890 2183 xiv,

195 2192 228 2226 4,
244 2193 263 2220 5

240 2231 434 2261 Summittere
448 2230 573 2260 barbam
588 2230 665 2270 (hoc
680 2234 738 2266 est,
764 2230 891 2270 promit-

196 2272 277 2313 tere)
301 2273 399 2308 xxxvi,
412 2275 444 2308 4,
456 2276 476 2303 2
501 2272 635 2302 Freinsh.
659 2272 845 2303 summittere
858 2283 891 2303 se

195 2315 288 2345 alicui
309 2314 374 2350 xiii,
389 2317 421 2350 2,
435 2317 453 2345 3

238 2357 435 2387 Summovere
463 2355 543 2385 bella
570 2355 634 2396 (est
656 2355 742 2385 illata
769 2359 890 2385 tantum

192 2397 373 2438 reprimere)
386 2398 418 2434 ii,
429 2400 461 2433 4,
472 2400 504 2428 4.
521 2397 573 2432 vii,
586 2401 617 2432 6,
633 2400 670 2428 13
686 2397 804 2427 hostem
816 2397 890 2433 11,3,

193 2443 224 2471 2.
238 2441 355 2476 ix,3‚6.
367 2440 448 2475 ΧΧ1Χ,
463 2442 492 2474 1,
505 2442 542 2470 11
555 2439 655 2478 (idem
665 2450 672 2469 :
684 2439 818 2479 explicat
831 2440 890 2469 hoc

195 2482 303 2512 Florus
325 2483 366 2517 iv,
384 2485 436 2516 12.
458 2481 517 2520 25)
540 2481 676 2510 Freinsh.
699 2491 888 2511 summovere

193 2525 327 2565 aliquem
353 2525 392 2554 ab
417 2523 547 2564 Scythia
571 2523 652 2563 turpi
677 2523 749 2563 fuga
772 2523 804 2558 ii,
821 2525 852 2558 3,
868 2526 888 2554 2

194 2577 382 2597 summovere
397 2567 514 2596 hostem
530 2566 641 2605 pretio,
657 2575 719 2594 non
735 2565 824 2594 armis
848 2565 888 2601 Vi,

197 2611 226 2644 1,
239 2612 261 2641 6
282 2610 400 2639 hostem
413 2618 431 2638 a
446 2607 536 2638 muris
551 2607 605 2643 xii,
617 2610 669 2644 10,
684 2610 704 2639 2
727 2607 859 2637 latrones
871 2617 890 2637 a

193 2651 301 2691 rapina
317 2660 460 2691 pecorum
476 2649 551 2685 xliii,
565 2652 597 2685 2,
613 2652 634 2681 9

237 2694 379 2723 Summus
409 2691 610 2732 philosophus
646 2691 698 2727 vii,
714 2694 746 2727 5,
769 2693 787 2722 3
817 2701 887 2722 curn

196 2745 313 2765 summo
329 2735 432 2764 labore
454 2734 553 2770 Χ11,7,
570 2737 609 2765 13
635 2744 785 2763 summum
812 2733 888 2763 civi-

193 2777 265 2807 tatis
279 2776 433 2817 fastigium
457 2776 539 2812 xviii,
555 2779 587 2812 3,
603 2778 642 2806 12
679 2775 797 2815 imperii
826 2775 888 2805 fas-

144 2844 147 2846 .
195 2819 303 2860 tigium
337 2819 389 2855 xli,
404 2821 470 2854 6,2
508 2818 668 2858 imperium
701 2818 762 2856 xvi,
788 2820 821 2854 4,
846 2820 887 2848 16

281 2872 394 2913 Delph.
409 2874 440 2902 et
459 2871 529 2903 Var.
547 2872 631 2903 Clas.

1513 308 1651 350 cxxxi

959 426 1108 446 summum
1123 425 1270 447 cacumen
1294 414 1325 451 ii,
1344 418 1394 452 11,
1412 418 1430 446 5
1464 425 1581 445 summa
1607 426 1653 448 res

955 459 1027 498 (pro
1036 469 1153 489 summa
1164 458 1298 499 imperii)
1312 471 1318 487 z
1331 468 1455 488 summae
1465 458 1507 488 rei
1519 458 1652 499 aliquem

954 511 1133 541 praeponere
1168 502 1209 537 vi,
1227 504 1258 537 2,
1286 503 1305 532 4
1338 501 1405 540 (Sic
1429 500 1559 540 Nepos:
1585 506 1594 519 ‘
1612 501 1651 531 de

953 543 1077 573 summis
1093 544 1180 573 rebus
1196 543 1351 573 dimicare’
1374 543 1457 578 xviii,
1473 546 1524 574 10.
1547 553 1602 583 pro
1613 544 1652 574 de

953 595 1071 615 summa
1086 596 1194 621 rerum,
1220 586 1259 615 de
1284 595 1401 615 summa
1427 585 1568 624 imperii;
1596 586 1651 615 ad-

950 626 1099 666 jectivum
1115 628 1180 657 scil.
1197 638 1251 668 pro
1267 629 1416 657 substant.
1439 627 1520 657 Vide
1536 632 1567 657 et
1580 627 1650 657 ind.

953 668 1055 710 Nep.)
1082 669 1183 700 Vorst.
1213 670 1322 700 summi
1350 670 1548 718 imperatores
1574 671 1651 709 (hoe

951 716 1008 746 est,
1036 711 1298 750 excellentissimi)
1321 712 1433 746 xxxvii,
1463 715 1493 746 1,
1524 714 1543 742 8
1583 712 1649 750 (Ita

951 757 1108 784 ‘summus
1124 754 1262 795 auguri0‚
1266 754 1372 794 'apud
1385 753 1544 790 Florumi,
1568 757 1599 789 5,
1613 755 1650 795 2)

949 794 1089 826 Freinsh.

993 838 1116 868 Sumtus
1141 838 1212 878 (pro
1242 836 1410 877 alimentis)
1443 836 1546 872 xxxiii,
1571 840 1602 873 1,
1631 840 1649 868 3

950 880 1100 910 sumtibus
1114 881 1289 920 nuptiarum
1306 880 1430 910 decreto
1456 879 1650 919 Carthagini-

950 923 1069 952 ensium
1085 927 1215 953 statutus
1231 923 1340 952 modus
1363 922 1425 958 xxi,
1440 924 1473 957 4,
1490 926 1508 952 5
1532 927 1649 951 sumtus

951 964 1024 994 belli
1048 976 1076 1000 V,
1098 968 1126 1001 1,
1141 969 1161 996 7
1186 965 1355 1005 praedarum
1371 964 1420 1006 (id
1445 969 1502 1000 est,
1517 974 1555 993 ex
1571 974 1650 1003 prae-

950 1007 1015 1046 dis)
1031 1012 1147 1037 sumtus
1163 1007 1204 1044 vi,
1215 1011 1246 1043 5,
1258 1010 1278 1038 9
1301 1006 1404 1036 Vorst.
1428 1011 1546 1036 sumtus
1562 1006 1650 1036 deest

950 1049 1050 1079 funeri
1072 1050 1113 1086 vi,
1129 1052 1160 1086 8,
1175 1053 1196 1080 6
1219 1054 1352 1079 sumtum
1370 1049 1429 1078 viae
1457 1049 1529 1079 dare
1556 1048 1650 1079 alicui

949 1091 991 1127 ix,
1007 1094 1038 1130 2,
1053 1094 1074 1122 6

993 1134 1140 1164 Suniatus
1157 1133 1417 1175 Carthaginiensis
1443 1132 1550 1173 patriae
1576 1143 1648 1174 pro-

949 1174 1032 1205 ditor
1053 1179 1149 1212 xx,5,
1167 1179 1206 1207 12

992 1219 1091 1258 Super
1105 1218 1171 1247 haec
1185 1219 1267 1258 (pro,
1284 1222 1393 1258 praeter
1404 1215 1519 1257 haec)
1510 1227 1552 1252 lv,
1567 1219 1599 1253 5,
1615 1219 1647 1248 2.

948 1258 990 1295 ix,
1007 1263 1038 1295 4,
1056 1264 1073 1291 5
1098 1260 1235 1291 Freinsh.
1261 1270 1352 1300 super
1370 1270 1490 1290 amnem
1514 1260 1647 1289 condere

949 1302 1054 1332 urbem
1076 1302 1128 1338 xii,
1144 1307 1175 1337 5,
1193 1306 1232 1334 12
1255 1313 1346 1342 super
1371 1311 1467 1342 equos
1493 1301 1547 1338 ire,
1574 1312 1648 1331 con-

948 1343 1064 1380 sistere,
1080 1345 1217 1380 mercari,
1233 1345 1367 1385 colloqui
1390 1344 1443 1380 xli,
1460 1347 1491 1379 3,
1506 1347 1526 1375 4

991 1387 1141 1427 Superare
1155 1386 1301 1417 invidiam
1317 1386 1522 1427 amplitudine
1546 1395 1646 1416 rerum

948 1433 1100 1468 gestarum
1122 1429 1143 1464 i,
1159 1432 1190 1465 2,
1208 1433 1225 1460 5
1250 1429 1385 1470 superari
1401 1428 1586 1468 argumentis
1611 1428 1645 1463 ii,

949 1473 979 1505 1,
1005 1473 1044 1501 21
1080 1476 1262 1512 superantur
1289 1472 1365 1502 culti
1391 1481 1489 1500 mores
1518 1470 1644 1500 incultae

948 1512 1094 1543 barbariae
1121 1514 1285 1544 collatione
1317 1513 1351 1550 ii,
1375 1517 1407 1548 2,
1433 1516 1473 1544 14
1508 1513 1645 1553 superari

948 1555 1106 1585 beneficiis
1130 1557 1168 1586 ab
1193 1557 1280 1586 hoste
1302 1556 1344 1592 xi,
1368 1558 1420 1591 12,
1448 1558 1467 1586 8
1501 1565 1644 1595 superare

948 1596 1091 1628 Herculis
1105 1603 1173 1628 acta
1187 1599 1238 1634 xii,
1254 1601 1286 1634 7,
1305 1601 1342 1629 13

990 1640 1127 1680 Superbe
1149 1640 1214 1677 viii,
1230 1644 1260 1676 1,
1277 1644 1308 1671 5.
1330 1639 1414 1676 xviii,
1427 1642 1459 1675 7,
1473 1641 1523 1670 12.
1538 1638 1643 1674 xxviii,

946 1684 978 1718 2,
996 1685 1012 1712 l
1037 1683 1167 1723 superbe
1182 1683 1407 1723 crudeliterque
1430 1682 1494 1716 xlii,
1508 1685 1537 1716 1,
1555 1684 1576 1712 4

988 1723 1136 1765 Superbia
1151 1725 1330 1755 Parthorum
1353 1724 1477 1760 xxxviii,
1492 1727 1544 1759 10,
1560 1727 1578 1753 5
1595 1733 1642 1753 se-

945 1771 1035 1796 natus
1050 1766 1167 1797 Athen.
1182 1778 1212 1802 V,
1229 1771 1260 1803 3,
1277 1771 1297 1798 6
1312 1766 1454 1807 superbia
1467 1766 1641 1806 principum

945 1808 1049 1838 odium
1066 1809 1145 1849 parit
1167 1810 1229 1847 xiii,
1243 1813 1274 1846 8,
1290 1813 1322 1841 2.
1345 1809 1447 1846 xxxvi,
1464 1812 1495 1845 l,
1509 1812 1525 1840 1
1553 1813 1584 1838 et
1609 1811 1640 1838 9.

943 1850 1045 1886 xxxix,
1062 1854 1092 1887 1,
1109 1854 1127 1882 3

986 1893 1141 1932 Superbus
1156 1893 1251 1923 hostis
1273 1904 1302 1929 V,
1319 1896 1351 1930 7,
1375 1896 1396 1924 9
1431 1892 1563 1933 superba
1591 1891 1640 1921 in-

943 1934 1074 1965 solentia
1084 1935 1184 1970 xxxix,
1198 1939 1229 1972 2,
1248 1939 1264 1966 1
1281 1937 1446 1977 superbum
1460 1944 1640 1975 responsum

941 1977 1053 2012 xxxvii,
1066 1981 1098 2013 4,
1113 1981 1143 2007 5.
1166 1977 1230 2013 xlii,
1247 1981 1276 2013 1,
1291 1981 1312 2009 2

984 2020 1148 2059 Superesse
1175 2020 1247 2059 (pro
1272 2018 1472 2064 superstitem
1491 2017 1574 2057 esse)
1604 2017 1638 2053 ii,

940 2063 1027 2096 6,11
1053 2067 1191 2102 superest
1206 2072 1283 2091 unus
1307 2061 1413 2092 sceleri
1435 2059 1565 2100 alicujus
1594 2060 1638 2095 iii,

942 2105 971 2138 1,
989 2107 1007 2134 5
1032 2114 1069 2133 eo
1094 2103 1200 2144 praelio
1224 2104 1375 2144 superfuit
1397 2102 1478 2133 solus
1501 2113 1530 2138 V,
1547 2105 1578 2137 6,
1598 2105 1637 2132 10

938 2155 1096 2185 superesse
1110 2146 1246 2176 caedibus
1261 2148 1345 2186 (pro,
1356 2155 1419 2174 non
1436 2155 1497 2174 una
1512 2145 1637 2174 obtrun-

940 2192 1042 2217 catum
1057 2187 1141 2228 esse)
1163 2188 1235 2223 xvii,
1253 2192 1282 2224 1,
1299 2192 1318 2219 7
1343 2188 1446 2218 Vorst.

981 2229 1165 2270 Supergredi
1180 2230 1348 2260 claritatem
1365 2233 1526 2269 parentum
1551 2237 1635 2267 mag·

939 2271 1082 2301 nitudine
1097 2272 1190 2301 animi
1213 2271 1277 2306 xlii,
1293 2275 1324 2307 2,
1341 2274 1371 2301 3.
1393 2271 1466 2305 xliv,
1482 2274 1513 2304 5,
1530 2272 1550 2300 6

981 2314 1125 2353 Superior
1137 2313 1280 2343 Afrorum
1291 2314 1412 2343 fortuna
1424 2313 1483 2341 fuit
1494 2311 1554 2346 xix,
1570 2314 1599 2346 1,
1614 2313 1634 2341 4

939 2361 1079 2385 conserto
1108 2355 1213 2395 praelio
1243 2365 1312 2385 cum
1352 2355 1488 2402 superior
1526 2352 1636 2382 fuisset

939 2407 970 2426 Χ.
969 2397 1022 2432 aiii,
1038 2400 1070 2436 3,
1086 2399 1106 2427 9
1136 2397 1282 2427 sauciiex
1298 2398 1451 2436 superiore
1466 2394 1636 2435 congressi·

939 2448 998 2468 one
1020 2439 1112 2475 xxvii,
1129 2442 1159 2474 3,
1176 2442 1196 2469 2
1232 2439 1394 2479 superioris
1422 2438 1520 2467 aetatis
1548 2446 1634 2476 reges

938 2491 1008 2515 xxV,
1023 2485 1054 2517 5,
1072 2484 1101 2512 3.
1124 2480 1237 2517 xxxvii,
1254 2485 1284 2516 l,
1298 2485 1317 2513 7
1341 2480 1501 2521 superioris
1515 2479 1634 2508 militiae

937 2521 1078 2562 injuriam
1094 2523 1216 2553 abolere
1241 2523 1305 2560 xlii,
1323 2526 1354 2559 3,
1372 2527 1388 2554 l

980 2564 1195 2613 Siipermittere
1209 2565 1300 2596 alicui
1313 2566 1384 2605 (pro
1396 2564 1520 2599 addere,
1531 2562 1632 2593 affun—

937 2607 1028 2645 dere)
1050 2607 1102 2642 xii,
1121 2610 1172 2643 14,
1188 2610 1209 2638 9
1231 2608 1366 2638 Freinsh.

981 2649 1140 2689 Superstes
1175 2649 1219 2685 ix,
1234 2653 1266 2687 7,
1285 2653 1324 2682 10
1359 2652 1511 2690 superstes
1541 2644 1633 2676 alicui

937 2691 1010 2726 xxii,
1026 2693 1113 2730 8,14

979 2713 1208 2772 Siiperstitionis
1231 2733 1276 2762 vis
1296 2733 1454 2769 111,2,10
1488 2728 1632 2771 supersti-

937 2775 1053 2804 tionem
1068 2775 1204 2805 incutere
1220 2776 1335 2815 populo
1358 2775 1398 2810 ix,
1415 2777 1446 2809 7,
1464 2777 1502 2804 11

981 2818 1182 2859 Supertegere
1197 2818 1355 2849 frondibus
1378 2816 1452 2852 xliii,
1468 2817 1536 2852 4,6

839 2870 910 2901 Iud.
925 2870 1011 2901 Just.
1529 2876 1546 2897 Τ
