2174 3424
562 384 756 415 JUSTlNi
791 384 885 414 [AB.

167 480 336 520 jecturam
345 478 444 517 hanc,
454 476 543 517 quod
557 477 590 507 in
605 480 720 507 vetere
732 485 866 517 quoque

177 529 270 560 Prol.
287 528 344 559 lib.
360 536 437 558 vm.
469 526 569 566 Trogi
586 526 712 556 mentio
730 525 770 556 fit
791 525 869 556 belli

177 578 267 619 quod
283 577 459 617 Philippus
484 585 559 607 cum
575 575 798 606 Chalcidoniis
811 585 870 606 seu

177 627 380 658 Chalcidicis
402 626 554 665 urbibus,
577 630 613 656 et
633 626 723 656 inter
739 629 871 656 ceteras

177 677 342 717 Olyntho,
367 676 520 715 gesserit.
561 675 665 707 Vorst.
715 675 871 706 Vocabu-

174 727 243 757 lum
259 731 468 766 corruptum,
490 735 552 766 pro
567 735 633 766 quo
652 725 816 756 Thraciam
837 728 873 755 et

178 777 394 808 Chersonesum
407 776 463 806 alii
475 775 694 813 substituunt,
709 774 768 805 sed
779 778 872 805 recte

177 837 197 858 a
221 827 264 858 cl.
281 826 394 857 Vorst.
414 825 627 856 refelluntur.
671 826 872 864 Quanquam

176 886 239 908 uec
255 877 391 916 placere
406 876 513 915 possit
531 875 665 913 Chalcis,
680 883 777 915 quam
800 873 872 914 ipse

177 935 252 958 cum
275 926 383 965 Bong.
406 924 597 963 substituit,
620 933 707 961 cum,
731 933 805 964 quae
830 923 873 954 de

179 975 330 1015 Olyntho
360 984 422 1014 pro
451 973 664 1004 firmamento
693 973 764 1014 huj.
795 974 872 1004 lect.

177 1025 329 1065 adducit,
340 1034 394 1065 ap.
410 1024 529 1055 Nostr.
542 1023 730 1064 prodantur
739 1023 873 1053 demum

177 1074 212 1106 in
224 1084 318 1116 seqq.
364 1075 471 1105 Locus
486 1074 541 1104 hic
557 1078 609 1104 est
621 1073 802 1104 emendata
818 1073 874 1103 ad-

179 1125 313 1156 modum
343 1123 499 1161 difficilis,
522 1123 601 1164 quia
627 1133 690 1154 nec
713 1123 877 1163 historiae,

178 1184 244 1206 nec
274 1174 350 1205 libri
378 1178 462 1205 vett.
488 1183 548 1204 nos
573 1174 715 1204 multum
741 1174 878 1214 juvant,

179 1229 340 1267 quantum
351 1225 515 1255 hactenus
528 1223 756 1264 cognovimus.
771 1222 876 1261 Scluf.

222 1276 240 1315 ς
253 1277 272 1306 7
288 1273 564 1314 Invidioefamam]
597 1272 667 1304 Aut
680 1273 878 1314 perfidioesa-

179 1334 261 1356 mam
277 1330 335 1355 aut
356 1324 506 1355 invidiam
520 1324 620 1360 sama:
636 1324 804 1355 scribend.
824 1324 878 1364 ju-

182 1374 273 1406 dicio
298 1372 535 1405 Freinshemii.
591 1374 648 1405 Sic
685 1374 694 1390 ‘
717 1374 878 1405 invidiam

183 1423 464 1454 obtrectationis’
495 1423 581 1454 dixit
610 1423 742 1455 Auctor
773 1422 877 1454 Praef.

183 1477 260 1506 n.6.
287 1474 417 1505 Bernec.
468 1474 697 1505 Freinshemio
713 1475 879 1505 assentior

182 1524 316 1564 legend.
332 1534 406 1555 esse
416 1523 688 1561 iuvidiamfamoe:
712 1524 879 1564 quomodo

183 1573 218 1604 in
245 1572 352 1603 Praef.
389 1573 572 1603 ‘invidiam
598 1573 880 1604 obtrectationis’

183 1626 296 1653 vocat.
318 1623 420 1654 Vorst.
442 1623 643 1663 Suspectum
656 1622 880 1654 habenthunc

184 1673 208 1704 l.
225 1672 285 1703 sed
301 1671 326 1703 f.
342 1673 413 1703 sine
436 1682 549 1712 cansa,
563 1682 638 1703 cum
649 1672 739 1710 fama
754 1673 882 1704 incidite

186 1722 293 1762 possit
309 1723 486 1762 explicari,
502 1721 592 1752 fama
607 1722 649 1752 de
662 1722 800 1761 invidia,
816 1732 882 1763 qua

184 1781 307 1811 nempe
318 1771 494 1802 dicebatur
503 1770 646 1811 flagrare
659 1781 712 1811 ap.
726 1772 882 1803 civitates

185 1830 310 1852 omnes.
343 1820 448 1859 Schef.
497 1821 623 1852 Merito
660 1822 882 1861 praestantiss.

184 1869 297 1901 Schef.
323 1870 406 1901 nihil
432 1875 550 1901 censet
574 1870 686 1901 invitis
708 1871 801 1901 libris
826 1880 882 1901 no-

185 1919 286 1951 vand.
319 1930 406 1951 esse.
464 1920 518 1951 Ad
549 1920 724 1951 abolendam
753 1921 882 1951 invidiae

178 1969 299 2008 sarnam
321 1974 385 2010 est,
407 1969 449 2000 ad
465 1969 589 2000 famam
614 1970 804 2001 odiosarum
829 1980 882 2001 re-

186 2030 272 2060 rum,
288 2030 369 2061 quas
393 2020 624 2051 commiserat:
653 2024 692 2051 ut
711 2020 745 2051 in
769 2029 835 2051 xn.
850 2023 881 2052 6.

185 2070 195 2086 ‘
213 2069 406 2110 Reputabat
422 2070 557 2109 deinde,
581 2073 740 2110 quantum
763 2069 797 2100 in
825 2079 882 2100 ex-

186 2120 294 2151 ercitu
317 2130 388 2160 suo,
416 2125 577 2161 quantum
611 2120 699 2160 apud
731 2120 883 2151 devictas

187 2175 304 2212 gentes
312 2171 499 2203 fabularum
507 2176 610 2213 atque
619 2172 769 2212 invidiae,
779 2182 883 2213 quan-

187 2225 257 2251 tum
273 2220 362 2261 apud
385 2226 521 2252 ceteros
546 2221 671 2252 amicos
696 2225 821 2252 metum
847 2226 883 2252 et

187 2270 298 2302 odium
313 2271 364 2301 sui
377 2270 531 2302 feceritz'
554 2271 563 2288 ‘
582 2275 744 2311 quantum
756 2270 884 2302 fabula-

187 2329 261 2351 rum
291 2325 393 2361 atque
430 2319 586 2351 invidiae’
622 2325 688 2359 est,
721 2324 883 2361 quantum

187 2369 376 2401 odiosorum
391 2379 592 2401 sermonum.
616 2370 721 2400 Groev.

229 2422 246 2461 ς
267 2424 286 2452 8
309 2422 353 2452 Et
359 2420 440 2458 sana
455 2425 485 2452 et
501 2421 627 2461 templa]
654 2420 757 2460 Angli
769 2424 798 2451 et
807 2420 884 2458 fora

187 2473 218 2502 et
233 2473 257 2501 t.
302 2470 434 2509 Lectio,
458 2479 534 2500 mea
560 2470 743 2508 sententia,
769 2470 884 2501 veriss.

188 2521 278 2552 Nam
301 2521 310 2537 ‘
328 2519 427 2550 fana’
440 2524 476 2551 et
497 2521 505 2536 ‘
522 2519 665 2559 templa'
681 2529 746 2550 non
761 2519 810 2550 sic
822 2519 885 2549 dif-

188 2568 315 2609 ferunt,
338 2573 378 2600 ut
405 2573 563 2610 tanquam
587 2569 622 2599 in
639 2568 779 2600 diversis
801 2569 884 2600 illud

188 2621 198 2637 ‘
215 2619 271 2651 et’
298 2619 457 2651 debuerit
471 2619 594 2659 repeti.
638 2619 750 2650 Aliter
772 2629 808 2650 se
830 2629 885 2651 res

189 2669 292 2700 habet
318 2679 393 2700 cum
424 2667 556 2699 ‘foris.’
602 2669 648 2699 Et
675 2668 742 2700 fuit
766 2669 883 2699 horum

190 2729 271 2751 cura
290 2729 408 2759 magna
424 2729 478 2760 ap.
511 2719 608 2750 Vett.
630 2719 725 2751 Suet.
747 2719 815 2751 Jul.
832 2722 884 2750 36.

190 2772 201 2788 ‘
223 2770 347 2800 Forum
383 2769 425 2800 de
462 2768 625 2799 manubiis
661 2769 886 2801 inchoavisti.’

191 2819 283 2851 Item
299 2819 387 2859 Aug.
400 2822 452 2851 29.
486 2820 495 2836 ‘
507 2818 652 2850 Publica
663 2828 769 2859 opera
782 2819 887 2859 pluri-

191 2878 246 2899 ma
257 2869 443 2900 exstruxit:
468 2867 576 2900 forum
589 2878 665 2900 cum
679 2869 752 2900 aede
766 2869 887 2900 Martis

194 2917 343 2949 Ultoris!
368 2918 473 2955 Schef.

278 2970 390 3010 Delph.
409 2975 435 3001 (Ἰ
455 2971 527 3002 Var.
545 2972 627 3002 (Vns.

851 2972 969 3004 ..frastim

917 384 1024 414 vni.
1056 385 1163 414 cAi‘.
1192 375 1231 415 3.
1534 373 1620 414 7:33

964 476 1175 516 Susceptores]
1198 475 1263 508 Qui
1277 479 1312 506 et
1327 476 1334 492 ‘
1350 474 1585 515 redemptores
1597 474 1619 512 3’

921 530 956 556 et
978 525 1010 555 in
1029 526 1065 557 L.
1088 526 1153 556 Un.
1172 525 1256 556 Cod.
1274 525 1316 555 ‹le
1331 525 1473 564 Monop.
1498 525 1507 542 ‘
1524 534 1620 563 ergo-

920 575 990 605 labi
1002 574 1010 587 '
1027 574 1197 605 dicuntur.
1232 575 1240 591 ‘
1256 574 1414 614 Magistri
1428 574 1620 604 Comacini’

922 634 994 654 esse
1011 623 1169 654 videntur
1184 624 1217 653 in
1235 624 1322 663 legg.
1339 623 1619 663 Longobardicis.

922 673 1000 704 Vid.
1023 674 1114 704 Plin.
1129 682 1260 703 xxxw.
1280 676 1331 703 15.
1346 675 1399 703 23.
1433 673 1619 704 Ber-neccer.

924 723 991 754 Ov.
1002 732 1052 753 Χι.
1070 723 1120 753 Μ.
1133 726 1204 753 200.
1228 723 1237 739 ‘
1251 723 1486 762 Susceptaque
1500 733 1622 763 magna

922 772 1037 803 labore
1052 773 1214 803 Crescere
1231 771 1384 803 difficili?
1422 772 1495 803 Vid.
1512 773 1623 804 Henr.

923 824 1035 854 Vales.
1062 823 1104 853 ad
1129 822 1239 853 Amm.
1267 822 1424 853 Marcell.
1452 831 1545 854 xvn.
1570 827 1622 854 11.

925 872 1062 903 Gronov.

966 922 984 961 ᾖ
1000 924 1020 952 9
1034 921 1330 964 Proficiscebantur]
1346 921 1448 962 Angli
1463 921 1624 961 profugie-

924 970 1009 1003 bant.
1055 971 1211 1002 Praefero
1238 972 1420 1012 vulgatam,
1442 971 1537 1011 cujus
1559 972 1622 1003 hoc

925 1021 1084 1052 existimo
1106 1031 1180 1052 esse
1205 1021 1361 1061 glossam.
1400 1020 1477 1053 Vid.
1506 1021 1624 1053 Nostr.

925 1080 959 1101 v.
973 1073 1004 1101 4.
1023 1073 1054 1102 8.
1078 1070 1182 1109 Schef.

967 1121 984 1160 ξ
1011 1123 1049 1151 10
1076 1120 1256 1161 Olynthios]
1283 1120 1360 1152 Vid.
1382 1124 1509 1161 praeter
1526 1121 1626 1153 Diod.

924 1180 999 1202 Χνῑ.
1016 1174 1069 1202 54.
1093 1172 1268 1203 Demosth.
1284 1172 1426 1212 Olynth.
1438 1176 1474 1202 et
1491 1171 1626 1202 Libanii

924 1221 1146 1262 Argumenta.
1169 1223 1327 1261 Bongars.

967 1273 985 1312 ᾗ
1011 1275 1048 1302 11
1079 1272 1192 1302 Urbem
1207 1272 1367 1312 antiquam
1384 1275 1413 1302 et
1428 1271 1558 1302 nobilem
1572 1281 1625 1302 ex-

923 1323 1052 1363 scindit]
1089 1323 1167 1354 Non
1191 1323 1326 1364 quidem
1344 1323 1376 1353 vi
1393 1326 1542 1362 captam,
1566 1322 1625 1353 sed

924 1373 1096 1403 venditam
1114 1376 1147 1403 et
1161 1373 1332 1413 proditam
1347 1372 1408 1403 sibi
1423 1382 1440 1403 a
1456 1372 1627 1402 Lasthene

925 1422 1039 1453 nescio
1056 1432 1134 1463 quo.
1179 1422 1258 1453 vid.
1273 1423 1365 1453 Serv.
1378 1422 1418 1453 ad
1434 1423 1492 1453 illa
1504 1422 1627 1462 Virgil.

926 1481 976 1503 Vl.
1014 1472 1088 1503 AEn.
1116 1475 1191 1503 621.
1245 1472 1255 1488 ‘
1272 1472 1439 1503 Vendidit
1466 1472 1520 1502 hic
1547 1480 1628 1502 auro

927 1522 1084 1562 patriam,
1099 1521 1340 1562 dominumque
1363 1526 1537 1561 potentem
1560 1521 1628 1552 Im-

930 1570 1063 1610 posuit!
1096 1572 1183 1601 Mod.
1228 1570 1328 1601 Diod.
1344 1580 1418 1602 XVI.
1441 1573 1492 1601 54.
1517 1571 1629 1610 prodi-

928 1626 996 1651 tam
1027 1631 1047 1651 a
1075 1621 1245 1651 Lasthene
1270 1625 1305 1652 et
1333 1621 1545 1661 Euthycrate
1568 1621 1628 1653 ait.

928 1671 1028 1701 Unde
1064 1671 1073 1687 ‘
1101 1670 1243 1701 callidus
1289 1675 1423 1710 emptor
1460 1669 1605 1709 Olynthi
1619 1670 1628 1683 '

929 1722 1108 1762 Philippus
1125 1722 1237 1752 dictus
1249 1721 1329 1752 Juv.
1347 1729 1414 1752 xil.
1431 1723 1484 1751 47.
1510 1721 1608 1751 Rern.

973 1773 990 1812 ξ
1017 1775 1056 1802 12
1088 1773 1187 1807 Quasi
1201 1771 1396 1811 omni11,8)·c.]
1433 1771 1555 1801 Vienn.
1573 1770 1629 1802 ed.

932 1821 1099 1853 Camertis
1115 1822 1213 1861 quasi,
1227 1832 1295 1861 quoe
1310 1822 1390 1860 agit.
1406 1822 1520 1852 omnia.
1553 1821 1607 1852 Id.

971 1871 1152 1902 Aurariaz'n
1168 1871 1338 1911 Thessalia]
1361 1871 1461 1902 Circa
1473 1870 1630 1910 Pydnam

930 1919 1034 1951 fuisse
1065 1919 1196 1961 χρύσεια
1231 1919 1387 1959 μέταλλα,
1423 1923 1544 1950 auctor
1577 1924 1631 1950 est

930 1971 1034 2002 Diod.
1051 1980 1125 2002 Χνι.
1148 1974 1178 2002 8.
1201 1980 1219 2001 e
1237 1971 1356 2012 quibus
1376 1970 1556 2010 Philippus
1573 1979 1630 2001 an-

930 2031 998 2052 nua
1013 2023 1141 2053 talenta
1156 2022 1206 2052 M.
1222 2021 1416 2061 colligebat.
1461 2021 1516 2051 De
1533 2020 1571 2051 iis
1594 2025 1631 2051 et

931 2072 1076 2103 Gemist.
1098 2072 1258 2110 Bongars.
1304 2071 1390 2101 Mss.
1416 2070 1485 2101 auri
1509 2070 1543 2100 in
1573 2070 1629 2101 Th.

932 2122 1011 2152 Non
1044 2122 1184 2152 multum
1219 2130 1379 2161 pugnem,
1414 2124 1491 2151 utro
1529 2119 1629 2151 modo

930 2171 1033 2211 legas.
1058 2171 1147 2202 Mod.
1193 2171 1352 2201 Ceterum
1366 2169 1543 2201 confirmat
1556 2171 1631 2200 Μο-

931 2220 1005 2251 dius
1029 2230 1101 2251 esse
1121 2220 1156 2251 in
1181 2221 1249 2251 suis
1271 2221 1356 2251 Mss.
1372 2220 1443 2250 auri
1464 2219 1497 2250 in
1516 2219 1571 2249 Th.
1592 2223 1632 2250 ut

932 2271 1087 2310 sequenti
1117 2270 1322 2310 respondeat
1352 2271 1362 2286 ‘
1380 2270 1512 2310 argenti
1524 2269 1542 2307 ;'
1577 2279 1631 2299 me

931 2319 1066 2361 quidem
1092 2320 1223 2360 judice,
1249 2319 1387 2350 rectius.
1431 2320 1630 2360 Quanquam

930 2371 939 2387 ‘
969 2370 1104 2400 auraria
1137 2369 1293 2400 metalla'
1343 2368 1432 2399 dixit
1469 2373 1505 2399 et
1542 2369 1630 2401 Plin.

932 2429 1079 2452 xxxvn.
1095 2423 1147 2451 12.
1166 2424 1196 2451 1.
1224 2424 1258 2450 et
1281 2421 1289 2437 ⁴
1309 2420 1502 2459 argentaria
1525 2418 1631 2450 ferra-

932 2471 1046 2512 riaque
1061 2470 1069 2484 ’
1092 2471 1165 2502 Liv.
1182 2479 1310 2500 xxxiv.
1323 2473 1376 2500 21.
1392 2472 1424 2500 6.
1448 2470 1630 2501 Berneccer.

933 2521 942 2537 ‘
961 2519 1104 2550 Auraria
1130 2519 1286 2550 metalla'
1313 2520 1415 2550 etiam
1436 2519 1522 2549 dixit
1542 2520 1631 2550 Plin.

933 2579 999 2601 vu.
1023 2570 1067 2601 N.
1083 2570 1129 2601 H.
1141 2573 1193 2601 57.
1217 2570 1310 2600 Hinc
1325 2573 1438 2600 autem
1454 2569 1631 2609 Philippus

934 2619 999 2650 sibi
1015 2629 1165 2650 nummos
1181 2619 1360 2659 percussit,
1372 2628 1454 2659 quos
1477 2621 1485 2635 ‘
1504 2618 1632 2659 Philip-

934 2669 1016 2709 pos’
1042 2674 1153 2709 vocat,
1167 2669 1280 2700 Plaut.
1313 2669 1409 2700 Poen.
1427 2678 1450 2700 1.
1473 2671 1502 2699 1.
1520 2671 1573 2699 38.
1596 2673 1633 2700 et

934 2728 991 2750 111.
1007 2723 1038 2750 5.
1054 2722 1107 2749 26.
1134 2719 1293 2749 Ceterum
1307 2718 1408 2749 etiam
1422 2718 1596 2748 Bellonius
1608 2728 1632 2748 1.

935 2769 1118 2800 observat.
1133 2772 1185 2801 50.
1208 2773 1355 2799 testatur
1366 2769 1550 2799 Turcarum
1566 2769 1632 2800 Im-

935 2824 1142 2860 peratorem,
1176 2819 1331 2850 deductis
1368 2827 1546 2858 operarum
1573 2819 1633 2850 im-

936 2869 1060 2909 pensis,
1081 2869 1158 2899 hinc
1181 2868 1360 2909 quotannis
1384 2868 1495 2898 decies
1521 2870 1631 2900 octies

937 2919 984 2950 M.
996 2919 1150 2959 ducatos,
1164 2927 1400 2960 nonnunquam
1412 2921 1463 2949 30.
1481 2918 1528 2949 M.
1546 2920 1633 2951 acci-

1474 2973 1490 3000 3
1516 2971 1543 3000 B
