2174 3424
490 323 575 364 844

492 426 665 466 scripserit
688 427 781 459 Just.
804 428 911 462 Sedes.
956 430 1005 462 Ut
1030 431 1184 472 superius

491 478 501 494 ‘
518 476 573 507 Ad
591 487 691 509 novas
708 479 806 510 sedes
829 482 1027 521 quaerendas
1039 482 1060 513 :'
1085 488 1121 515 et
1137 484 1184 515 sic

492 525 690 568 frequenter
706 529 738 559 iu
756 531 828 561 aliis
846 532 940 562 locis.
966 531 1074 563 Groev.

535 578 552 618 ᾧ
579 581 619 608 21
652 579 783 619 Pithon]
820 581 969 611 Mediam
999 581 1030 612 ei
1060 582 1187 622 datam,

494 629 594 660 Diod.
626 638 734 661 xvm.
759 633 811 661 39.
839 637 876 662 et
903 632 998 664 Curt.
1023 641 1058 663 x.
1083 637 1133 665 10.
1156 637 1187 666 7.

492 683 650 710 auctores
666 686 755 711 sunt.
779 681 883 721 Bong.

537 730 764 770 Parapomenos
788 732 873 773 fines
910 734 1039 765 Caucasi
1077 736 1191 766 montis

493 781 665 813 Axiarthes
688 783 820 824 accepit]
844 784 922 816 Vid.
948 795 1025 817 nutu
1053 787 1188 827 legend.

494 833 754 874 Paropamisadas
784 836 868 876 fines
907 838 1040 868 Caucasi
1078 839 1190 869 montis

497 884 653 923 Oxyartes
675 885 804 924 accepit,
828 887 915 917 Daas
936 891 966 917 et
989 888 1083 919 Arios
1098 889 1189 920 Sata-

492 943 599 971 genos.
645 934 701 965 Sic
717 935 805 966 enim
821 935 878 967 lib.
895 945 970 967 XLI.
988 937 1041 968 hic
1058 937 1190 969 Auctor

495 983 582 1014 hunc
603 984 725 1015 ducem
741 986 899 1018 nominat.
944 988 1106 1028 Scythoeus
1122 989 1190 1020 dux

495 1034 640 1074 ignotus.
671 1035 755 1066 Mox
772 1046 844 1067 cum
861 1036 970 1077 inquit
981 1038 1118 1069 Archous
1133 1040 1191 1070 Pe-

494 1086 606 1124 lasgos,
630 1090 811 1127 utrumque
842 1097 963 1118 nomen
993 1094 1190 1129 corruptum

497 1140 599 1176 puto:
624 1140 662 1166 ut
677 1141 788 1166 autem
805 1137 1061 1177 emendandum,
1076 1138 1190 1170 hercle

495 1188 630 1225 nescio3
654 1187 836 1218 destitutus
863 1189 1111 1228 exemplaribus
1128 1189 1191 1220 illi-

497 1237 616 1268 benter
632 1247 734 1277 gravo
750 1238 926 1269 lectorem.
951 1239 1042 1271 Glar.

543 1289 800 1327 Parapammenos
821 1288 921 1330 fines]
958 1289 1105 1320 Omnino
1144 1289 1192 1320 le-

498 1337 598 1377 gend.
628 1336 867 1377 Parapamisios‚
896 1340 926 1368 et
946 1338 1028 1378 fines
1060 1338 1193 1369 Caucasi

496 1388 621 1427 montis,
646 1389 826 1428 oxyarches
848 1389 975 1427 accepit.
1019 1389 1071 1418 Ex
1101 1389 1194 1418 Dex-

497 1438 577 1478 ippo
594 1442 629 1468 et
643 1437 779 1468 Arrian.
823 1438 944 1468 Statim
962 1442 1040 1478 post
1062 1437 1095 1468 in
1110 1438 1194 1469 Mss.

497 1488 623 1525 legitur
651 1488 849 1528 Cedrosique.
896 1488 1027 1519 Recte:
1051 1498 1130 1519 nam
1160 1493 1196 1520 et

498 1538 611 1569 Graeci
628 1548 692 1569 non
709 1538 900 1578 Γεδρώσσους
916 1544 1059 1576 tantum,
1081 1539 1139 1570 sed
1161 1543 1197 1570 et

498 1588 695 1630 Κεδρώσσους
711 1594 845 1620 vocant.
874 1589 994 1630 Steph.
1026 1589 1197 1630 Κέδρωσσοι

499 1638 581 1670 ἔθνος
595 1639 753 1680 Περσικὸν,
769 1642 833 1671 &c.
853 1640 936 1671 Voss.
981 1640 1079 1672 Junt.
1100 1641 1196 1672 Para-

495 1690 672 1729 pamisadas
687 1689 819 1731 ctfines.
866 1689 966 1721 Unde
980 1691 1079 1722 Voss.
1096 1691 1197 1722 Paro-

495 1739 655 1779 pamisios.
713 1740 864 1771 Gronov.
898 1740 1019 1780 probat
1047 1741 1135 1781 quod
1163 1741 1197 1772 in

500 1789 568 1819 Ma.
587 1789 714 1829 reperit
729 1788 945 1829 Bongarsius,
958 1790 1107 1831 etjinem,
1122 1791 1154 1822 h.
1168 1800 1197 1822 e.

502 1839 559 1878 qui
584 1839 618 1869 in
637 1839 753 1869 ultimo
769 1840 912 1870 Caucasi
931 1839 996 1871 fine
1014 1840 1196 1881 degebant.

504 1888 611 1918 Groev.
656 1888 796 1928 Optime
827 1889 923 1919 Voss.
954 1890 1197 1931 Paropamisios‚

502 1940 532 1967 et
545 1937 630 1977 fines
658 1938 790 1968 Caucasi
815 1939 936 1970 montis.
983 1940 1052 1971 Pro
1082 1942 1199 1972 Extar-

501 1987 572 2018 ches
588 1988 671 2018 vidit
687 1989 795 2028 Bong.
819 1989 952 2028 legend.
979 1991 1136 2030 Oxyartes
1157 2001 1199 2022 ex

504 2038 603 2068 Diod.
617 2038 705 2069 uude
721 2038 792 2069 haec
808 2039 955 2079 peteuda
971 2044 1007 2071 et
1022 2040 1199 2072 conferen-

503 2088 558 2119 da.
604 2090 687 2119 Mox
707 2089 868 2120 Aracossi:
905 2090 947 2121 al.
970 2090 1148 2130 Arachosii,
1162 2097 1201 2123 ut

504 2137 631 2169 Graeci.
678 2139 745 2170 Pro
762 2140 892 2177 Archos,
915 2140 1060 2178 Arc-hom
1084 2142 1202 2173 sedis-

505 2181 557 2220 tos
574 2190 723 2229 Pelasgos
747 2190 803 2220 ubi
830 2195 994 2221 terrarum
1022 2194 1203 2231 ponemus?

506 2239 546 2269 In
563 2239 718 2280 quibusd.
734 2240 818 2271 Mss.
836 2245 886 2270 est
905 2241 1061 2280 Pellagas.
1105 2242 1202 2282 Opus

506 2294 559 2319 est
577 2290 714 2330 OEdipo.
739 2290 818 2325 Fab.

549 2340 808 2380 Parapammenos
824 2341 910 2382 fines
935 2342 1065 2373 Caucasi
1090 2343 1203 2374 montis

507 2389 683 2421 Extarches
709 2391 843 2432 accepit]
867 2393 876 2409 ‘
900 2393 1200 2433 Parapammenos’

506 2450 585 2471 sane
602 2445 636 2471 et
656 2450 722 2472 ΧΠ.
738 2445 769 2472 5.
785 2446 817 2472 9.
842 2443 977 2482 legitur.
1020 2443 1087 2474 Sed
1104 2448 1202 2484 putat

507 2495 621 2521 tamen
630 2492 724 2523 Voss.
736 2492 868 2531 legend.
879 2502 952 2523 esse
963 2493 1203 2534 Paropamisio&

508 2542 554 2572 Et
578 2542 611 2573 in
635 2543 729 2575 Junt.
756 2543 805 2574 uti
829 2544 943 2575 Graev.
968 2549 1124 2585 testatur,
1149 2551 1203 2578 est

508 2592 782 2633 Parapamisadas,
811 2593 978 2634 quomodo
1006 2595 1110 2626 Diod.
1140 2595 1202 2626 Ar-

508 2642 593 2673 rian.
623 2647 659 2673 et
689 2643 784 2674 Curt.
811 2652 869 2674 eos
896 2647 1031 2675 vocant.
1074 2644 1141 2675 Sed
1168 2649 1203 2677 et

509 2691 617 2732 ipsum
634 2693 756 2723 montis
778 2702 899 2723 nomen
923 2694 932 2710 ‘
948 2694 1204 2735 Parapamisus’

509 2741 541 2772 iu
559 2742 752 2773 auctoribus
774 2742 847 2773 istis
862 2748 1017 2783 apparet.
1060 2744 1203 2786 Fuitque

509 2801 603 2822 mous
630 2791 719 2823 idem
745 2792 801 2833 qui
818 2797 853 2823 et
869 2793 1038 2824 Caucasus
1055 2796 1204 2835 appella-

511 2848 577 2881 tur,
601 2847 637 2873 ut
667 2852 710 2873 ex
736 2843 794 2874 lib.
821 2853 856 2874 v.
890 2842 1026 2874 Arriani
1048 2850 1204 2885 apparet.

511 2893 556 2923 Et
571 2892 695 2933 optime
711 2891 853 2932 proinde
870 2893 1027 2934 congruit
1041 2894 1130 2935 quod
1149 2904 1203 2936 ap·

944 337 1084 368 No'rAE
1117 338 1380 372 VARIORUM
1415 342 1465 372 IN

1235 434 1352 466 Nostr.
1371 436 1534 477 sequitur,
1555 435 1565 453 ⁶
1580 435 1664 467 fines
1682 435 1825 468 Caucasi
1840 447 1930 469 mon-

1236 484 1312 523 tis;’
1337 487 1391 516 vel
1414 486 1528 517 addita
1551 486 1757 527 copulativa,
1780 491 1818 517 ut
1832 487 1930 520 Junt.

1235 534 1349 576 habet,
1379 539 1409 567 et
1428 536 1513 577 fines
1540 537 1669 567 Caucasi
1695 537 1817 567 montis.
1860 536 1931 567 Pro

1237 586 1411 617 Extarches
1421 588 1521 618 Voss.
1534 587 1666 627 legend.
1680 591 1796 617 censet
1809 587 1934 628 Oxyar-

1237 635 1324 673 ches;
1356 637 1458 667 credo
1489 637 1577 678 quod
1608 647 1626 667 a
1655 637 1758 668 Diod.
1790 642 1932 668 vocatur

1238 686 1248 703 ‘
1265 686 1457 727 Oxyartes!
1501 688 1546 718 Et
1562 687 1660 718 affine
1677 687 1708 718 ei
1727 692 1778 719 est
1794 687 1881 728 quod
1898 687 1932 718 in

1240 739 1483 780 antiquioribus
1506 741 1594 782 typis
1616 750 1713 781 expr.
1740 744 1793 772 est
1813 741 1933 772 Λαίαν-

1239 789 1319 820 ches.
1341 791 1423 821 Vor.

1285 839 1474 879 Extarches]
1495 839 1673 881 Ὀξυάρτης,
1698 840 1848 871 Roxanis
1875 850 1935 880 pa-

1241 892 1307 927 ter,
1335 888 1436 920 habet
1461 890 1563 920 Diod.
1595 899 1706 921 xvul.
1722 892 1752 921 3.
1775 890 1933 928 Bongars.

1240 938 1341 969 Voss.
1376 940 1567 980 Oxyarches.
1624 938 1774 969 Diodoro
1814 947 1936 969 conve-

1240 988 1387 1018 nientius
1403 987 1493 1019 foret
1511 988 1691 1019 Oxiarthes.
1714 987 1827 1019 Schef.

1284 1039 1301 1078 ξ
1322 1040 1362 1068 22
1385 1037 1546 1078 Aracossi]
1569 1039 1719 1069 Deerant
1739 1038 1812 1069 haec
1827 1038 1859 1068 in
1876 1037 1937 1068 im-

1240 1087 1378 1127 pressis,
1401 1097 1476 1128 quae
1491 1088 1573 1119 Mss.
1589 1092 1774 1127 agnoscunt
1786 1092 1821 1118 et
1834 1087 1938 1118 Diod.

1240 1137 1444 1167 Plutarchus
1471 1137 1504 1167 in
1534 1138 1685 1168 Eumene
1725 1141 1794 1168 ext.
1833 1137 1940 1168 habet

1239 1185 1375 1226 ’Ῑβυρτίῳ
1391 1187 1562 1225 mendose,
1579 1197 1640 1227 pro
1655 1186 1814 1227 Σιβυρτίῳ.
1860 1186 1939 1227 Sed,

1242 1237 1299 1277 qui
1315 1236 1369 1267 hie
1390 1238 1398 1254 ‘
1414 1237 1595 1276 Statanor,'
1612 1237 1713 1270 Diod.
1727 1246 1836 1269 xvm.
1853 1240 1885 1269 3.
1903 1241 1940 1268 et

1242 1285 1377 1318 Arrian.
1403 1296 1450 1319 vx.
1477 1293 1528 1317 cst
1551 1285 1726 1328 Στασάνωρ.
1778 1288 1863 1320 Quae
1886 1297 1939 1319 se-

1243 1341 1402 1376 quuntur,
1426 1337 1557 1367 variant
1587 1338 1628 1368 ab
1656 1338 1709 1376 iis,
1737 1347 1811 1379 quae
1837 1337 1940 1370 Diod.

1243 1387 1373 1417 scribit.
1419 1387 1485 1417 Sed
1509 1387 1553 1418 de
1580 1387 1652 1418 istis
1669 1388 1768 1428 plura
1784 1388 1827 1418 ad
1843 1389 1942 1420 Curt.

1245 1437 1403 1476 Bongars.
1461 1436 1547 1469 Abr.
1590 1437 1743 1468 Ortelius
1780 1439 1814 1468 in
1842 1439 1941 1471 Thes.

1245 1487 1374 1527 Geogr.
1392 1496 1453 1527 pro
1468 1488 1614 1518 Aracossi
1639 1488 1693 1519 hic
1713 1488 1847 1529 legend.
1864 1499 1943 1520 cen-

1246 1541 1297 1567 set
1307 1538 1480 1577 Arachosii,
1492 1537 1698 1579 suffragante
1709 1538 1814 1570 Diod.
1832 1547 1944 1570 xvul.

1246 1590 1277 1618 3.
1324 1588 1507 1628 Polyaenus
1531 1588 1680 1628 Strateg.
1708 1597 1760 1620 lv.
1787 1589 1820 1618 in
1845 1587 1944 1619 Anti-

1247 1649 1333 1679 gono
1357 1649 1390 1670 n.
1415 1643 1465 1671 15.
1493 1640 1502 1656 ⁴
1520 1639 1719 1681 Sigyrtium’
1741 1640 1844 1672 habet
1879 1650 1942 1681 pro

1246 1690 1405 1730 Sibyrtio.
1422 1691 1553 1721 Bernec.
1589 1691 1686 1723 Junt.
1705 1690 1878 1730 Arachosii,
1893 1691 1944 1722 uti

1245 1740 1379 1780 legend.
1396 1741 1474 1771 olim
1488 1740 1639 1771 Ortelius
1651 1741 1770 1772 statuit
1783 1750 1825 1772 ex
1839 1740 1944 1773 Diod.

1247 1789 1347 1822 Quod
1364 1789 1516 1820 firmatur
1534 1795 1569 1821 et
1592 1800 1610 1820 a
1631 1790 1808 1831 Polyaeno.
1834 1791 1944 1822 Groev.

1248 1841 1397 1880 Legend.
1414 1841 1486 1871 sine
1503 1840 1605 1871 dubio
1616 1840 1792 1880 Arachosii,
1806 1846 1844 1872 ut
1861 1841 1945 1872 Cod.

1247 1890 1312 1920 Ms.
1330 1899 1427 1931 quem
1444 1891 1565 1922 Franc.
1594 1891 1766 1922 Fabricius
1787 1891 1820 1922 in
1845 1891 1945 1923 Notis

1248 1939 1282 1969 in
1299 1939 1400 1970 Oros.
1416 1949 1450 1970 se
1468 1940 1589 1970 vidisse
1606 1944 1762 1980 testatur,
1786 1946 1822 1972 et
1847 1946 1946 1972 vetus

1249 1988 1303 2020 ed.
1318 1989 1414 2020 Junt.
1433 1994 1520 2020 teste
1537 1989 1651 2020 Graev.
1674 1990 1811 2021 habent.
1858 1992 1945 2022 Sane

1250 2043 1286 2069 et
1311 2039 1406 2070 Curt.
1429 2040 1438 2055 ‘
1460 2039 1678 2071 Arachosios’
1703 2041 1853 2081 appellat
1879 2050 1945 2072 non

1250 2090 1365 2120 semel.
1408 2089 1455 2120 At
1471 2089 1604 2121 Al‘rian.
1619 2090 1822 2131 Ἀραχωτούς.
1844 2092 1947 2124 Vorst.

1253 2139 1403 2179 Legend.
1427 2140 1602 2180 Arachosii,
1626 2140 1782 2173 firmante
1797 2141 1893 2174 Juut.
1910 2147 1946 2174 et

1252 2190 1319 2219 Ms.
1344 2189 1555 2228 Fabriciano,
1579 2196 1616 2222 ut
1637 2197 1689 2222 est
1712 2201 1767 2232 ap.
1792 2193 1894 2224 Diod.
1910 2196 1948 2224 et

1251 2239 1404 2279 Polyaen.
1434 2239 1511 2270 Vid.
1529 2240 1643 2272 Graev.
1660 2245 1696 2273 ct
1708 2243 1823 2273 Vorst.
1838 2243 1893 2283 qui
1910 2248 1947 2274 et

1251 2288 1293 2320 de
1310 2290 1431 2320 ceteris
1447 2291 1685 2321 consulendum
1701 2293 1820 2323 suadet
1832 2294 1949 2324 Frein-

1251 2339 1413 2369 shemium
1435 2339 1468 2369 in
1490 2340 1590 2371 Notis
1613 2340 1655 2371 ad
1682 2342 1776 2373 Curt.
1793 2351 1829 2373 x.
1847 2345 1898 2374 10.
1914 2346 1946 2374 1.

1251 2388 1355 2426 Schef.

1293 2439 1470 2480 Stasanori]
1496 2440 1618 2472 Editur
1644 2443 1744 2483 vulgo
1770 2443 1945 2476 Statanm'.

1252 2490 1297 2520 Et
1312 2490 1432 2521 mirum
1455 2500 1521 2521 non
1546 2497 1692 2523 mutasse
1716 2494 1949 2534 Bongarsium,

1252 2545 1311 2571 aut
1327 2541 1492 2572 Bernecc.
1512 2551 1586 2571 cum
1613 2543 1740 2573 scirent
1764 2553 1829 2573 uon
1847 2544 1948 2574 modo

1252 2595 1385 2622 ceteros
1412 2595 1480 2621 tam
1504 2591 1642 2622 Latinos
1668 2602 1766 2632 quam
1794 2594 1952 2635 Graecos,

1253 2639 1310 2680 qui
1336 2639 1398 2670 hac
1429 2639 1470 2670 de
1498 2649 1533 2670 re
1559 2640 1736 2681 scripsere,
1757 2644 1766 2659 ‘
1790 2642 1950 2674 Stasano-

1253 2689 1343 2721 rem'
1373 2700 1508 2731 vocare,
1531 2691 1589 2722 sed
1615 2697 1651 2723 et
1676 2697 1760 2724 vett.
1786 2693 1950 2734 quosdam

1253 2743 1344 2784 typis
1360 2752 1539 2783 expressos
1556 2743 1655 2775 codd.
1682 2744 1729 2775 sic
1753 2744 1892 2785 habere,
1914 2747 1952 2776 et

1254 2793 1330 2825 cod.
1366 2793 1448 2824 item
1477 2794 1541 2824 Ms.
1565 2794 1699 2834 optim-az
1725 2800 1828 2835 notae,
1850 2804 1950 2836 quem

1253 2843 1372 2875 habuit
1388 2845 1508 2875 Franc.
1525 2844 1709 2876 Fabricius.
1727 2845 1828 2877 Vorst.
1861 2847 1950 2878 Sane

1255 2894 1404 2926 Stasanor
1419 2904 1489 2936 prae
1506 2904 1541 2926 se
1558 2894 1626 2926 scrt
1640 2896 1660 2928 J
1666 2900 1736 2927 unt,
1756 2897 1863 2928 Graev.
