2174 3424
680 391 874 423 JUSTlNl
909 391 1003 421 mn.
1038 391 1070 420 1.
1105 391 1210 423 cAP.
1238 380 1282 420 6.

263 488 421 530 AEschylo
447 492 498 520 est
514 485 687 524 Σωσθένης.
732 485 825 516 Alibi
848 485 957 525 plura.

268 541 352 572 Voss.
396 539 532 570 Isaacus
548 539 604 568 ille
620 538 719 568 Voss.
741 537 775 567 in
797 545 863 577 quo
879 535 959 565 mihi

261 590 432 631 ingenium
459 594 494 620 et
517 587 671 619 doctrina
695 597 736 617 ex
764 595 860 626 aequo
886 593 959 615 cer-

261 644 335 671 tare
358 639 529 677 videntur,
555 637 702 668 OEbarem
724 635 858 675 legend.
883 644 958 665 esse

263 690 427 728 ostendit,
449 698 515 720 non
541 687 713 728 Sybarem5
746 685 779 716 id
806 684 895 725 quod
923 688 960 715 et

261 749 378 771 verum
407 743 472 778 est,
501 742 548 778 et,
574 737 608 768 ni
635 738 708 777 ipse
747 738 960 774 occupasset,

262 790 446 832 potuissem
463 792 499 820 et
515 798 578 829 ego
594 786 788 819 ostendere.
814 785 892 817 Fab.

305 841 322 881 ᾧ
340 843 358 871 3
375 840 555 879 Persepolin
565 837 756 877 regreditur]
775 837 852 868 Hoc
869 844 958 876 saepe

262 891 400 923 miratus
416 900 502 928 sum,
526 888 615 930 quod
639 893 674 918 et
694 896 782 918 nunc
799 886 958 925 demiror,

261 942 352 973 unde
386 941 503 972 isthaec.
542 938 726 980 appellatio
756 936 960 968 Graecanica

263 992 354 1024 urbis
371 990 626 1032 antiquissimae,
650 993 685 1019 et
708 998 782 1029 quae
806 987 884 1018 olim
908 991 959 1017 to-

262 1043 329 1074 tius
340 1041 492 1074 Orientis
504 1040 598 1080 regia
609 1038 682 1070 fuit.
708 1038 757 1069 An
772 1047 791 1067 a
801 1037 958 1068 Baccho?

264 1102 306 1123 an
324 1102 345 1123 a
359 1090 508 1123 Perseo?
524 1100 564 1121 au
577 1089 722 1129 denique
735 1087 778 1119 ab
792 1087 959 1118 Hercule?

261 1142 410 1174 Somnia.
453 1141 584 1172 Vellem
602 1145 727 1174 autem,
748 1137 882 1175 vellem,
902 1146 958 1167 ve-

263 1203 336 1224 rum
361 1198 428 1223 tam
454 1192 553 1222 clarae
575 1190 666 1221 urbis
690 1197 810 1219 nomen
834 1186 958 1218 edidis-

264 1247 340 1274 sent
355 1246 439 1273 vett.
457 1240 622 1272 historici.
668 1240 766 1276 Nam,
787 1244 845 1269 aut
862 1238 958 1268 valde

263 1292 375 1333 fallor,
403 1298 462 1323 aut
486 1290 636 1323 Graeculi
660 1290 808 1320 homiues
833 1298 958 1319 morem

264 1354 359 1375 suum
374 1343 409 1374 in
425 1341 594 1373 mutandis
606 1342 755 1372 locorum
768 1339 958 1370 nominibus

264 1394 374 1425 secuti
399 1397 498 1431 sunt3
523 1391 610 1433 quod
635 1391 669 1421 in
693 1390 856 1431 exemplis
872 1399 959 1430 pene

263 1443 402 1475 infinitis
428 1452 539 1483 nuper
565 1441 810 1472 demonstravit
834 1441 959 1471 incom-

264 1492 425 1533 parabilis
455 1492 511 1522 ille
545 1495 661 1522 noster
704 1490 829 1521 amicus
868 1490 959 1521 Sam.

264 1542 424 1574 Bochart.
440 1541 474 1572 in
490 1551 549 1572 suo
565 1539 773 1579 PHALEG,
789 1539 878 1580 quod
894 1549 958 1579 ego

265 1601 348 1632 opus
365 1592 554 1622 immortale
569 1589 732 1629 futurum,
744 1591 770 1620 si
787 1590 868 1631 quid
884 1600 962 1621 con-

260 1643 400 1683 jectura
427 1642 533 1681 valeo,
548 1641 619 1681 jam
647 1639 779 1681 pridem
807 1649 959 1681 auguror.

268 1691 346 1723 Fab.

308 1743 326 1782 ξ
349 1744 369 1772 4
393 1741 443 1772 Ibi
469 1744 628 1772 convocato
654 1741 780 1781 populo]
804 1741 957 1773 Frontin.

267 1802 292 1824 ι.
309 1795 361 1823 11.
378 1794 428 1822 19.
450 1792 604 1830 Bongars.
650 1791 779 1822 Herod.
798 1800 823 1822 1.
839 1794 910 1823 125.
924 1796 959 1822 et

264 1853 336 1884 seq.
352 1843 504 1882 Polyaen.
521 1842 579 1872 lib.
596 1850 674 1872 vm.
693 1841 844 1872 Frontin.
860 1842 959 1872 Rern.

308 1893 430 1923 Praesto
455 1902 524 1922 eum
549 1891 705 1922 securibus
729 1891 806 1930 esse]
838 1891 958 1922 Malim

266 1953 342 1974 cum
357 1944 442 1974 Mss.
459 1942 555 1981 meis,
574 1952 606 1982 p.
621 1952 648 1972 c.
669 1951 695 1972 ε.
715 1942 831 1980 adesse,
855 1946 890 1972 et
910 1941 959 1972 sic

265 1994 367 2026 edere
383 1993 507 2033 malim,
530 2003 628 2034 quam
654 1993 821 2034 quomodo
847 1993 960 2024 hacte-

265 2054 326 2076 nus
346 2043 592 2083 circumfertur,
612 2053 645 2084 p.
669 2053 695 2075 c.
721 2053 744 2074 s,
773 2053 847 2074 esse.
892 2044 958 2075 Sed

263 2096 430 2127 minutum
447 2096 522 2127 hoc.
545 2096 634 2126 Mod.
678 2095 793 2125 Adesse
809 2095 959 2127 restituit

266 2155 286 2177 e
314 2146 397 2177 Mss.
428 2146 495 2176 suis
520 2144 618 2176 Mod.
649 2143 761 2176 Antea
788 2143 855 2176 fuit
883 2155 957 2176 esse.

267 2196 470 2227 Berneccer.
515 2194 657 2236 Antiqq.
681 2195 766 2226 Edd.
797 2205 870 2226 esse.
914 2197 959 2227 Et

264 2245 406 2277 retinuit
421 2245 539 2276 eadem
553 2246 662 2285 Bong.
697 2245 745 2276 At
757 2246 851 2276 Mod.
868 2247 959 2286 quod

264 2295 299 2326 in
315 2295 470 2337 quibusd.
486 2296 572 2326 Mss.
588 2295 716 2335 reperit
730 2296 843 2334 adesse,
858 2300 894 2326 et
909 2305 959 2326 se-

265 2351 362 2378 cutus
387 2356 463 2377 eum
488 2347 652 2377 Bernecc.
673 2346 894 2386 compositum
916 2347 960 2378 is-

266 2397 326 2428 tud
344 2407 406 2438 pro
428 2396 574 2437 simplici
599 2397 805 2427 rescribend.
823 2407 960 2428 censue-

266 2454 356 2480 runt.
400 2448 509 2480 Nobis
539 2448 681 2488 simplex
709 2449 837 2479 rectius
868 2449 959 2480 vide-

266 2504 343 2538 tui-3
367 2499 447 2540 quia
463 2500 472 2516 ‘
490 2498 634 2539 praesto'
651 2498 834 2531 antecedit.
855 2499 958 2530 Vorst.

267 2550 345 2580 Esse
359 2549 501 2581 Juntina
516 2554 551 2580 et
565 2548 677 2580 Oxon.
693 2558 735 2579 ex
747 2549 814 2580 Ms.
832 2549 958 2581 asserit.

270 2601 378 2631 Groev.

309 2651 326 2690 ξ
343 2654 362 2681 5
387 2650 516 2680 Postera
533 2650 582 2680 die
596 2650 636 2680 ad
653 2652 781 2689 paratas
796 2651 899 2690 epulas
912 2650 959 2681 in-

264 2700 359 2740 vitat]
375 2700 459 2732 Cum
476 2706 511 2730 et
523 2700 630 2740 Bong.
643 2698 793 2730 fateatur
807 2701 842 2730 in
859 2710 960 2731 manu

267 2751 415 2782 exaratis
432 2750 498 2781 suis
514 2750 622 2781 Codd.
639 2756 788 2790 exstare,
807 2761 841 2791 p.
854 2752 885 2781 d.
906 2761 959 2791 ap-

263 2801 385 2842 paratis
399 2801 498 2841 epulis
511 2801 533 2832 i.
556 2805 593 2831 et
608 2800 656 2831 ita
671 2801 777 2832 nostri
795 2801 959 2831 membra-

266 2851 365 2882 nacei
399 2851 476 2881 libri
504 2850 623 2890 scripti
653 2851 873 2892 antiquissimi
902 2851 959 2881 ha-

266 2900 382 2941 beant,
396 2901 445 2932 ita
458 2900 512 2932 ed.
527 2900 774 2931 Cratandriana
788 2901 960 2932 Basileen-

269 2951 325 2992 sis,
350 2952 405 2984 cui
435 2950 573 2993 praefuit
597 2952 651 2983 vir
677 2952 813 2984 doctiss.
835 2952 958 2985 Joann.

1623 376 1705 418 631

1010 483 1206 523 Sicliardus‚
1230 484 1280 514 ita
1301 483 1420 514 Italica
1437 482 1476 514 A.
1497 485 1590 514 1510.
1606 491 1706 523 quam

1009 538 1257 574 recognoverat
1286 534 1457 564 eruditiss.
1488 534 1539 563 vir
1563 532 1705 563 Sabelli-

1008 594 1079 622 cus,
1103 584 1215 614 emisit
1230 583 1623 624 Augustin.Becharius‚
1640 591 1705 613 non

1009 634 1121 674 video,
1137 641 1196 665 cur
1212 644 1252 665 ea
1267 634 1437 674 scriptura
1453 633 1547 673 rejici
1565 633 1706 664 debeat:

1008 686 1154 716 maxime
1166 694 1241 715 cum
1255 684 1303 714 ita
1315 684 1416 714 etiam
1429 683 1589 723 loquatur
1604 683 1707 713 histo-

1008 736 1153 766 ricorum
1164 735 1324 775 princeps
1339 733 1462 764 Livius.
1476 734 1562 764 Mod.
1595 733 1707 773 Vulgo

1009 786 1105 825 editi,
1126 787 1166 816 ad
1186 788 1315 825 paratas
1340 785 1444 824 epulas
1459 783 1482 815 i.
1526 782 1592 814 Sed
1609 783 1707 814 resti-

1008 837 1133 868 tuimus
1158 835 1303 867 Auctori
1330 834 1526 873 lectionem,
1549 843 1648 874 quam
1671 838 1708 864 et

1008 888 1118 927 Bong.
1135 891 1170 918 et
1184 886 1279 917 Mod.
1302 884 1454 916 fatentur
1483 884 1517 914 in
1534 893 1634 914 manu
1651 893 1708 914 ex-

1009 938 1111 968 aratis
1143 937 1211 968 suis
1242 936 1341 967 codd.
1368 939 1497 966 extare.
1543 933 1602 965 Ita
1626 934 1708 965 Sall.

1008 988 1054 1018 H.
1071 996 1122 1019 1v.
1138 990 1168 1018 3.
1185 990 1235 1018 18.
1259 987 1268 1003 ‘
1286 987 1370 1017 Cum
1398 995 1432 1016 se
1458 985 1534 1015 cibo
1560 985 1705 1025 vinoque

1007 1038 1080 1068 laeti
1096 1036 1304 1069 invitarent?
1333 1037 1407 1067 Imo
1420 1035 1628 1076 Nosteripse
1642 1043 1708 1066 xil.

1009 1091 1060 1120 13.
1073 1091 1105 1119 7.
1130 1089 1229 1119 Rern.

1051 1138 1222 1179 Apparatis
1235 1137 1332 1179 epulis
1352 1137 1481 1179 inritat]
1503 1138 1612 1178 Bong.
1638 1147 1708 1169 ma-

1007 1189 1071 1219 luit
1087 1191 1127 1219 ad
1146 1192 1273 1229 paratas
1289 1189 1412 1228 epulas;
1434 1187 1537 1219 credo
1563 1187 1652 1229 quod
1674 1187 1707 1217 in

1008 1238 1166 1279 quibusd.
1185 1239 1270 1269 Mss.
1288 1238 1323 1268 id
1341 1238 1537 1278 reperisset.
1571 1238 1709 1268 Monuit

1008 1293 1122 1319 tamen
1137 1289 1219 1319 alios
1232 1287 1342 1319 Codd.
1354 1288 1437 1318 Mss.
1451 1292 1487 1318 et
1501 1287 1707 1328 antiquiores

1007 1338 1089 1369 item
1104 1339 1194 1379 typis
1211 1347 1400 1378 expressos,
1412 1338 1538 1369 habere
1551 1338 1710 1378 apparatis

1008 1391 1116 1431 epulis.
1161 1391 1284 1431 Neque
1301 1394 1505 1430 perpetuum
1532 1389 1614 1420 illud
1639 1395 1708 1428 est,

1008 1445 1047 1471 ut
1064 1440 1200 1471 dicatur
1223 1441 1231 1457 ‘
1250 1440 1392 1470 invitare
1416 1439 1458 1470 ad
1481 1439 1634 1480 aliquid,’
1651 1440 1705 1470 vel

1009 1490 1018 1507 ‘
1038 1490 1070 1521 in
1082 1489 1233 1531 aliquid‚'
1251 1490 1310 1520 sed
1328 1490 1448 1521 dicunt
1464 1490 1566 1521 etiam
1580 1490 1707 1530 simpli-

1009 1540 1095 1571 citer
1112 1542 1120 1556 ‘
1135 1540 1280 1570 invitare
1298 1540 1468 1580 aliquem.’
1490 1540 1620 1571 Noster
1636 1549 1704 1571 XII.

1010 1594 1062 1623 13.
1085 1594 1116 1622 7.
1141 1592 1150 1608 ‘
1175 1592 1372 1622 Instaurata
1399 1591 1643 1622 comessatione
1670 1595 1707 1622 et

1010 1642 1120 1682 ipsum
1145 1646 1181 1672 et
1206 1641 1339 1672 sodales
1357 1641 1430 1681 ejus
1447 1640 1592 1671 invitat.'
1638 1640 1706 1671 Hic

1009 1693 1173 1734 quomodo
1190 1692 1255 1723 duo
1273 1692 1413 1723 ablativi
1430 1692 1706 1732 consequentiam

1010 1744 1227 1784 designantes
1254 1744 1522 1784 praemittuutur,
1545 1743 1591 1774 sic
1616 1747 1653 1774 et
1672 1743 1707 1774 in

1010 1795 1118 1826 altero
1144 1796 1201 1826 illo
1228 1795 1354 1826 factum
1382 1795 1491 1826 videri
1509 1800 1644 1836 potest:
1670 1799 1708 1826 ut

1009 1847 1168 1886 apparatis
1191 1846 1286 1886 epulis
1302 1846 1415 1876 invitat
1432 1847 1476 1876 sit
1493 1855 1567 1886 pro,
1591 1846 1708 1886 epulas

1009 1901 1154 1937 apparat
1173 1901 1207 1927 et
1223 1897 1354 1927 invitat.
1399 1897 1464 1927 Vel
1480 1901 1595 1936 potest
1611 1897 1708 1936 epulis

1009 1956 1069 1986 pro
1096 1956 1173 1978 casu
1200 1946 1301 1977 tertio
1325 1946 1463 1977 haberi:
1489 1956 1556 1987 qua
1575 1948 1706 1978 ratione

1008 1996 1128 2028 dicunt
1158 1998 1167 2013 ‘
1196 1996 1343 2027 invitare
1374 1996 1518 2037 aliquem
1550 2001 1643 2028 tecto
1671 2002 1706 2028 et

1008 2046 1130 2086 domo‚’
1159 2046 1327 2078 ‘invitare
1342 2046 1514 2087 hospiti0,'
1536 2047 1705 2078 ‘invitare

1008 2097 1161 2139 poculis.'
1188 2098 1260 2129 Var.

1050 2148 1223 2189 Apparatis
1247 2147 1358 2188 epulis]
1392 2147 1590 2179 Lectionem
1620 2148 1706 2179 hanc

1009 2199 1129 2230 asserit
1150 2208 1285 2240 quoque
1307 2207 1405 2239 quam
1422 2208 1514 2238 saepe
1530 2198 1706 2229 laudamus

1008 2249 1105 2281 Junt.
1138 2249 1191 2280 ed.
1249 2249 1376 2280 Nescio
1417 2253 1529 2280 autem
1563 2259 1624 2280 cur
1651 2250 1707 2281 hic

1008 2300 1122 2331 Vorst.
1139 2299 1295 2330 tricetur.
1339 2299 1348 2315 ‘
1364 2298 1534 2330 Invitare'
1559 2299 1613 2331 hic
1640 2309 1707 2331 non

1010 2354 1074 2389 est,
1098 2359 1219 2381 vocare
1235 2349 1278 2379 ad
1295 2349 1425 2389 epulas,
1446 2353 1484 2380 ut
1508 2349 1560 2380 vir
1586 2349 1706 2381 doctus

1009 2404 1045 2430 et
1072 2400 1128 2430 alii
1158 2399 1366 2438 existimant,
1389 2399 1464 2439 sed,
1488 2399 1568 2431 vino
1585 2399 1707 2440 epulis-

1009 2459 1074 2491 que
1115 2449 1304 2480 liberaliter
1346 2449 1499 2489 hospites
1539 2449 1706 2490 accipere.

1009 2500 1098 2531 Caes.
1116 2509 1142 2530 1.
1159 2500 1200 2530 B.
1217 2500 1255 2530 C.
1271 2501 1325 2530 74.
1347 2499 1357 2515 ⁴
1376 2498 1518 2529 Interim
1546 2499 1602 2529 alii
1629 2508 1706 2530 suos

1008 2549 1041 2579 in
1058 2553 1170 2580 castra
1184 2548 1354 2579 invitandi
1379 2558 1498 2580 caussa
1521 2549 1709 2588 adducunt,

1008 2599 1065 2630 alii
1081 2599 1122 2629 ab
1139 2598 1207 2629 suis
1224 2597 1462 2630 adducuntur?
1504 2598 1514 2615 ‘
1530 2599 1705 2630 Invitandi

1009 2651 1142 2680 caussa’
1164 2652 1228 2688 est,
1243 2652 1282 2679 ut
1298 2647 1443 2687 benigne
1460 2657 1515 2678 eos
1532 2648 1707 2688 excipiant

1010 2698 1196 2738 amiceque.
1240 2698 1314 2728 Liv.
1339 2706 1364 2728 1.
1391 2700 1423 2728 9.
1446 2697 1614 2728 ‘Invitati
1630 2699 1705 2730 hos-

1009 2747 1161 2788 pitaliter
1177 2756 1239 2787 per
1255 2746 1370 2777 domos
1395 2755 1469 2777 cum
1494 2746 1606 2786 situm,
1624 2757 1705 2779 moe-

1008 2797 1129 2838 niaque
1155 2801 1191 2827 et
1216 2794 1429 2837 frequentem
1457 2796 1558 2827 tectis
1586 2797 1705 2829 urbem

1009 2847 1194 2887 vidissent‚’
1228 2847 1260 2878 h.
1292 2857 1322 2878 e.
1355 2847 1448 2878 laute
1488 2852 1524 2878 et
1561 2850 1704 2880 comiter

1010 2899 1162 2931 tractati.
1206 2898 1297 2929 Hinc
1328 2902 1364 2929 et
1390 2898 1448 2939 qui
1468 2898 1616 2930 libenter
1631 2909 1704 2931 ves-

1010 2956 1144 2993 cuntur,
1165 2955 1201 2983 et
1217 2948 1343 2991 largius
1358 2949 1492 2991 bibunt,
1513 2960 1544 2982 se
1563 2950 1645 2992 ipsos
1659 2951 1706 2981 in-
