<?xml version="1.0" encoding="UTF-8"?>
<!DOCTYPE html PUBLIC "-//W3C//DTD XHTML 1.0 Transitional//EN"
    "http://www.w3.org/TR/xhtml1/DTD/xhtml1-transitional.dtd">
<html xmlns="http://www.w3.org/1999/xhtml" xml:lang="en" lang="en">
 <head>
  <title>
</title>
<meta http-equiv="Content-Type" content="text/html;charset=utf-8" />
  <meta name='ocr-system' content='tesseract 3.04.00' />
  <meta name='ocr-capabilities' content='ocr_page ocr_carea ocr_par ocr_line ocrx_word'/>
</head>
<body>
  <div class='ocr_page' id='page_1' title='image "./historiaephilipp02just/historiaephilipp02just_0131.png"; bbox 0 0 2174 3424; ppageno 0'>
   <div class='ocr_carea' id='block_1_1' title="bbox 634 362 1668 403">
    <p class='ocr_par' dir='ltr' id='par_1_1' title="bbox 634 362 1668 403">
     <span class='ocr_line' id='line_1_1' title="bbox 634 362 1668 403; baseline 0.005 -5"><span class='ocrx_word' id='word_1_1' title='bbox 634 367 828 398; x_wconf 72' lang='lat' dir='ltr'>merim</span> <span class='ocrx_word' id='word_1_2' title='bbox 864 369 957 398; x_wconf 71' lang='lat' dir='ltr'>mn.</span> <span class='ocrx_word' id='word_1_3' title='bbox 991 370 1053 400; x_wconf 70' lang='lat' dir='ltr'>vr.</span> <span class='ocrx_word' id='word_1_4' title='bbox 1086 372 1191 400; x_wconf 74' lang='lat' dir='ltr'>CAr.</span> <span class='ocrx_word' id='word_1_5' title='bbox 1223 364 1262 401; x_wconf 74' lang='lat'>4.</span> <span class='ocrx_word' id='word_1_6' title='bbox 1584 362 1668 403; x_wconf 78' lang='lat'>7313</span> 
     </span>
    </p>
   </div>
   <div class='ocr_carea' id='block_1_2' title="bbox 225 460 929 2907">
    <p class='ocr_par' dir='ltr' id='par_1_2' title="bbox 225 460 929 2907">
     <span class='ocr_line' id='line_1_2' title="bbox 271 460 924 502; baseline -0.002 -9"><span class='ocrx_word' id='word_1_7' title='bbox 271 463 289 502; x_wconf 63' lang='grc' dir='ltr'>ξ</span> <span class='ocrx_word' id='word_1_8' title='bbox 311 464 332 493; x_wconf 86' lang='grc'><strong>9</strong></span> <span class='ocrx_word' id='word_1_9' title='bbox 355 461 474 492; x_wconf 80' lang='lat' dir='ltr'>Eadem</span> <span class='ocrx_word' id='word_1_10' title='bbox 485 460 621 492; x_wconf 79' lang='lat' dir='ltr'>militum</span> <span class='ocrx_word' id='word_1_11' title='bbox 633 464 661 492; x_wconf 77' lang='lat' dir='ltr'>et</span> <span class='ocrx_word' id='word_1_12' title='bbox 673 461 805 492; x_wconf 78' lang='lat' dir='ltr'>omnium</span> <span class='ocrx_word' id='word_1_13' title='bbox 815 471 924 501; x_wconf 83' lang='lat' dir='ltr'>regum</span> 
     </span>
     <span class='ocr_line' id='line_1_3' title="bbox 229 511 923 552; baseline -0.001 -9"><span class='ocrx_word' id='word_1_14' title='bbox 229 522 302 543; x_wconf 82' lang='lat' dir='ltr'>cura</span> <span class='ocrx_word' id='word_1_15' title='bbox 330 511 413 551; x_wconf 80' lang='lat' dir='ltr'>erat]</span> <span class='ocrx_word' id='word_1_16' title='bbox 446 511 590 544; x_wconf 80' lang='lat' dir='ltr'>Quinam</span> <span class='ocrx_word' id='word_1_17' title='bbox 618 515 698 542; x_wconf 87' lang='lat' dir='ltr'>sunt</span> <span class='ocrx_word' id='word_1_18' title='bbox 720 511 777 542; x_wconf 89' lang='lat' dir='ltr'>isti</span> <span class='ocrx_word' id='word_1_19' title='bbox 804 513 923 552; x_wconf 86' lang='lat' dir='ltr'>reges?</span> 
     </span>
     <span class='ocr_line' id='line_1_4' title="bbox 228 562 922 603; baseline -0.003 -9"><span class='ocrx_word' id='word_1_20' title='bbox 228 562 495 603; x_wconf 85' lang='lat' dir='ltr'>Spartanorum?</span> <span class='ocrx_word' id='word_1_21' title='bbox 513 571 555 592; x_wconf 92' lang='lat' dir='ltr'>an</span> <span class='ocrx_word' id='word_1_22' title='bbox 569 562 762 600; x_wconf 82' lang='lat' dir='ltr'>Persarum,</span> <span class='ocrx_word' id='word_1_23' title='bbox 774 566 832 592; x_wconf 90' lang='lat' dir='ltr'>aut</span> <span class='ocrx_word' id='word_1_24' title='bbox 845 562 922 592; x_wconf 87' lang='lat' dir='ltr'>alii?</span> 
     </span>
     <span class='ocr_line' id='line_1_5' title="bbox 228 610 924 653; baseline -0.003 -9"><span class='ocrx_word' id='word_1_25' title='bbox 228 613 352 653; x_wconf 80' lang='lat' dir='ltr'>Nugae.</span> <span class='ocrx_word' id='word_1_26' title='bbox 395 611 512 642; x_wconf 87' lang='lat' dir='ltr'>Torsit</span> <span class='ocrx_word' id='word_1_27' title='bbox 527 621 591 651; x_wconf 90' lang='lat' dir='ltr'>me,</span> <span class='ocrx_word' id='word_1_28' title='bbox 606 610 731 651; x_wconf 86' lang='lat' dir='ltr'>fateor,</span> <span class='ocrx_word' id='word_1_29' title='bbox 745 612 799 643; x_wconf 87' lang='lat' dir='ltr'>hic</span> <span class='ocrx_word' id='word_1_30' title='bbox 823 612 844 642; x_wconf 92' lang='grc'>1.</span> <span class='ocrx_word' id='word_1_31' title='bbox 867 611 924 643; x_wconf 91' lang='lat' dir='ltr'>do-</span> 
     </span>
     <span class='ocr_line' id='line_1_6' title="bbox 226 661 923 702; baseline 0 -9"><span class='ocrx_word' id='word_1_32' title='bbox 226 671 291 693; x_wconf 89' lang='lat' dir='ltr'>nec</span> <span class='ocrx_word' id='word_1_33' title='bbox 310 661 519 702; x_wconf 84' lang='lat' dir='ltr'>ingeniosiss.</span> <span class='ocrx_word' id='word_1_34' title='bbox 541 661 649 694; x_wconf 92' lang='lat' dir='ltr'>Sebis.</span> <span class='ocrx_word' id='word_1_35' title='bbox 665 662 835 702; x_wconf 82' lang='lat' dir='ltr'><strong>suggessit</strong></span> <span class='ocrx_word' id='word_1_36' title='bbox 860 672 923 702; x_wconf 90' lang='lat' dir='ltr'>pro</span> 
     </span>
     <span class='ocr_line' id='line_1_7' title="bbox 225 711 924 752; baseline 0.001 -10"><span class='ocrx_word' id='word_1_37' title='bbox 225 722 334 751; x_wconf 84' lang='lat' dir='ltr'>regum</span> <span class='ocrx_word' id='word_1_38' title='bbox 347 711 481 752; x_wconf 82' lang='lat' dir='ltr'>legend.</span> <span class='ocrx_word' id='word_1_39' title='bbox 499 722 574 743; x_wconf 89' lang='lat' dir='ltr'>esse</span> <span class='ocrx_word' id='word_1_40' title='bbox 589 713 751 752; x_wconf 79' lang='lat' dir='ltr'>remigum.</span> <span class='ocrx_word' id='word_1_41' title='bbox 780 712 836 744; x_wconf 89' lang='lat' dir='ltr'>Ita</span> <span class='ocrx_word' id='word_1_42' title='bbox 852 722 924 743; x_wconf 89' lang='lat' dir='ltr'>rur-</span> 
     </span>
     <span class='ocr_line' id='line_1_8' title="bbox 227 761 923 794; baseline 0.001 -2"><span class='ocrx_word' id='word_1_43' title='bbox 227 772 281 793; x_wconf 87' lang='lat' dir='ltr'>sus</span> <span class='ocrx_word' id='word_1_44' title='bbox 297 761 430 793; x_wconf 86' lang='lat' dir='ltr'>Auctor</span> <span class='ocrx_word' id='word_1_45' title='bbox 446 771 497 793; x_wconf 88' lang='lat' dir='ltr'>v1.</span> <span class='ocrx_word' id='word_1_46' title='bbox 513 765 546 794; x_wconf 86' lang='grc'>9.</span> <span class='ocrx_word' id='word_1_47' title='bbox 562 766 591 793; x_wconf 87' lang='grc'>5.</span> <span class='ocrx_word' id='word_1_48' title='bbox 614 762 623 779; x_wconf 87' lang='lat'>‘</span> <span class='ocrx_word' id='word_1_49' title='bbox 638 761 780 793; x_wconf 84' lang='lat' dir='ltr'>milites&#39;</span> <span class='ocrx_word' id='word_1_50' title='bbox 798 767 834 793; x_wconf 89' lang='lat' dir='ltr'>et</span> <span class='ocrx_word' id='word_1_51' title='bbox 849 763 858 780; x_wconf 87' lang='lat'>‘</span> <span class='ocrx_word' id='word_1_52' title='bbox 873 771 923 793; x_wconf 89' lang='lat' dir='ltr'>re-</span> 
     </span>
     <span class='ocr_line' id='line_1_9' title="bbox 226 812 923 854; baseline 0 -11"><span class='ocrx_word' id='word_1_53' title='bbox 226 812 351 853; x_wconf 89' lang='lat' dir='ltr'>miges&#39;</span> <span class='ocrx_word' id='word_1_54' title='bbox 375 813 563 854; x_wconf 86' lang='lat' dir='ltr'>conjungit.</span> <span class='ocrx_word' id='word_1_55' title='bbox 608 813 795 845; x_wconf 88' lang='lat' dir='ltr'>Confirmat</span> <span class='ocrx_word' id='word_1_56' title='bbox 810 823 923 844; x_wconf 87' lang='lat' dir='ltr'>emen-</span> 
     </span>
     <span class='ocr_line' id='line_1_10' title="bbox 226 862 924 903; baseline 0.003 -10"><span class='ocrx_word' id='word_1_57' title='bbox 226 862 397 894; x_wconf 85' lang='lat' dir='ltr'>dationem</span> <span class='ocrx_word' id='word_1_58' title='bbox 421 863 523 895; x_wconf 81' lang='lat' dir='ltr'>Oros.</span> <span class='ocrx_word' id='word_1_59' title='bbox 538 873 594 896; x_wconf 88' lang='lat'>111.</span> <span class='ocrx_word' id='word_1_60' title='bbox 613 867 645 903; x_wconf 90' lang='lat'>1,</span> <span class='ocrx_word' id='word_1_61' title='bbox 666 864 722 895; x_wconf 90' lang='lat' dir='ltr'>ubi</span> <span class='ocrx_word' id='word_1_62' title='bbox 747 864 924 903; x_wconf 88' lang='lat' dir='ltr'>Nostrum,</span> 
     </span>
     <span class='ocr_line' id='line_1_11' title="bbox 227 914 923 954; baseline 0.001 -10"><span class='ocrx_word' id='word_1_63' title='bbox 227 918 265 944; x_wconf 89' lang='lat' dir='ltr'>ut</span> <span class='ocrx_word' id='word_1_64' title='bbox 294 914 393 954; x_wconf 89' lang='lat' dir='ltr'>solet,</span> <span class='ocrx_word' id='word_1_65' title='bbox 421 918 571 953; x_wconf 86' lang='lat' dir='ltr'>secutus,</span> <span class='ocrx_word' id='word_1_66' title='bbox 605 914 668 945; x_wconf 89' lang='lat' dir='ltr'>hac</span> <span class='ocrx_word' id='word_1_67' title='bbox 699 914 773 954; x_wconf 83' lang='lat' dir='ltr'>ipsa</span> <span class='ocrx_word' id='word_1_68' title='bbox 802 914 845 945; x_wconf 93' lang='lat' dir='ltr'>de</span> <span class='ocrx_word' id='word_1_69' title='bbox 874 924 923 952; x_wconf 84' lang='lat' dir='ltr'>re,</span> 
     </span>
     <span class='ocr_line' id='line_1_12' title="bbox 226 963 923 1005; baseline 0.003 -12"><span class='ocrx_word' id='word_1_70' title='bbox 226 963 236 980; x_wconf 83' lang='lat'>‘</span> <span class='ocrx_word' id='word_1_71' title='bbox 251 963 402 1003; x_wconf 86' lang='lat' dir='ltr'>Milites,’</span> <span class='ocrx_word' id='word_1_72' title='bbox 416 963 539 1004; x_wconf 90' lang='lat' dir='ltr'>inquit,</span> <span class='ocrx_word' id='word_1_73' title='bbox 551 964 561 981; x_wconf 90' lang='lat'>‘</span> <span class='ocrx_word' id='word_1_74' title='bbox 575 968 611 994; x_wconf 90' lang='lat' dir='ltr'>et</span> <span class='ocrx_word' id='word_1_75' title='bbox 625 964 780 1004; x_wconf 82' lang='lat' dir='ltr'>remiges,</span> <span class='ocrx_word' id='word_1_76' title='bbox 791 963 923 1005; x_wconf 87' lang='lat' dir='ltr'>ipsique</span> 
     </span>
     <span class='ocr_line' id='line_1_13' title="bbox 226 1012 923 1054; baseline -0.001 -10"><span class='ocrx_word' id='word_1_77' title='bbox 226 1012 385 1044; x_wconf 90' lang='lat' dir='ltr'>ductores</span> <span class='ocrx_word' id='word_1_78' title='bbox 401 1023 467 1044; x_wconf 90' lang='lat' dir='ltr'>uno</span> <span class='ocrx_word' id='word_1_79' title='bbox 486 1014 614 1054; x_wconf 87' lang='lat' dir='ltr'>pariter</span> <span class='ocrx_word' id='word_1_80' title='bbox 636 1013 670 1044; x_wconf 90' lang='lat' dir='ltr'>in</span> <span class='ocrx_word' id='word_1_81' title='bbox 692 1018 842 1044; x_wconf 91' lang='lat' dir='ltr'>mutuam</span> <span class='ocrx_word' id='word_1_82' title='bbox 858 1023 923 1044; x_wconf 83' lang='lat' dir='ltr'>cae-</span> 
     </span>
     <span class='ocr_line' id='line_1_14' title="bbox 227 1061 923 1103; baseline -0.001 -10"><span class='ocrx_word' id='word_1_83' title='bbox 227 1062 304 1093; x_wconf 90' lang='lat' dir='ltr'>dem</span> <span class='ocrx_word' id='word_1_84' title='bbox 332 1062 454 1093; x_wconf 88' lang='lat' dir='ltr'>ardore</span> <span class='ocrx_word' id='word_1_85' title='bbox 481 1061 684 1103; x_wconf 86' lang='lat' dir='ltr'>rapiuntur.’</span> <span class='ocrx_word' id='word_1_86' title='bbox 741 1062 923 1093; x_wconf 87' lang='lat' dir='ltr'>Geminum</span> 
     </span>
     <span class='ocr_line' id='line_1_15' title="bbox 227 1112 924 1152; baseline 0 -9"><span class='ocrx_word' id='word_1_87' title='bbox 227 1113 306 1144; x_wconf 90' lang='lat' dir='ltr'>huic</span> <span class='ocrx_word' id='word_1_88' title='bbox 329 1112 487 1144; x_wconf 89' lang='lat' dir='ltr'>mendum</span> <span class='ocrx_word' id='word_1_89' title='bbox 509 1112 642 1143; x_wconf 86' lang='lat' dir='ltr'>detexit</span> <span class='ocrx_word' id='word_1_90' title='bbox 666 1112 757 1152; x_wconf 88' lang='lat' dir='ltr'>Lips.</span> <span class='ocrx_word' id='word_1_91' title='bbox 786 1112 820 1142; x_wconf 89' lang='lat' dir='ltr'>in</span> <span class='ocrx_word' id='word_1_92' title='bbox 835 1113 924 1143; x_wconf 93' lang='lat' dir='ltr'>Vell.</span> 
     </span>
     <span class='ocr_line' id='line_1_16' title="bbox 227 1162 923 1204; baseline 0 -10"><span class='ocrx_word' id='word_1_93' title='bbox 227 1172 268 1194; x_wconf 85' lang='lat'>11.</span> <span class='ocrx_word' id='word_1_94' title='bbox 284 1165 337 1194; x_wconf 84' lang='grc'>84.</span> <span class='ocrx_word' id='word_1_95' title='bbox 353 1166 384 1196; x_wconf 82' lang='grc'>2.</span> <span class='ocrx_word' id='word_1_96' title='bbox 408 1163 418 1182; x_wconf 91' lang='lat'>‘</span> <span class='ocrx_word' id='word_1_97' title='bbox 435 1163 584 1204; x_wconf 86' lang='lat' dir='ltr'>Vigebat</span> <span class='ocrx_word' id='word_1_98' title='bbox 595 1163 630 1193; x_wconf 93' lang='lat' dir='ltr'>in</span> <span class='ocrx_word' id='word_1_99' title='bbox 641 1162 704 1194; x_wconf 85' lang='lat' dir='ltr'>hac</span> <span class='ocrx_word' id='word_1_100' title='bbox 715 1168 812 1204; x_wconf 88' lang='lat' dir='ltr'>parte</span> <span class='ocrx_word' id='word_1_101' title='bbox 825 1163 923 1194; x_wconf 89' lang='lat' dir='ltr'>miles</span> 
     </span>
     <span class='ocr_line' id='line_1_17' title="bbox 227 1213 924 1255; baseline 0 -10"><span class='ocrx_word' id='word_1_102' title='bbox 227 1218 330 1255; x_wconf 89' lang='lat' dir='ltr'>atque</span> <span class='ocrx_word' id='word_1_103' title='bbox 352 1214 558 1254; x_wconf 84' lang='lat' dir='ltr'>imperator:</span> <span class='ocrx_word' id='word_1_104' title='bbox 581 1213 641 1245; x_wconf 87' lang='lat' dir='ltr'>illa</span> <span class='ocrx_word' id='word_1_105' title='bbox 662 1218 837 1245; x_wconf 83' lang='lat' dir='ltr'>marceant</span> <span class='ocrx_word' id='word_1_106' title='bbox 861 1214 924 1254; x_wconf 88' lang='lat' dir='ltr'>[ita</span> 
     </span>
     <span class='ocr_line' id='line_1_18' title="bbox 226 1263 924 1304; baseline 0 -10"><span class='ocrx_word' id='word_1_107' title='bbox 226 1264 381 1295; x_wconf 88' lang='lat' dir='ltr'>Freinsh.</span> <span class='ocrx_word' id='word_1_108' title='bbox 391 1264 532 1304; x_wconf 89' lang='lat' dir='ltr'>optime,</span> <span class='ocrx_word' id='word_1_109' title='bbox 540 1273 616 1294; x_wconf 90' lang='lat' dir='ltr'>cum</span> <span class='ocrx_word' id='word_1_110' title='bbox 626 1267 718 1294; x_wconf 87' lang='lat' dir='ltr'>esset</span> <span class='ocrx_word' id='word_1_111' title='bbox 729 1268 829 1294; x_wconf 85' lang='lat' dir='ltr'>antea</span> <span class='ocrx_word' id='word_1_112' title='bbox 837 1263 924 1294; x_wconf 84' lang='lat' dir='ltr'>illam</span> 
     </span>
     <span class='ocr_line' id='line_1_19' title="bbox 227 1313 924 1354; baseline 0 -9"><span class='ocrx_word' id='word_1_113' title='bbox 227 1314 384 1354; x_wconf 82' lang='lat' dir='ltr'>arcebant]</span> <span class='ocrx_word' id='word_1_114' title='bbox 400 1314 533 1345; x_wconf 87' lang='lat' dir='ltr'>omnia:</span> <span class='ocrx_word' id='word_1_115' title='bbox 558 1313 635 1345; x_wconf 92' lang='lat' dir='ltr'>hinc</span> <span class='ocrx_word' id='word_1_116' title='bbox 656 1313 798 1353; x_wconf 81' lang='lat' dir='ltr'>remiges</span> <span class='ocrx_word' id='word_1_117' title='bbox 821 1314 924 1354; x_wconf 90' lang='lat' dir='ltr'>[male</span> 
     </span>
     <span class='ocr_line' id='line_1_20' title="bbox 228 1362 923 1404; baseline -0.001 -9"><span class='ocrx_word' id='word_1_118' title='bbox 228 1363 346 1404; x_wconf 74' lang='lat' dir='ltr'>reges],</span> <span class='ocrx_word' id='word_1_119' title='bbox 379 1363 583 1395; x_wconf 86' lang='lat' dir='ltr'>firmissimi:</span> <span class='ocrx_word' id='word_1_120' title='bbox 615 1364 709 1394; x_wconf 87' lang='lat' dir='ltr'>illinc</span> <span class='ocrx_word' id='word_1_121' title='bbox 734 1363 848 1404; x_wconf 88' lang='lat' dir='ltr'>inopia</span> <span class='ocrx_word' id='word_1_122' title='bbox 874 1362 923 1394; x_wconf 90' lang='lat' dir='ltr'>af-</span> 
     </span>
     <span class='ocr_line' id='line_1_21' title="bbox 228 1413 924 1446; baseline 0 -2"><span class='ocrx_word' id='word_1_123' title='bbox 228 1413 428 1446; x_wconf 69' lang='lat' dir='ltr'>fectissimi?</span> <span class='ocrx_word' id='word_1_124' title='bbox 443 1415 624 1445; x_wconf 82' lang='lat' dir='ltr'>Berneccer.</span> <span class='ocrx_word' id='word_1_125' title='bbox 639 1414 660 1446; x_wconf 84' lang='lat' dir='ltr'>J</span> <span class='ocrx_word' id='word_1_126' title='bbox 665 1417 733 1445; x_wconf 87' lang='lat' dir='ltr'>unt.</span> <span class='ocrx_word' id='word_1_127' title='bbox 742 1415 856 1444; x_wconf 82' lang='lat' dir='ltr'>Eadem</span> <span class='ocrx_word' id='word_1_128' title='bbox 866 1415 924 1445; x_wconf 86' lang='lat' dir='ltr'>mi-</span> 
     </span>
     <span class='ocr_line' id='line_1_22' title="bbox 227 1464 924 1495; baseline 0.001 -1"><span class='ocrx_word' id='word_1_129' title='bbox 227 1464 318 1494; x_wconf 79' lang='lat' dir='ltr'>litum</span> <span class='ocrx_word' id='word_1_130' title='bbox 340 1467 370 1494; x_wconf 86' lang='lat' dir='ltr'>et</span> <span class='ocrx_word' id='word_1_131' title='bbox 393 1464 526 1494; x_wconf 81' lang='lat' dir='ltr'>omnium</span> <span class='ocrx_word' id='word_1_132' title='bbox 545 1464 657 1494; x_wconf 84' lang='lat' dir='ltr'>civium</span> <span class='ocrx_word' id='word_1_133' title='bbox 678 1474 763 1495; x_wconf 84' lang='lat' dir='ltr'>cura.</span> <span class='ocrx_word' id='word_1_134' title='bbox 808 1464 924 1495; x_wconf 90' lang='lat' dir='ltr'>Probo</span> 
     </span>
     <span class='ocr_line' id='line_1_23' title="bbox 228 1513 924 1545; baseline -0.001 0"><span class='ocrx_word' id='word_1_135' title='bbox 228 1513 352 1545; x_wconf 89' lang='lat' dir='ltr'>Sebisii</span> <span class='ocrx_word' id='word_1_136' title='bbox 383 1513 654 1545; x_wconf 84' lang='lat' dir='ltr'>emendationem</span> <span class='ocrx_word' id='word_1_137' title='bbox 687 1514 924 1545; x_wconf 86' lang='lat' dir='ltr'>certissimam.</span> 
     </span>
     <span class='ocr_line' id='line_1_24' title="bbox 233 1564 924 1605; baseline -0.001 -10"><span class='ocrx_word' id='word_1_138' title='bbox 233 1564 340 1596; x_wconf 85' lang='lat' dir='ltr'>Graev.</span> <span class='ocrx_word' id='word_1_139' title='bbox 383 1564 579 1605; x_wconf 82' lang='lat' dir='ltr'>Ingeniose‚</span> <span class='ocrx_word' id='word_1_140' title='bbox 594 1569 632 1595; x_wconf 90' lang='lat' dir='ltr'>ut</span> <span class='ocrx_word' id='word_1_141' title='bbox 654 1564 795 1604; x_wconf 82' lang='lat' dir='ltr'>solebat,</span> <span class='ocrx_word' id='word_1_142' title='bbox 818 1564 924 1595; x_wconf 89' lang='lat' dir='ltr'>Sebis.</span> 
     </span>
     <span class='ocr_line' id='line_1_25' title="bbox 229 1614 926 1655; baseline -0.001 -9"><span class='ocrx_word' id='word_1_143' title='bbox 229 1615 366 1655; x_wconf 84' lang='lat' dir='ltr'>legebat</span> <span class='ocrx_word' id='word_1_144' title='bbox 380 1615 543 1654; x_wconf 80' lang='lat' dir='ltr'>remigum.</span> <span class='ocrx_word' id='word_1_145' title='bbox 585 1615 711 1646; x_wconf 87' lang='lat' dir='ltr'>Tamen</span> <span class='ocrx_word' id='word_1_146' title='bbox 728 1624 803 1645; x_wconf 89' lang='lat' dir='ltr'>cum</span> <span class='ocrx_word' id='word_1_147' title='bbox 821 1614 926 1645; x_wconf 86' lang='lat' dir='ltr'>addat</span> 
     </span>
     <span class='ocr_line' id='line_1_26' title="bbox 229 1665 926 1706; baseline -0.003 -9"><span class='ocrx_word' id='word_1_148' title='bbox 229 1666 319 1698; x_wconf 87' lang='lat' dir='ltr'>Just.</span> <span class='ocrx_word' id='word_1_149' title='bbox 348 1665 358 1682; x_wconf 85' lang='lat'>‘</span> <span class='ocrx_word' id='word_1_150' title='bbox 375 1675 458 1706; x_wconf 88' lang='lat' dir='ltr'>quos</span> <span class='ocrx_word' id='word_1_151' title='bbox 488 1665 595 1705; x_wconf 87' lang='lat' dir='ltr'>major</span> <span class='ocrx_word' id='word_1_152' title='bbox 622 1665 663 1705; x_wconf 75' lang='lat' dir='ltr'>[s.</span> <span class='ocrx_word' id='word_1_153' title='bbox 692 1675 725 1695; x_wconf 90' lang='lat' dir='ltr'>eo</span> <span class='ocrx_word' id='word_1_154' title='bbox 755 1665 862 1704; x_wconf 79' lang='lat' dir='ltr'>major,</span> <span class='ocrx_word' id='word_1_155' title='bbox 887 1669 926 1695; x_wconf 92' lang='lat' dir='ltr'>ut</span> 
     </span>
     <span class='ocr_line' id='line_1_27' title="bbox 229 1714 925 1754; baseline -0.001 -9"><span class='ocrx_word' id='word_1_156' title='bbox 229 1714 409 1754; x_wconf 88' lang='lat' dir='ltr'>Bernecc.]</span> <span class='ocrx_word' id='word_1_157' title='bbox 433 1714 609 1746; x_wconf 88' lang='lat' dir='ltr'>solicitudo</span> <span class='ocrx_word' id='word_1_158' title='bbox 643 1714 830 1753; x_wconf 87' lang='lat' dir='ltr'>cruciabat,</span> <span class='ocrx_word' id='word_1_159' title='bbox 859 1723 925 1745; x_wconf 92' lang='lat' dir='ltr'>non</span> 
     </span>
     <span class='ocr_line' id='line_1_28' title="bbox 229 1764 927 1806; baseline -0.001 -11"><span class='ocrx_word' id='word_1_160' title='bbox 229 1769 299 1796; x_wconf 87' lang='lat' dir='ltr'>tam</span> <span class='ocrx_word' id='word_1_161' title='bbox 311 1775 353 1796; x_wconf 88' lang='lat' dir='ltr'>ue</span> <span class='ocrx_word' id='word_1_162' title='bbox 366 1765 430 1805; x_wconf 91' lang='lat' dir='ltr'>ipsi</span> <span class='ocrx_word' id='word_1_163' title='bbox 444 1765 601 1806; x_wconf 79' lang='lat' dir='ltr'>quaesitas</span> <span class='ocrx_word' id='word_1_164' title='bbox 612 1774 694 1805; x_wconf 90' lang='lat' dir='ltr'>opes</span> <span class='ocrx_word' id='word_1_165' title='bbox 707 1764 927 1802; x_wconf 86' lang='lat' dir='ltr'>amitterent‚’</span> 
     </span>
     <span class='ocr_line' id='line_1_29' title="bbox 229 1814 926 1855; baseline -0.003 -9"><span class='ocrx_word' id='word_1_166' title='bbox 229 1817 294 1847; x_wconf 87' lang='lat' dir='ltr'>&amp;c.</span> <span class='ocrx_word' id='word_1_167' title='bbox 318 1820 354 1846; x_wconf 88' lang='lat' dir='ltr'>et</span> <span class='ocrx_word' id='word_1_168' title='bbox 372 1825 448 1847; x_wconf 92' lang='lat' dir='ltr'>cum</span> <span class='ocrx_word' id='word_1_169' title='bbox 472 1820 540 1846; x_wconf 88' lang='lat' dir='ltr'>tam</span> <span class='ocrx_word' id='word_1_170' title='bbox 565 1815 684 1846; x_wconf 88' lang='lat' dir='ltr'>nobilis</span> <span class='ocrx_word' id='word_1_171' title='bbox 707 1820 844 1855; x_wconf 88' lang='lat' dir='ltr'>tamque</span> <span class='ocrx_word' id='word_1_172' title='bbox 869 1814 926 1845; x_wconf 81' lang='lat' dir='ltr'>he-</span> 
     </span>
     <span class='ocr_line' id='line_1_30' title="bbox 230 1865 926 1905; baseline -0.001 -9"><span class='ocrx_word' id='word_1_173' title='bbox 230 1866 324 1897; x_wconf 86' lang='lat' dir='ltr'>roica</span> <span class='ocrx_word' id='word_1_174' title='bbox 340 1866 519 1897; x_wconf 85' lang='lat' dir='ltr'>solicitudo</span> <span class='ocrx_word' id='word_1_175' title='bbox 542 1866 645 1897; x_wconf 90' lang='lat' dir='ltr'>duces</span> <span class='ocrx_word' id='word_1_176' title='bbox 661 1866 766 1896; x_wconf 91' lang='lat' dir='ltr'>multo</span> <span class='ocrx_word' id='word_1_177' title='bbox 782 1865 926 1905; x_wconf 84' lang='lat' dir='ltr'>attingat</span> 
     </span>
     <span class='ocr_line' id='line_1_31' title="bbox 229 1914 924 1956; baseline -0.001 -10"><span class='ocrx_word' id='word_1_178' title='bbox 229 1916 366 1956; x_wconf 88' lang='lat' dir='ltr'>propius</span> <span class='ocrx_word' id='word_1_179' title='bbox 380 1925 477 1956; x_wconf 90' lang='lat' dir='ltr'>quam</span> <span class='ocrx_word' id='word_1_180' title='bbox 495 1916 652 1955; x_wconf 81' lang='lat' dir='ltr'>remiges,</span> <span class='ocrx_word' id='word_1_181' title='bbox 676 1915 740 1945; x_wconf 88' lang='lat' dir='ltr'>vile</span> <span class='ocrx_word' id='word_1_182' title='bbox 757 1914 924 1946; x_wconf 85' lang='lat' dir='ltr'>hominum</span> 
     </span>
     <span class='ocr_line' id='line_1_32' title="bbox 229 1965 926 2006; baseline -0.001 -10"><span class='ocrx_word' id='word_1_183' title='bbox 229 1975 348 2004; x_wconf 82' lang='lat' dir='ltr'>genus,</span> <span class='ocrx_word' id='word_1_184' title='bbox 362 1970 397 1996; x_wconf 91' lang='lat' dir='ltr'>et</span> <span class='ocrx_word' id='word_1_185' title='bbox 413 1966 455 1996; x_wconf 90' lang='lat' dir='ltr'>ad</span> <span class='ocrx_word' id='word_1_186' title='bbox 473 1975 609 2006; x_wconf 88' lang='lat' dir='ltr'>poscam</span> <span class='ocrx_word' id='word_1_187' title='bbox 626 1969 662 1996; x_wconf 88' lang='lat' dir='ltr'>et</span> <span class='ocrx_word' id='word_1_188' title='bbox 680 1965 853 2005; x_wconf 86' lang='lat' dir='ltr'>porcinam</span> <span class='ocrx_word' id='word_1_189' title='bbox 868 1974 926 1995; x_wconf 86' lang='lat' dir='ltr'>na-</span> 
     </span>
     <span class='ocr_line' id='line_1_33' title="bbox 231 2014 925 2053; baseline 0 -9"><span class='ocrx_word' id='word_1_190' title='bbox 231 2019 313 2053; x_wconf 88' lang='lat' dir='ltr'>tum,</span> <span class='ocrx_word' id='word_1_191' title='bbox 328 2014 381 2045; x_wconf 87' lang='lat' dir='ltr'>hic</span> <span class='ocrx_word' id='word_1_192' title='bbox 396 2015 419 2046; x_wconf 92' lang='lat' dir='ltr'>l.</span> <span class='ocrx_word' id='word_1_193' title='bbox 444 2018 479 2045; x_wconf 89' lang='lat' dir='ltr'>et</span> <span class='ocrx_word' id='word_1_194' title='bbox 501 2014 675 2045; x_wconf 90' lang='lat' dir='ltr'>commode</span> <span class='ocrx_word' id='word_1_195' title='bbox 692 2019 727 2045; x_wconf 89' lang='lat' dir='ltr'>et</span> <span class='ocrx_word' id='word_1_196' title='bbox 745 2023 787 2044; x_wconf 86' lang='lat' dir='ltr'>ex</span> <span class='ocrx_word' id='word_1_197' title='bbox 811 2019 925 2045; x_wconf 86' lang='lat' dir='ltr'>mente</span> 
     </span>
     <span class='ocr_line' id='line_1_34' title="bbox 229 2063 924 2105; baseline -0.001 -9"><span class='ocrx_word' id='word_1_198' title='bbox 229 2063 354 2096; x_wconf 88' lang='lat' dir='ltr'>Justini</span> <span class='ocrx_word' id='word_1_199' title='bbox 376 2064 424 2095; x_wconf 91' lang='lat' dir='ltr'>sic</span> <span class='ocrx_word' id='word_1_200' title='bbox 448 2064 526 2094; x_wconf 91' lang='lat' dir='ltr'>mihi</span> <span class='ocrx_word' id='word_1_201' title='bbox 551 2064 618 2105; x_wconf 88' lang='lat' dir='ltr'>legi</span> <span class='ocrx_word' id='word_1_202' title='bbox 645 2074 744 2105; x_wconf 88' lang='lat' dir='ltr'>posse</span> <span class='ocrx_word' id='word_1_203' title='bbox 767 2065 924 2095; x_wconf 83' lang='lat' dir='ltr'>videtur:</span> 
     </span>
     <span class='ocr_line' id='line_1_35' title="bbox 230 2114 926 2146; baseline 0.001 -2"><span class='ocrx_word' id='word_1_204' title='bbox 230 2115 272 2144; x_wconf 90' lang='lat' dir='ltr'>E.</span> <span class='ocrx_word' id='word_1_205' title='bbox 287 2124 328 2145; x_wconf 88' lang='lat' dir='ltr'>m.</span> <span class='ocrx_word' id='word_1_206' title='bbox 343 2117 373 2144; x_wconf 81' lang='lat' dir='ltr'>et</span> <span class='ocrx_word' id='word_1_207' title='bbox 388 2125 416 2146; x_wconf 89' lang='grc' dir='ltr'>ο.</span> <span class='ocrx_word' id='word_1_208' title='bbox 430 2115 539 2145; x_wconf 82' lang='lat' dir='ltr'>ducum</span> <span class='ocrx_word' id='word_1_209' title='bbox 558 2125 585 2145; x_wconf 87' lang='lat' dir='ltr'>c.</span> <span class='ocrx_word' id='word_1_210' title='bbox 604 2124 630 2146; x_wconf 87' lang='lat' dir='ltr'>e.</span> <span class='ocrx_word' id='word_1_211' title='bbox 653 2114 775 2146; x_wconf 87' lang='lat' dir='ltr'>Faber.</span> <span class='ocrx_word' id='word_1_212' title='bbox 824 2115 926 2146; x_wconf 84' lang='lat' dir='ltr'>Nulla</span> 
     </span>
     <span class='ocr_line' id='line_1_36' title="bbox 230 2163 925 2205; baseline 0.001 -11"><span class='ocrx_word' id='word_1_213' title='bbox 230 2163 312 2194; x_wconf 89' lang='lat' dir='ltr'>mihi</span> <span class='ocrx_word' id='word_1_214' title='bbox 332 2164 450 2205; x_wconf 86' lang='lat' dir='ltr'>religio</span> <span class='ocrx_word' id='word_1_215' title='bbox 472 2163 538 2196; x_wconf 85' lang='lat' dir='ltr'>fuit</span> <span class='ocrx_word' id='word_1_216' title='bbox 563 2165 596 2195; x_wconf 90' lang='lat' dir='ltr'>in</span> <span class='ocrx_word' id='word_1_217' title='bbox 620 2168 750 2195; x_wconf 86' lang='lat' dir='ltr'>textum</span> <span class='ocrx_word' id='word_1_218' title='bbox 772 2165 925 2204; x_wconf 87' lang='lat' dir='ltr'>recipere</span> 
     </span>
     <span class='ocr_line' id='line_1_37' title="bbox 231 2214 926 2255; baseline 0 -10"><span class='ocrx_word' id='word_1_219' title='bbox 231 2214 502 2247; x_wconf 84' lang='lat' dir='ltr'>emendationem</span> <span class='ocrx_word' id='word_1_220' title='bbox 539 2215 670 2253; x_wconf 86' lang='lat' dir='ltr'>Sebisii,</span> <span class='ocrx_word' id='word_1_221' title='bbox 708 2224 771 2255; x_wconf 91' lang='lat' dir='ltr'>pro</span> <span class='ocrx_word' id='word_1_222' title='bbox 805 2224 926 2254; x_wconf 79' lang='lat' dir='ltr'>regum,</span> 
     </span>
     <span class='ocr_line' id='line_1_38' title="bbox 230 2264 927 2305; baseline 0.001 -11"><span class='ocrx_word' id='word_1_223' title='bbox 230 2264 320 2304; x_wconf 92' lang='lat' dir='ltr'>quod</span> <span class='ocrx_word' id='word_1_224' title='bbox 335 2265 436 2304; x_wconf 88' lang='lat' dir='ltr'>vulgo</span> <span class='ocrx_word' id='word_1_225' title='bbox 457 2264 591 2305; x_wconf 87' lang='lat' dir='ltr'>legitur,</span> <span class='ocrx_word' id='word_1_226' title='bbox 611 2264 816 2296; x_wconf 89' lang='lat' dir='ltr'>rescribend.</span> <span class='ocrx_word' id='word_1_227' title='bbox 834 2265 927 2305; x_wconf 85' lang='lat' dir='ltr'>judi-</span> 
     </span>
     <span class='ocr_line' id='line_1_39' title="bbox 231 2313 927 2354; baseline 0.001 -11"><span class='ocrx_word' id='word_1_228' title='bbox 231 2313 339 2344; x_wconf 84' lang='lat' dir='ltr'>cantis</span> <span class='ocrx_word' id='word_1_229' title='bbox 365 2314 528 2353; x_wconf 82' lang='lat' dir='ltr'>remigum.</span> <span class='ocrx_word' id='word_1_230' title='bbox 574 2314 711 2354; x_wconf 85' lang='lat' dir='ltr'>Quippe</span> <span class='ocrx_word' id='word_1_231' title='bbox 733 2324 842 2353; x_wconf 77' lang='lat' dir='ltr'>regum</span> <span class='ocrx_word' id='word_1_232' title='bbox 865 2324 927 2354; x_wconf 86' lang='lat' dir='ltr'>per</span> 
     </span>
     <span class='ocr_line' id='line_1_40' title="bbox 231 2363 927 2405; baseline 0.001 -12"><span class='ocrx_word' id='word_1_233' title='bbox 231 2372 267 2393; x_wconf 87' lang='lat' dir='ltr'>se</span> <span class='ocrx_word' id='word_1_234' title='bbox 281 2363 377 2394; x_wconf 91' lang='lat' dir='ltr'>nihili</span> <span class='ocrx_word' id='word_1_235' title='bbox 389 2364 444 2396; x_wconf 88' lang='lat' dir='ltr'>hic</span> <span class='ocrx_word' id='word_1_236' title='bbox 465 2369 529 2396; x_wconf 88' lang='lat' dir='ltr'>est.</span> <span class='ocrx_word' id='word_1_237' title='bbox 575 2365 732 2405; x_wconf 85' lang='lat' dir='ltr'>Remiges</span> <span class='ocrx_word' id='word_1_238' title='bbox 757 2369 868 2395; x_wconf 90' lang='lat' dir='ltr'>autem</span> <span class='ocrx_word' id='word_1_239' title='bbox 892 2364 927 2395; x_wconf 89' lang='lat' dir='ltr'>in</span> 
     </span>
     <span class='ocr_line' id='line_1_41' title="bbox 230 2413 927 2455; baseline 0.001 -11"><span class='ocrx_word' id='word_1_240' title='bbox 230 2413 291 2445; x_wconf 89' lang='lat' dir='ltr'>hac</span> <span class='ocrx_word' id='word_1_241' title='bbox 307 2414 448 2446; x_wconf 87' lang='lat' dir='ltr'>historia</span> <span class='ocrx_word' id='word_1_242' title='bbox 467 2425 543 2446; x_wconf 88' lang='lat' dir='ltr'>cum</span> <span class='ocrx_word' id='word_1_243' title='bbox 566 2415 730 2446; x_wconf 89' lang='lat' dir='ltr'>militibus</span> <span class='ocrx_word' id='word_1_244' title='bbox 753 2415 927 2455; x_wconf 86' lang='lat' dir='ltr'>conjungit</span> 
     </span>
     <span class='ocr_line' id='line_1_42' title="bbox 231 2465 927 2505; baseline 0.001 -10"><span class='ocrx_word' id='word_1_245' title='bbox 231 2468 267 2495; x_wconf 90' lang='lat' dir='ltr'>et</span> <span class='ocrx_word' id='word_1_246' title='bbox 282 2465 471 2505; x_wconf 82' lang='lat' dir='ltr'>exscriptor</span> <span class='ocrx_word' id='word_1_247' title='bbox 483 2465 609 2498; x_wconf 85' lang='lat' dir='ltr'>Justini</span> <span class='ocrx_word' id='word_1_248' title='bbox 622 2466 723 2497; x_wconf 90' lang='lat' dir='ltr'>Oros.</span> <span class='ocrx_word' id='word_1_249' title='bbox 735 2474 791 2496; x_wconf 87' lang='lat'>111.</span> <span class='ocrx_word' id='word_1_250' title='bbox 806 2469 836 2496; x_wconf 84' lang='lat'>1.</span> <span class='ocrx_word' id='word_1_251' title='bbox 857 2465 927 2496; x_wconf 92' lang='lat' dir='ltr'>Sed</span> 
     </span>
     <span class='ocr_line' id='line_1_43' title="bbox 232 2513 926 2555; baseline 0.003 -11"><span class='ocrx_word' id='word_1_252' title='bbox 232 2513 354 2554; x_wconf 88' lang='lat' dir='ltr'>etipse</span> <span class='ocrx_word' id='word_1_253' title='bbox 376 2515 467 2547; x_wconf 87' lang='lat' dir='ltr'>Just.</span> <span class='ocrx_word' id='word_1_254' title='bbox 489 2514 550 2547; x_wconf 91' lang='lat' dir='ltr'>inf.</span> <span class='ocrx_word' id='word_1_255' title='bbox 573 2524 623 2547; x_wconf 83' lang='lat' dir='ltr'>VI.</span> <span class='ocrx_word' id='word_1_256' title='bbox 645 2518 677 2546; x_wconf 83' lang='lat'>9.</span> <span class='ocrx_word' id='word_1_257' title='bbox 701 2519 733 2546; x_wconf 87' lang='grc'>5.</span> <span class='ocrx_word' id='word_1_258' title='bbox 759 2520 795 2546; x_wconf 89' lang='lat' dir='ltr'>et</span> <span class='ocrx_word' id='word_1_259' title='bbox 819 2515 926 2555; x_wconf 89' lang='lat' dir='ltr'>serip-</span> 
     </span>
     <span class='ocr_line' id='line_1_44' title="bbox 232 2564 927 2605; baseline 0.001 -11"><span class='ocrx_word' id='word_1_260' title='bbox 232 2566 322 2595; x_wconf 82' lang='lat' dir='ltr'>tores</span> <span class='ocrx_word' id='word_1_261' title='bbox 338 2564 420 2595; x_wconf 89' lang='lat' dir='ltr'>item</span> <span class='ocrx_word' id='word_1_262' title='bbox 436 2565 492 2595; x_wconf 86' lang='lat' dir='ltr'>alii</span> <span class='ocrx_word' id='word_1_263' title='bbox 507 2565 516 2582; x_wconf 87' lang='lat'>‘</span> <span class='ocrx_word' id='word_1_264' title='bbox 529 2564 670 2596; x_wconf 87' lang='lat' dir='ltr'>milites&#39;</span> <span class='ocrx_word' id='word_1_265' title='bbox 688 2570 723 2596; x_wconf 87' lang='lat' dir='ltr'>et</span> <span class='ocrx_word' id='word_1_266' title='bbox 738 2566 747 2582; x_wconf 88' lang='lat'>‘</span> <span class='ocrx_word' id='word_1_267' title='bbox 766 2564 927 2605; x_wconf 83' lang='lat' dir='ltr'>remiges&#39;</span> 
     </span>
     <span class='ocr_line' id='line_1_45' title="bbox 232 2613 927 2656; baseline 0.004 -13"><span class='ocrx_word' id='word_1_268' title='bbox 232 2613 374 2645; x_wconf 90' lang='lat' dir='ltr'>subinde</span> <span class='ocrx_word' id='word_1_269' title='bbox 404 2615 624 2656; x_wconf 85' lang='lat' dir='ltr'>conjungunt.</span> <span class='ocrx_word' id='word_1_270' title='bbox 660 2615 766 2646; x_wconf 79' lang='lat' dir='ltr'>Vorst.</span> <span class='ocrx_word' id='word_1_271' title='bbox 819 2615 927 2647; x_wconf 88' lang='lat' dir='ltr'>Sebis.</span> 
     </span>
     <span class='ocr_line' id='line_1_46' title="bbox 232 2665 928 2706; baseline 0.004 -13"><span class='ocrx_word' id='word_1_272' title='bbox 232 2672 294 2702; x_wconf 87' lang='lat' dir='ltr'>pro</span> <span class='ocrx_word' id='word_1_273' title='bbox 306 2673 423 2706; x_wconf 81' lang='lat' dir='ltr'>regum,</span> <span class='ocrx_word' id='word_1_274' title='bbox 435 2665 523 2705; x_wconf 87' lang='lat' dir='ltr'>quod</span> <span class='ocrx_word' id='word_1_275' title='bbox 537 2665 590 2696; x_wconf 82' lang='lat' dir='ltr'>hic</span> <span class='ocrx_word' id='word_1_276' title='bbox 603 2670 655 2696; x_wconf 86' lang='lat' dir='ltr'>est</span> <span class='ocrx_word' id='word_1_277' title='bbox 668 2665 832 2705; x_wconf 84' lang='lat' dir='ltr'>ineptum,</span> <span class='ocrx_word' id='word_1_278' title='bbox 843 2665 928 2705; x_wconf 86' lang='lat' dir='ltr'>legit</span> 
     </span>
     <span class='ocr_line' id='line_1_47' title="bbox 233 2713 927 2753; baseline 0.003 -10"><span class='ocrx_word' id='word_1_279' title='bbox 233 2713 393 2753; x_wconf 80' lang='lat' dir='ltr'>remigum.</span> <span class='ocrx_word' id='word_1_280' title='bbox 437 2715 512 2746; x_wconf 85' lang='lat' dir='ltr'>Viri</span> <span class='ocrx_word' id='word_1_281' title='bbox 542 2715 676 2748; x_wconf 82' lang='lat' dir='ltr'>doctiss.</span> <span class='ocrx_word' id='word_1_282' title='bbox 703 2715 927 2746; x_wconf 86' lang='lat' dir='ltr'>certissimam</span> 
     </span>
     <span class='ocr_line' id='line_1_48' title="bbox 234 2762 928 2805; baseline 0.006 -13"><span class='ocrx_word' id='word_1_283' title='bbox 234 2762 319 2794; x_wconf 88' lang='lat' dir='ltr'>hanc</span> <span class='ocrx_word' id='word_1_284' title='bbox 334 2769 456 2796; x_wconf 90' lang='lat' dir='ltr'>vocant</span> <span class='ocrx_word' id='word_1_285' title='bbox 474 2765 756 2805; x_wconf 86' lang='lat' dir='ltr'>emendationem,</span> <span class='ocrx_word' id='word_1_286' title='bbox 772 2765 827 2796; x_wconf 91' lang='lat' dir='ltr'>alii</span> <span class='ocrx_word' id='word_1_287' title='bbox 844 2770 878 2796; x_wconf 88' lang='lat' dir='ltr'>et</span> <span class='ocrx_word' id='word_1_288' title='bbox 893 2765 928 2796; x_wconf 87' lang='lat' dir='ltr'>in</span> 
     </span>
     <span class='ocr_line' id='line_1_49' title="bbox 237 2814 929 2855; baseline 0.009 -14"><span class='ocrx_word' id='word_1_289' title='bbox 237 2815 369 2843; x_wconf 88' lang='lat' dir='ltr'>textum</span> <span class='ocrx_word' id='word_1_290' title='bbox 394 2814 575 2854; x_wconf 90' lang='lat' dir='ltr'>recipiunt.</span> <span class='ocrx_word' id='word_1_291' title='bbox 620 2815 754 2855; x_wconf 89' lang='lat' dir='ltr'>Nempe</span> <span class='ocrx_word' id='word_1_292' title='bbox 787 2819 824 2847; x_wconf 87' lang='lat' dir='ltr'>et</span> <span class='ocrx_word' id='word_1_293' title='bbox 848 2815 929 2847; x_wconf 85' lang='lat' dir='ltr'>alibi</span> 
     </span>
     <span class='ocr_line' id='line_1_50' title="bbox 235 2859 928 2907; baseline 0.007 -14"><span class='ocrx_word' id='word_1_294' title='bbox 235 2859 244 2876; x_wconf 96' lang='lat'>‘</span> <span class='ocrx_word' id='word_1_295' title='bbox 262 2861 404 2895; x_wconf 88' lang='lat' dir='ltr'>milites&#39;</span> <span class='ocrx_word' id='word_1_296' title='bbox 430 2868 466 2895; x_wconf 87' lang='lat' dir='ltr'>et</span> <span class='ocrx_word' id='word_1_297' title='bbox 489 2865 498 2881; x_wconf 94' lang='lat'>‘</span> <span class='ocrx_word' id='word_1_298' title='bbox 514 2864 677 2906; x_wconf 87' lang='lat' dir='ltr'>remiges&#39;</span> <span class='ocrx_word' id='word_1_299' title='bbox 706 2865 799 2898; x_wconf 82' lang='lat' dir='ltr'>aiunt</span> <span class='ocrx_word' id='word_1_300' title='bbox 820 2866 928 2907; x_wconf 81' lang='lat' dir='ltr'>jungi.</span> 
     </span>
    </p>
   </div>
   <div class='ocr_carea' id='block_1_3' title="bbox 970 461 1675 2904">
    <p class='ocr_par' dir='ltr' id='par_1_3' title="bbox 970 461 1673 1552">
     <span class='ocr_line' id='line_1_51' title="bbox 972 461 1667 504; baseline 0.006 -11"><span class='ocrx_word' id='word_1_301' title='bbox 972 461 1019 494; x_wconf 86' lang='lat' dir='ltr'>At</span> <span class='ocrx_word' id='word_1_302' title='bbox 1047 463 1131 494; x_wconf 79' lang='lat' dir='ltr'>Mss.</span> <span class='ocrx_word' id='word_1_303' title='bbox 1156 465 1275 504; x_wconf 88' lang='lat' dir='ltr'>optimi</span> <span class='ocrx_word' id='word_1_304' title='bbox 1304 475 1421 497; x_wconf 89' lang='lat' dir='ltr'>vocem</span> <span class='ocrx_word' id='word_1_305' title='bbox 1445 467 1578 497; x_wconf 71' lang='lat' dir='ltr'>militnm</span> <span class='ocrx_word' id='word_1_306' title='bbox 1603 477 1667 498; x_wconf 87' lang='lat' dir='ltr'>non</span> 
     </span>
     <span class='ocr_line' id='line_1_52' title="bbox 972 516 1669 557; baseline 0.006 -14"><span class='ocrx_word' id='word_1_307' title='bbox 972 520 1174 554; x_wconf 78' lang='lat' dir='ltr'>agnoscunt,</span> <span class='ocrx_word' id='word_1_308' title='bbox 1194 516 1250 546; x_wconf 89' lang='lat' dir='ltr'>alii</span> <span class='ocrx_word' id='word_1_309' title='bbox 1269 526 1328 555; x_wconf 90' lang='lat' dir='ltr'>pro</span> <span class='ocrx_word' id='word_1_310' title='bbox 1344 527 1384 548; x_wconf 91' lang='lat' dir='ltr'>eo</span> <span class='ocrx_word' id='word_1_311' title='bbox 1404 517 1529 548; x_wconf 84' lang='lat' dir='ltr'>habeut</span> <span class='ocrx_word' id='word_1_312' title='bbox 1544 517 1669 557; x_wconf 73' lang='lat' dir='ltr'>civium,</span> 
     </span>
     <span class='ocr_line' id='line_1_53' title="bbox 973 565 1668 599; baseline 0.004 -5"><span class='ocrx_word' id='word_1_313' title='bbox 973 569 1010 595; x_wconf 89' lang='lat' dir='ltr'>ut</span> <span class='ocrx_word' id='word_1_314' title='bbox 1035 565 1150 596; x_wconf 85' lang='lat' dir='ltr'>Graev.</span> <span class='ocrx_word' id='word_1_315' title='bbox 1174 571 1332 597; x_wconf 89' lang='lat' dir='ltr'>testatur.</span> <span class='ocrx_word' id='word_1_316' title='bbox 1378 567 1462 599; x_wconf 78' lang='lat' dir='ltr'>Quae</span> <span class='ocrx_word' id='word_1_317' title='bbox 1489 577 1540 597; x_wconf 84' lang='lat' dir='ltr'>res</span> <span class='ocrx_word' id='word_1_318' title='bbox 1567 567 1668 597; x_wconf 88' lang='lat' dir='ltr'>mani-</span> 
     </span>
     <span class='ocr_line' id='line_1_54' title="bbox 972 611 1669 647; baseline 0.006 -4"><span class='ocrx_word' id='word_1_319' title='bbox 972 611 1152 645; x_wconf 87' lang='lat' dir='ltr'>festissimo</span> <span class='ocrx_word' id='word_1_320' title='bbox 1169 618 1222 645; x_wconf 89' lang='lat' dir='ltr'>est</span> <span class='ocrx_word' id='word_1_321' title='bbox 1234 615 1357 646; x_wconf 93' lang='lat' dir='ltr'>indicio</span> <span class='ocrx_word' id='word_1_322' title='bbox 1380 625 1496 646; x_wconf 84' lang='lat' dir='ltr'>vocem</span> <span class='ocrx_word' id='word_1_323' title='bbox 1513 625 1585 647; x_wconf 88' lang='lat' dir='ltr'>eam</span> <span class='ocrx_word' id='word_1_324' title='bbox 1602 626 1669 647; x_wconf 86' lang='lat' dir='ltr'>non</span> 
     </span>
     <span class='ocr_line' id='line_1_55' title="bbox 971 662 1670 704; baseline 0.003 -11"><span class='ocrx_word' id='word_1_325' title='bbox 971 662 1097 694; x_wconf 80' lang='lat' dir='ltr'>Justini</span> <span class='ocrx_word' id='word_1_326' title='bbox 1113 673 1200 703; x_wconf 90' lang='lat' dir='ltr'>esse,</span> <span class='ocrx_word' id='word_1_327' title='bbox 1214 673 1330 695; x_wconf 89' lang='lat' dir='ltr'>verum</span> <span class='ocrx_word' id='word_1_328' title='bbox 1349 665 1556 704; x_wconf 78' lang='lat' dir='ltr'>glossatoris,</span> <span class='ocrx_word' id='word_1_329' title='bbox 1593 666 1670 696; x_wconf 86' lang='lat' dir='ltr'>Ma-</span> 
     </span>
     <span class='ocr_line' id='line_1_56' title="bbox 972 714 1670 755; baseline 0.003 -12"><span class='ocrx_word' id='word_1_330' title='bbox 972 717 1032 744; x_wconf 89' lang='lat' dir='ltr'>net</span> <span class='ocrx_word' id='word_1_331' title='bbox 1060 723 1141 754; x_wconf 85' lang='lat' dir='ltr'>ergo</span> <span class='ocrx_word' id='word_1_332' title='bbox 1168 714 1267 745; x_wconf 91' lang='lat' dir='ltr'>unica</span> <span class='ocrx_word' id='word_1_333' title='bbox 1292 724 1356 744; x_wconf 85' lang='lat' dir='ltr'>vox</span> <span class='ocrx_word' id='word_1_334' title='bbox 1384 723 1513 752; x_wconf 83' lang='lat' dir='ltr'>regum:</span> <span class='ocrx_word' id='word_1_335' title='bbox 1536 714 1577 744; x_wconf 91' lang='lat' dir='ltr'>de</span> <span class='ocrx_word' id='word_1_336' title='bbox 1603 725 1670 755; x_wconf 89' lang='lat' dir='ltr'>qua</span> 
     </span>
     <span class='ocr_line' id='line_1_57' title="bbox 972 764 1670 804; baseline 0 -10"><span class='ocrx_word' id='word_1_337' title='bbox 972 773 1067 803; x_wconf 83' lang='lat' dir='ltr'>ecce,</span> <span class='ocrx_word' id='word_1_338' title='bbox 1082 773 1157 804; x_wconf 88' lang='lat' dir='ltr'>quae</span> <span class='ocrx_word' id='word_1_339' title='bbox 1180 764 1227 794; x_wconf 88' lang='lat' dir='ltr'>sit</span> <span class='ocrx_word' id='word_1_340' title='bbox 1249 773 1324 795; x_wconf 86' lang='lat' dir='ltr'>mea</span> <span class='ocrx_word' id='word_1_341' title='bbox 1339 764 1531 794; x_wconf 82' lang='lat' dir='ltr'>sententia:</span> <span class='ocrx_word' id='word_1_342' title='bbox 1555 765 1670 795; x_wconf 82' lang='lat' dir='ltr'>existi-</span> 
     </span>
     <span class='ocr_line' id='line_1_58' title="bbox 972 814 1671 853; baseline 0 -9"><span class='ocrx_word' id='word_1_343' title='bbox 972 822 1027 844; x_wconf 91' lang='lat' dir='ltr'>mo</span> <span class='ocrx_word' id='word_1_344' title='bbox 1043 823 1105 853; x_wconf 89' lang='lat' dir='ltr'>pro</span> <span class='ocrx_word' id='word_1_345' title='bbox 1122 823 1163 844; x_wconf 90' lang='lat' dir='ltr'>ea</span> <span class='ocrx_word' id='word_1_346' title='bbox 1183 814 1400 853; x_wconf 80' lang='lat' dir='ltr'>gregariorum</span> <span class='ocrx_word' id='word_1_347' title='bbox 1415 814 1550 853; x_wconf 84' lang='lat' dir='ltr'>legend.</span> <span class='ocrx_word' id='word_1_348' title='bbox 1596 815 1671 845; x_wconf 84' lang='lat' dir='ltr'>Vox</span> 
     </span>
     <span class='ocr_line' id='line_1_59' title="bbox 972 864 1672 905; baseline 0.001 -11"><span class='ocrx_word' id='word_1_349' title='bbox 972 868 1025 894; x_wconf 89' lang='lat' dir='ltr'>est</span> <span class='ocrx_word' id='word_1_350' title='bbox 1039 864 1061 895; x_wconf 88' lang='lat'>1.</span> <span class='ocrx_word' id='word_1_351' title='bbox 1076 864 1168 904; x_wconf 88' lang='lat' dir='ltr'>huic,</span> <span class='ocrx_word' id='word_1_352' title='bbox 1183 865 1210 895; x_wconf 90' lang='lat' dir='ltr'>si</span> <span class='ocrx_word' id='word_1_353' title='bbox 1221 875 1296 905; x_wconf 85' lang='lat' dir='ltr'>quae</span> <span class='ocrx_word' id='word_1_354' title='bbox 1313 865 1393 903; x_wconf 87' lang='lat' dir='ltr'>ulla,</span> <span class='ocrx_word' id='word_1_355' title='bbox 1404 865 1672 905; x_wconf 86' lang='lat' dir='ltr'>accommodata,</span> 
     </span>
     <span class='ocr_line' id='line_1_60' title="bbox 972 913 1670 954; baseline 0.001 -11"><span class='ocrx_word' id='word_1_356' title='bbox 972 923 1047 944; x_wconf 88' lang='lat' dir='ltr'>cum</span> <span class='ocrx_word' id='word_1_357' title='bbox 1062 913 1109 944; x_wconf 90' lang='lat' dir='ltr'>nil</span> <span class='ocrx_word' id='word_1_358' title='bbox 1125 913 1289 952; x_wconf 86' lang='lat' dir='ltr'>crebrius,</span> <span class='ocrx_word' id='word_1_359' title='bbox 1307 924 1406 954; x_wconf 86' lang='lat' dir='ltr'>quam</span> <span class='ocrx_word' id='word_1_360' title='bbox 1422 913 1526 944; x_wconf 80' lang='lat' dir='ltr'>duces</span> <span class='ocrx_word' id='word_1_361' title='bbox 1543 919 1577 945; x_wconf 89' lang='lat' dir='ltr'>et</span> <span class='ocrx_word' id='word_1_362' title='bbox 1596 924 1670 954; x_wconf 85' lang='lat' dir='ltr'>gre-</span> 
     </span>
     <span class='ocr_line' id='line_1_61' title="bbox 972 964 1671 1005; baseline 0 -10"><span class='ocrx_word' id='word_1_363' title='bbox 972 964 1083 1004; x_wconf 84' lang='lat' dir='ltr'>garios</span> <span class='ocrx_word' id='word_1_364' title='bbox 1095 964 1157 995; x_wconf 91' lang='lat' dir='ltr'>sibi</span> <span class='ocrx_word' id='word_1_365' title='bbox 1174 969 1292 995; x_wconf 90' lang='lat' dir='ltr'>mutuo</span> <span class='ocrx_word' id='word_1_366' title='bbox 1307 964 1443 1005; x_wconf 86' lang='lat' dir='ltr'>opponi.</span> <span class='ocrx_word' id='word_1_367' title='bbox 1486 964 1531 995; x_wconf 85' lang='lat' dir='ltr'>Et</span> <span class='ocrx_word' id='word_1_368' title='bbox 1547 964 1671 995; x_wconf 83' lang='lat' dir='ltr'>docent</span> 
     </span>
     <span class='ocr_line' id='line_1_62' title="bbox 973 1013 1669 1053; baseline 0 -9"><span class='ocrx_word' id='word_1_369' title='bbox 973 1013 1091 1053; x_wconf 85' lang='lat' dir='ltr'>glossae</span> <span class='ocrx_word' id='word_1_370' title='bbox 1106 1014 1254 1052; x_wconf 83' lang='lat' dir='ltr'>militum,</span> <span class='ocrx_word' id='word_1_371' title='bbox 1271 1014 1353 1045; x_wconf 90' lang='lat' dir='ltr'>item</span> <span class='ocrx_word' id='word_1_372' title='bbox 1376 1015 1501 1053; x_wconf 76' lang='lat' dir='ltr'>civium,</span> <span class='ocrx_word' id='word_1_373' title='bbox 1518 1014 1565 1044; x_wconf 90' lang='lat' dir='ltr'>sic</span> <span class='ocrx_word' id='word_1_374' title='bbox 1581 1015 1669 1045; x_wconf 85' lang='lat' dir='ltr'>enim</span> 
     </span>
     <span class='ocr_line' id='line_1_63' title="bbox 972 1063 1673 1104; baseline 0 -10"><span class='ocrx_word' id='word_1_375' title='bbox 972 1063 1057 1094; x_wconf 90' lang='lat' dir='ltr'>illud</span> <span class='ocrx_word' id='word_1_376' title='bbox 1081 1065 1299 1104; x_wconf 81' lang='lat' dir='ltr'>gregariorum</span> <span class='ocrx_word' id='word_1_377' title='bbox 1325 1065 1506 1104; x_wconf 81' lang='lat' dir='ltr'>putabant,</span> <span class='ocrx_word' id='word_1_378' title='bbox 1537 1074 1598 1095; x_wconf 83' lang='lat' dir='ltr'>nec</span> <span class='ocrx_word' id='word_1_379' title='bbox 1626 1066 1673 1095; x_wconf 91' lang='lat' dir='ltr'>in-</span> 
     </span>
     <span class='ocr_line' id='line_1_64' title="bbox 973 1114 1670 1154; baseline -0.001 -10"><span class='ocrx_word' id='word_1_380' title='bbox 973 1117 1065 1153; x_wconf 72' lang='lat' dir='ltr'>epte,</span> <span class='ocrx_word' id='word_1_381' title='bbox 1081 1124 1180 1154; x_wconf 89' lang='lat' dir='ltr'>posse</span> <span class='ocrx_word' id='word_1_382' title='bbox 1196 1114 1370 1154; x_wconf 88' lang='lat' dir='ltr'>explicari.</span> <span class='ocrx_word' id='word_1_383' title='bbox 1417 1114 1526 1145; x_wconf 88' lang='lat' dir='ltr'>Porro</span> <span class='ocrx_word' id='word_1_384' title='bbox 1553 1114 1670 1144; x_wconf 88' lang='lat' dir='ltr'>vitium</span> 
     </span>
     <span class='ocr_line' id='line_1_65' title="bbox 973 1164 1672 1205; baseline 0 -11"><span class='ocrx_word' id='word_1_385' title='bbox 973 1173 1015 1194; x_wconf 84' lang='lat' dir='ltr'>ex</span> <span class='ocrx_word' id='word_1_386' title='bbox 1042 1173 1082 1194; x_wconf 86' lang='lat' dir='ltr'>eo</span> <span class='ocrx_word' id='word_1_387' title='bbox 1107 1168 1237 1204; x_wconf 84' lang='lat' dir='ltr'>natum,</span> <span class='ocrx_word' id='word_1_388' title='bbox 1264 1164 1354 1205; x_wconf 90' lang='lat' dir='ltr'>quod</span> <span class='ocrx_word' id='word_1_389' title='bbox 1387 1164 1460 1204; x_wconf 90' lang='lat' dir='ltr'>quis</span> <span class='ocrx_word' id='word_1_390' title='bbox 1488 1164 1672 1203; x_wconf 88' lang='lat' dir='ltr'>scripserat</span> 
     </span>
     <span class='ocr_line' id='line_1_66' title="bbox 970 1214 1671 1254; baseline 0 -10"><span class='ocrx_word' id='word_1_391' title='bbox 970 1221 1101 1252; x_wconf 74' lang='lat' dir='ltr'>gregum</span> <span class='ocrx_word' id='word_1_392' title='bbox 1117 1223 1179 1254; x_wconf 89' lang='lat' dir='ltr'>per</span> <span class='ocrx_word' id='word_1_393' title='bbox 1194 1214 1444 1254; x_wconf 85' lang='lat' dir='ltr'>compendium,</span> <span class='ocrx_word' id='word_1_394' title='bbox 1465 1214 1622 1254; x_wconf 85' lang='lat' dir='ltr'>imposita</span> <span class='ocrx_word' id='word_1_395' title='bbox 1639 1214 1671 1244; x_wconf 90' lang='lat' dir='ltr'>in</span> 
     </span>
     <span class='ocr_line' id='line_1_67' title="bbox 973 1263 1673 1305; baseline 0.001 -12"><span class='ocrx_word' id='word_1_396' title='bbox 973 1263 1087 1303; x_wconf 89' lang='lat' dir='ltr'>capite</span> <span class='ocrx_word' id='word_1_397' title='bbox 1099 1264 1234 1303; x_wconf 88' lang='lat' dir='ltr'>lineola,</span> <span class='ocrx_word' id='word_1_398' title='bbox 1247 1270 1293 1303; x_wconf 89' lang='lat' dir='ltr'>et,</span> <span class='ocrx_word' id='word_1_399' title='bbox 1304 1264 1383 1305; x_wconf 82' lang='lat' dir='ltr'>quia</span> <span class='ocrx_word' id='word_1_400' title='bbox 1396 1264 1507 1295; x_wconf 88' lang='lat' dir='ltr'>scriba</span> <span class='ocrx_word' id='word_1_401' title='bbox 1519 1264 1673 1294; x_wconf 79' lang='lat' dir='ltr'>indoctus</span> 
     </span>
     <span class='ocr_line' id='line_1_68' title="bbox 974 1312 1672 1355; baseline 0.003 -13"><span class='ocrx_word' id='word_1_402' title='bbox 974 1312 1046 1352; x_wconf 91' lang='lat' dir='ltr'>ejus</span> <span class='ocrx_word' id='word_1_403' title='bbox 1060 1322 1192 1344; x_wconf 89' lang='lat' dir='ltr'>sensum</span> <span class='ocrx_word' id='word_1_404' title='bbox 1207 1314 1338 1355; x_wconf 89' lang='lat' dir='ltr'>assequi</span> <span class='ocrx_word' id='word_1_405' title='bbox 1361 1324 1429 1345; x_wconf 89' lang='lat' dir='ltr'>non</span> <span class='ocrx_word' id='word_1_406' title='bbox 1452 1314 1578 1354; x_wconf 83' lang='lat' dir='ltr'>potuit,</span> <span class='ocrx_word' id='word_1_407' title='bbox 1603 1324 1672 1345; x_wconf 90' lang='lat' dir='ltr'>mu-</span> 
     </span>
     <span class='ocr_line' id='line_1_69' title="bbox 974 1364 1670 1403; baseline 0.001 -10"><span class='ocrx_word' id='word_1_408' title='bbox 974 1367 1109 1394; x_wconf 84' lang='lat' dir='ltr'>taverat</span> <span class='ocrx_word' id='word_1_409' title='bbox 1134 1364 1167 1394; x_wconf 89' lang='lat' dir='ltr'>in</span> <span class='ocrx_word' id='word_1_410' title='bbox 1190 1374 1308 1403; x_wconf 81' lang='lat' dir='ltr'>regum.</span> <span class='ocrx_word' id='word_1_411' title='bbox 1354 1364 1499 1402; x_wconf 83' lang='lat' dir='ltr'>Remiges</span> <span class='ocrx_word' id='word_1_412' title='bbox 1523 1374 1670 1395; x_wconf 86' lang='lat' dir='ltr'>seorsum</span> 
     </span>
     <span class='ocr_line' id='line_1_70' title="bbox 972 1411 1670 1453; baseline 0.006 -12"><span class='ocrx_word' id='word_1_413' title='bbox 972 1411 1026 1442; x_wconf 90' lang='lat' dir='ltr'>hic</span> <span class='ocrx_word' id='word_1_414' title='bbox 1042 1412 1089 1442; x_wconf 88' lang='lat' dir='ltr'>nil</span> <span class='ocrx_word' id='word_1_415' title='bbox 1104 1411 1244 1444; x_wconf 88' lang='lat' dir='ltr'>faciunt.</span> <span class='ocrx_word' id='word_1_416' title='bbox 1267 1413 1371 1449; x_wconf 79' lang='lat' dir='ltr'>Schef.</span> <span class='ocrx_word' id='word_1_417' title='bbox 1417 1412 1520 1453; x_wconf 82' lang='lat' dir='ltr'>Angli</span> <span class='ocrx_word' id='word_1_418' title='bbox 1543 1417 1573 1443; x_wconf 77' lang='lat' dir='ltr'>et</span> <span class='ocrx_word' id='word_1_419' title='bbox 1589 1424 1670 1445; x_wconf 76' lang='lat' dir='ltr'>omn.</span> 
     </span>
     <span class='ocr_line' id='line_1_71' title="bbox 973 1461 1672 1494; baseline 0.006 -4"><span class='ocrx_word' id='word_1_420' title='bbox 973 1461 1096 1491; x_wconf 84' lang='lat' dir='ltr'>civium.</span> <span class='ocrx_word' id='word_1_421' title='bbox 1127 1462 1243 1493; x_wconf 80' lang='lat' dir='ltr'>Graev.</span> <span class='ocrx_word' id='word_1_422' title='bbox 1294 1464 1439 1494; x_wconf 76' lang='lat' dir='ltr'>Militum</span> <span class='ocrx_word' id='word_1_423' title='bbox 1466 1463 1595 1494; x_wconf 86' lang='lat' dir='ltr'>uncinis</span> <span class='ocrx_word' id='word_1_424' title='bbox 1623 1463 1672 1494; x_wconf 88' lang='lat' dir='ltr'>in-</span> 
     </span>
     <span class='ocr_line' id='line_1_72' title="bbox 974 1512 1287 1552; baseline 0.006 -10"><span class='ocrx_word' id='word_1_425' title='bbox 974 1512 1081 1542; x_wconf 90' lang='lat' dir='ltr'>cludit</span> <span class='ocrx_word' id='word_1_426' title='bbox 1097 1512 1160 1542; x_wconf 90' lang='lat' dir='ltr'>Ed.</span> <span class='ocrx_word' id='word_1_427' title='bbox 1177 1513 1287 1552; x_wconf 78' lang='lat' dir='ltr'>Bong.</span> 
     </span>
    </p>

    <p class='ocr_par' dir='ltr' id='par_1_4' title="bbox 974 1561 1674 2146">
     <span class='ocr_line' id='line_1_73' title="bbox 1020 1561 1672 1602; baseline 0.003 -11"><span class='ocrx_word' id='word_1_428' title='bbox 1020 1561 1105 1596; x_wconf 80' lang='lat' dir='ltr'>Quos</span> <span class='ocrx_word' id='word_1_429' title='bbox 1127 1562 1221 1599; x_wconf 75' lang='lat' dir='ltr'>major</span> <span class='ocrx_word' id='word_1_430' title='bbox 1243 1563 1403 1593; x_wconf 75' lang='lat' dir='ltr'>solicitudo</span> <span class='ocrx_word' id='word_1_431' title='bbox 1424 1562 1591 1602; x_wconf 78' lang='lat' dir='ltr'>cruciabat,</span> <span class='ocrx_word' id='word_1_432' title='bbox 1613 1573 1672 1593; x_wconf 77' lang='lat' dir='ltr'>non</span> 
     </span>
     <span class='ocr_line' id='line_1_74' title="bbox 974 1611 1672 1652; baseline 0 -10"><span class='ocrx_word' id='word_1_433' title='bbox 974 1611 1131 1651; x_wconf 61' lang='lat' dir='ltr'>tam‚z5c.]</span> <span class='ocrx_word' id='word_1_434' title='bbox 1152 1612 1330 1643; x_wconf 84' lang='lat' dir='ltr'>Scribend.</span> <span class='ocrx_word' id='word_1_435' title='bbox 1352 1613 1404 1643; x_wconf 86' lang='lat' dir='ltr'>vel</span> <span class='ocrx_word' id='word_1_436' title='bbox 1429 1623 1456 1652; x_wconf 88' lang='lat' dir='ltr'>q.</span> <span class='ocrx_word' id='word_1_437' title='bbox 1479 1622 1519 1643; x_wconf 85' lang='lat' dir='ltr'>m.</span> <span class='ocrx_word' id='word_1_438' title='bbox 1543 1622 1570 1643; x_wconf 88' lang='lat' dir='ltr'>s.</span> <span class='ocrx_word' id='word_1_439' title='bbox 1594 1623 1618 1643; x_wconf 90' lang='lat' dir='ltr'>c.</span> <span class='ocrx_word' id='word_1_440' title='bbox 1634 1623 1672 1643; x_wconf 71' lang='lat' dir='ltr'>we</span> 
     </span>
     <span class='ocr_line' id='line_1_75' title="bbox 974 1661 1674 1702; baseline 0.003 -12"><span class='ocrx_word' id='word_1_441' title='bbox 974 1661 1051 1701; x_wconf 79' lang='lat' dir='ltr'>ipsi:</span> <span class='ocrx_word' id='word_1_442' title='bbox 1075 1661 1128 1691; x_wconf 89' lang='lat' dir='ltr'>vel</span> <span class='ocrx_word' id='word_1_443' title='bbox 1145 1661 1255 1700; x_wconf 87' lang='lat' dir='ltr'>potius</span> <span class='ocrx_word' id='word_1_444' title='bbox 1272 1672 1300 1702; x_wconf 82' lang='lat' dir='ltr'>q.</span> <span class='ocrx_word' id='word_1_445' title='bbox 1316 1672 1341 1693; x_wconf 88' lang='lat' dir='ltr'>s.</span> <span class='ocrx_word' id='word_1_446' title='bbox 1357 1672 1383 1693; x_wconf 85' lang='lat' dir='ltr'>c.</span> <span class='ocrx_word' id='word_1_447' title='bbox 1399 1672 1458 1692; x_wconf 80' lang='lat' dir='ltr'>non</span> <span class='ocrx_word' id='word_1_448' title='bbox 1473 1666 1537 1692; x_wconf 83' lang='lat' dir='ltr'>tam</span> <span class='ocrx_word' id='word_1_449' title='bbox 1553 1672 1590 1692; x_wconf 83' lang='lat' dir='ltr'>ne</span> <span class='ocrx_word' id='word_1_450' title='bbox 1599 1663 1674 1701; x_wconf 78' lang='lat' dir='ltr'>ipsi,</span> 
     </span>
     <span class='ocr_line' id='line_1_76' title="bbox 974 1711 1672 1749; baseline 0.001 -9"><span class='ocrx_word' id='word_1_451' title='bbox 974 1711 1027 1749; x_wconf 69' lang='grc' dir='ltr'>ᾅτ.</span> <span class='ocrx_word' id='word_1_452' title='bbox 1044 1715 1101 1741; x_wconf 88' lang='lat' dir='ltr'>aut</span> <span class='ocrx_word' id='word_1_453' title='bbox 1124 1711 1211 1741; x_wconf 75' lang='lat' dir='ltr'>male</span> <span class='ocrx_word' id='word_1_454' title='bbox 1235 1712 1420 1742; x_wconf 58' lang='lat' dir='ltr'>cohaerebit</span> <span class='ocrx_word' id='word_1_455' title='bbox 1446 1712 1564 1742; x_wconf 79' lang='lat' dir='ltr'>oratio.</span> <span class='ocrx_word' id='word_1_456' title='bbox 1590 1712 1672 1742; x_wconf 82' lang='lat' dir='ltr'>Ber-</span> 
     </span>
     <span class='ocr_line' id='line_1_77' title="bbox 975 1762 1671 1793; baseline 0.003 -3"><span class='ocrx_word' id='word_1_457' title='bbox 975 1770 1092 1791; x_wconf 80' lang='lat' dir='ltr'>neccer.</span> <span class='ocrx_word' id='word_1_458' title='bbox 1136 1762 1263 1792; x_wconf 90' lang='lat' dir='ltr'>Verum</span> <span class='ocrx_word' id='word_1_459' title='bbox 1289 1772 1348 1792; x_wconf 82' lang='lat' dir='ltr'>non</span> <span class='ocrx_word' id='word_1_460' title='bbox 1373 1766 1436 1792; x_wconf 81' lang='lat' dir='ltr'>tam</span> <span class='ocrx_word' id='word_1_461' title='bbox 1460 1763 1578 1793; x_wconf 83' lang='lat' dir='ltr'>abesse</span> <span class='ocrx_word' id='word_1_462' title='bbox 1606 1772 1671 1793; x_wconf 88' lang='lat' dir='ltr'>non</span> 
     </span>
     <span class='ocr_line' id='line_1_78' title="bbox 976 1812 1672 1852; baseline 0.003 -11"><span class='ocrx_word' id='word_1_463' title='bbox 976 1816 1100 1851; x_wconf 88' lang='lat' dir='ltr'>potest.</span> <span class='ocrx_word' id='word_1_464' title='bbox 1146 1812 1255 1852; x_wconf 69' lang='lat' dir='ltr'>Illajor·</span> <span class='ocrx_word' id='word_1_465' title='bbox 1270 1817 1384 1843; x_wconf 88' lang='lat' dir='ltr'>autem</span> <span class='ocrx_word' id='word_1_466' title='bbox 1403 1818 1436 1843; x_wconf 81' lang='lat' dir='ltr'>et</span> <span class='ocrx_word' id='word_1_467' title='bbox 1453 1813 1561 1852; x_wconf 82' lang='lat' dir='ltr'>ipsum</span> <span class='ocrx_word' id='word_1_468' title='bbox 1588 1814 1672 1843; x_wconf 89' lang='lat' dir='ltr'>tole-</span> 
     </span>
     <span class='ocr_line' id='line_1_79' title="bbox 975 1861 1670 1904; baseline 0.007 -14"><span class='ocrx_word' id='word_1_469' title='bbox 975 1861 1042 1891; x_wconf 87' lang='lat' dir='ltr'>rari</span> <span class='ocrx_word' id='word_1_470' title='bbox 1066 1866 1192 1902; x_wconf 88' lang='lat' dir='ltr'>potest,</span> <span class='ocrx_word' id='word_1_471' title='bbox 1214 1863 1240 1892; x_wconf 84' lang='lat' dir='ltr'>si</span> <span class='ocrx_word' id='word_1_472' title='bbox 1264 1863 1440 1894; x_wconf 84' lang='lat' dir='ltr'>credamus</span> <span class='ocrx_word' id='word_1_473' title='bbox 1470 1864 1612 1904; x_wconf 79' lang='lat' dir='ltr'>positum</span> <span class='ocrx_word' id='word_1_474' title='bbox 1638 1865 1670 1895; x_wconf 84' lang='lat' dir='ltr'>id</span> 
     </span>
     <span class='ocr_line' id='line_1_80' title="bbox 976 1911 1672 1953; baseline 0.006 -13"><span class='ocrx_word' id='word_1_475' title='bbox 976 1919 1048 1949; x_wconf 87' lang='lat' dir='ltr'>pro,</span> <span class='ocrx_word' id='word_1_476' title='bbox 1061 1920 1202 1950; x_wconf 83' lang='lat' dir='ltr'>magna:</span> <span class='ocrx_word' id='word_1_477' title='bbox 1226 1911 1259 1942; x_wconf 91' lang='lat' dir='ltr'>id</span> <span class='ocrx_word' id='word_1_478' title='bbox 1277 1913 1365 1953; x_wconf 88' lang='lat' dir='ltr'>quod</span> <span class='ocrx_word' id='word_1_479' title='bbox 1382 1912 1577 1953; x_wconf 87' lang='lat' dir='ltr'>frequenter</span> <span class='ocrx_word' id='word_1_480' title='bbox 1593 1923 1672 1944; x_wconf 83' lang='lat' dir='ltr'>sane</span> 
     </span>
     <span class='ocr_line' id='line_1_81' title="bbox 975 1959 1672 2004; baseline 0.006 -14"><span class='ocrx_word' id='word_1_481' title='bbox 975 1959 1026 1991; x_wconf 89' lang='lat' dir='ltr'>fit.</span> <span class='ocrx_word' id='word_1_482' title='bbox 1072 1961 1164 2001; x_wconf 91' lang='lat' dir='ltr'>Nep.</span> <span class='ocrx_word' id='word_1_483' title='bbox 1193 1970 1280 1993; x_wconf 79' lang='lat' dir='ltr'>xxv.</span> <span class='ocrx_word' id='word_1_484' title='bbox 1306 1965 1336 1994; x_wconf 81' lang='lat'>4.</span> <span class='ocrx_word' id='word_1_485' title='bbox 1362 1965 1396 1993; x_wconf 86' lang='grc'>4.</span> <span class='ocrx_word' id='word_1_486' title='bbox 1434 1964 1443 1980; x_wconf 88' lang='lat'>‘</span> <span class='ocrx_word' id='word_1_487' title='bbox 1461 1963 1495 1994; x_wconf 90' lang='lat' dir='ltr'>Si</span> <span class='ocrx_word' id='word_1_488' title='bbox 1527 1974 1590 2004; x_wconf 81' lang='lat' dir='ltr'>qua</span> <span class='ocrx_word' id='word_1_489' title='bbox 1618 1973 1672 1994; x_wconf 87' lang='lat' dir='ltr'>res</span> 
     </span>
     <span class='ocr_line' id='line_1_82' title="bbox 975 2011 1672 2051; baseline 0.006 -10"><span class='ocrx_word' id='word_1_490' title='bbox 975 2011 1082 2051; x_wconf 85' lang='lat' dir='ltr'>major</span> <span class='ocrx_word' id='word_1_491' title='bbox 1098 2017 1176 2043; x_wconf 87' lang='lat' dir='ltr'>acta</span> <span class='ocrx_word' id='word_1_492' title='bbox 1192 2012 1266 2043; x_wconf 90' lang='lat' dir='ltr'>est.&#39;</span> <span class='ocrx_word' id='word_1_493' title='bbox 1312 2013 1440 2044; x_wconf 83' lang='lat' dir='ltr'>Noster</span> <span class='ocrx_word' id='word_1_494' title='bbox 1464 2023 1542 2045; x_wconf 80' lang='lat' dir='ltr'>xm.</span> <span class='ocrx_word' id='word_1_495' title='bbox 1564 2017 1596 2045; x_wconf 81' lang='lat'>2.</span> <span class='ocrx_word' id='word_1_496' title='bbox 1620 2017 1672 2046; x_wconf 89' lang='lat' dir='ltr'>ll.</span> 
     </span>
     <span class='ocr_line' id='line_1_83' title="bbox 975 2063 1670 2106; baseline 0.007 -14"><span class='ocrx_word' id='word_1_497' title='bbox 975 2063 984 2080; x_wconf 92' lang='lat'>‘</span> <span class='ocrx_word' id='word_1_498' title='bbox 1002 2063 1172 2094; x_wconf 75' lang='lat' dir='ltr'>Valetudo</span> <span class='ocrx_word' id='word_1_499' title='bbox 1197 2064 1322 2104; x_wconf 82' lang='lat' dir='ltr'>major’</span> <span class='ocrx_word' id='word_1_500' title='bbox 1351 2075 1426 2105; x_wconf 84' lang='lat' dir='ltr'>pro,</span> <span class='ocrx_word' id='word_1_501' title='bbox 1455 2066 1519 2096; x_wconf 84' lang='lat' dir='ltr'>val.</span> <span class='ocrx_word' id='word_1_502' title='bbox 1543 2076 1670 2106; x_wconf 79' lang='lat' dir='ltr'>magna.</span> 
     </span>
     <span class='ocr_line' id='line_1_84' title="bbox 975 2112 1585 2146; baseline 0.007 -4"><span class='ocrx_word' id='word_1_503' title='bbox 975 2112 1053 2143; x_wconf 80' lang='lat' dir='ltr'>vid.</span> <span class='ocrx_word' id='word_1_504' title='bbox 1071 2119 1104 2142; x_wconf 91' lang='lat' dir='ltr'>et</span> <span class='ocrx_word' id='word_1_505' title='bbox 1121 2113 1235 2145; x_wconf 83' lang='lat' dir='ltr'>Gifau.</span> <span class='ocrx_word' id='word_1_506' title='bbox 1254 2114 1337 2144; x_wconf 86' lang='lat' dir='ltr'>Obs.</span> <span class='ocrx_word' id='word_1_507' title='bbox 1355 2115 1394 2145; x_wconf 92' lang='lat' dir='ltr'>L.</span> <span class='ocrx_word' id='word_1_508' title='bbox 1413 2116 1449 2146; x_wconf 91' lang='lat' dir='ltr'>L.</span> <span class='ocrx_word' id='word_1_509' title='bbox 1482 2116 1585 2146; x_wconf 79' lang='lat' dir='ltr'>Vorst.</span> 
     </span>
    </p>

    <p class='ocr_par' dir='ltr' id='par_1_5' title="bbox 976 2163 1674 2252">
     <span class='ocr_line' id='line_1_85' title="bbox 1005 2163 1674 2205; baseline 0.006 -12"><span class='ocrx_word' id='word_1_510' title='bbox 1005 2163 1022 2202; x_wconf 52' lang='grc' dir='ltr'>ᾧ</span> <span class='ocrx_word' id='word_1_511' title='bbox 1038 2165 1074 2193; x_wconf 91' lang='grc'>11</span> <span class='ocrx_word' id='word_1_512' title='bbox 1095 2163 1178 2194; x_wconf 84' lang='lat' dir='ltr'>Victi</span> <span class='ocrx_word' id='word_1_513' title='bbox 1189 2164 1433 2205; x_wconf 74' lang='lat' dir='ltr'>Lacedaemonii]</span> <span class='ocrx_word' id='word_1_514' title='bbox 1452 2165 1504 2196; x_wconf 74' lang='lat' dir='ltr'>Ad</span> <span class='ocrx_word' id='word_1_515' title='bbox 1518 2166 1674 2197; x_wconf 82' lang='lat' dir='ltr'>Cnidum.</span> 
     </span>
     <span class='ocr_line' id='line_1_86' title="bbox 976 2212 1084 2252; baseline 0.009 -9"><span class='ocrx_word' id='word_1_516' title='bbox 976 2212 1084 2252; x_wconf 76' lang='lat' dir='ltr'>Bong.</span> 
     </span>
    </p>

    <p class='ocr_par' dir='ltr' id='par_1_6' title="bbox 974 2264 1675 2505">
     <span class='ocr_line' id='line_1_87' title="bbox 1018 2264 1673 2306; baseline 0.006 -13"><span class='ocrx_word' id='word_1_517' title='bbox 1018 2264 1035 2303; x_wconf 49' lang='grc' dir='ltr'>ᾗ</span> <span class='ocrx_word' id='word_1_518' title='bbox 1064 2266 1103 2294; x_wconf 84' lang='grc'>12</span> <span class='ocrx_word' id='word_1_519' title='bbox 1138 2264 1299 2306; x_wconf 83' lang='lat' dir='ltr'>Eripitur]</span> <span class='ocrx_word' id='word_1_520' title='bbox 1343 2265 1409 2297; x_wconf 91' lang='lat' dir='ltr'>Ov.</span> <span class='ocrx_word' id='word_1_521' title='bbox 1437 2274 1496 2296; x_wconf 85' lang='lat' dir='ltr'>xv.</span> <span class='ocrx_word' id='word_1_522' title='bbox 1529 2266 1577 2296; x_wconf 82' lang='lat' dir='ltr'>M.</span> <span class='ocrx_word' id='word_1_523' title='bbox 1599 2269 1673 2297; x_wconf 70' lang='grc'><strong>254.</strong></span> 
     </span>
     <span class='ocr_line' id='line_1_88' title="bbox 974 2311 1675 2356; baseline 0.006 -14"><span class='ocrx_word' id='word_1_524' title='bbox 974 2311 983 2329; x_wconf 90' lang='lat'>‘</span> <span class='ocrx_word' id='word_1_525' title='bbox 1001 2313 1073 2343; x_wconf 86' lang='lat' dir='ltr'>Nisi</span> <span class='ocrx_word' id='word_1_526' title='bbox 1097 2314 1229 2345; x_wconf 83' lang='lat' dir='ltr'>vatibus</span> <span class='ocrx_word' id='word_1_527' title='bbox 1243 2315 1350 2346; x_wconf 90' lang='lat' dir='ltr'>omnis</span> <span class='ocrx_word' id='word_1_528' title='bbox 1365 2315 1553 2356; x_wconf 85' lang='lat' dir='ltr'>Eripienda</span> <span class='ocrx_word' id='word_1_529' title='bbox 1568 2316 1675 2346; x_wconf 69' lang='lat' dir='ltr'>fides:</span> 
     </span>
     <span class='ocr_line' id='line_1_89' title="bbox 975 2363 1672 2405; baseline 0.003 -12"><span class='ocrx_word' id='word_1_530' title='bbox 975 2363 1020 2393; x_wconf 89' lang='lat' dir='ltr'>Et</span> <span class='ocrx_word' id='word_1_531' title='bbox 1049 2363 1120 2394; x_wconf 90' lang='lat' dir='ltr'>Cic.</span> <span class='ocrx_word' id='word_1_532' title='bbox 1147 2373 1199 2395; x_wconf 81' lang='lat' dir='ltr'>lx.</span> <span class='ocrx_word' id='word_1_533' title='bbox 1223 2364 1264 2395; x_wconf 86' lang='lat' dir='ltr'>ad</span> <span class='ocrx_word' id='word_1_534' title='bbox 1290 2364 1364 2396; x_wconf 82' lang='lat' dir='ltr'>Att.</span> <span class='ocrx_word' id='word_1_535' title='bbox 1386 2368 1417 2396; x_wconf 86' lang='grc'>8.</span> <span class='ocrx_word' id='word_1_536' title='bbox 1440 2366 1449 2381; x_wconf 87' lang='lat'>‘</span> <span class='ocrx_word' id='word_1_537' title='bbox 1466 2366 1568 2405; x_wconf 86' lang='lat' dir='ltr'>Eripe</span> <span class='ocrx_word' id='word_1_538' title='bbox 1593 2365 1672 2395; x_wconf 90' lang='lat' dir='ltr'>mihi</span> 
     </span>
     <span class='ocr_line' id='line_1_90' title="bbox 975 2413 1675 2455; baseline 0.003 -12"><span class='ocrx_word' id='word_1_539' title='bbox 975 2413 1063 2445; x_wconf 88' lang='lat' dir='ltr'>hunc</span> <span class='ocrx_word' id='word_1_540' title='bbox 1094 2414 1266 2446; x_wconf 62' lang='lat' dir='ltr'>dolorem?</span> <span class='ocrx_word' id='word_1_541' title='bbox 1299 2425 1334 2447; x_wconf 83' lang='lat' dir='ltr'>x.</span> <span class='ocrx_word' id='word_1_542' title='bbox 1357 2419 1389 2447; x_wconf 87' lang='grc'>4.</span> <span class='ocrx_word' id='word_1_543' title='bbox 1424 2416 1507 2446; x_wconf 88' lang='lat' dir='ltr'>‘Me</span> <span class='ocrx_word' id='word_1_544' title='bbox 1534 2415 1675 2455; x_wconf 84' lang='lat' dir='ltr'>libente,</span> 
     </span>
     <span class='ocr_line' id='line_1_91' title="bbox 976 2465 1642 2505; baseline 0.002 -10"><span class='ocrx_word' id='word_1_545' title='bbox 976 2465 1100 2505; x_wconf 85' lang='lat' dir='ltr'>eripies</span> <span class='ocrx_word' id='word_1_546' title='bbox 1113 2466 1192 2496; x_wconf 89' lang='lat' dir='ltr'>mihi</span> <span class='ocrx_word' id='word_1_547' title='bbox 1207 2466 1293 2497; x_wconf 89' lang='lat' dir='ltr'>hunc</span> <span class='ocrx_word' id='word_1_548' title='bbox 1307 2466 1481 2497; x_wconf 89' lang='lat' dir='ltr'>errorem.&#39;</span> <span class='ocrx_word' id='word_1_549' title='bbox 1506 2468 1642 2497; x_wconf 76' lang='lat' dir='ltr'>Gronov.</span> 
     </span>
    </p>

    <p class='ocr_par' dir='ltr' id='par_1_7' title="bbox 975 2515 1675 2904">
     <span class='ocr_line' id='line_1_92' title="bbox 1020 2515 1672 2556; baseline 0.003 -11"><span class='ocrx_word' id='word_1_550' title='bbox 1020 2515 1107 2546; x_wconf 78' lang='lat' dir='ltr'>CAP.</span> <span class='ocrx_word' id='word_1_551' title='bbox 1123 2524 1173 2547; x_wconf 92' lang='lat' dir='ltr'>1v.</span> <span class='ocrx_word' id='word_1_552' title='bbox 1220 2517 1237 2556; x_wconf 58' lang='grc' dir='ltr'>ς</span> <span class='ocrx_word' id='word_1_553' title='bbox 1256 2519 1271 2546; x_wconf 84' lang='grc'>1</span> <span class='ocrx_word' id='word_1_554' title='bbox 1298 2516 1539 2547; x_wconf 68' lang='lat' dir='ltr'>Lacedaemoniis</span> <span class='ocrx_word' id='word_1_555' title='bbox 1560 2517 1672 2547; x_wconf 84' lang='lat' dir='ltr'>haben-</span> 
     </span>
     <span class='ocr_line' id='line_1_93' title="bbox 975 2563 1673 2605; baseline 0.004 -12"><span class='ocrx_word' id='word_1_556' title='bbox 975 2563 1038 2603; x_wconf 71' lang='lat' dir='ltr'>dee]</span> <span class='ocrx_word' id='word_1_557' title='bbox 1072 2564 1180 2595; x_wconf 88' lang='lat' dir='ltr'>Isocr.</span> <span class='ocrx_word' id='word_1_558' title='bbox 1199 2565 1299 2596; x_wconf 85' lang='lat' dir='ltr'>Orat.</span> <span class='ocrx_word' id='word_1_559' title='bbox 1328 2566 1369 2596; x_wconf 91' lang='lat' dir='ltr'>ad</span> <span class='ocrx_word' id='word_1_560' title='bbox 1386 2566 1536 2605; x_wconf 90' lang='lat' dir='ltr'>Philipp.</span> <span class='ocrx_word' id='word_1_561' title='bbox 1555 2566 1596 2596; x_wconf 87' lang='lat' dir='ltr'>de</span> <span class='ocrx_word' id='word_1_562' title='bbox 1610 2566 1673 2596; x_wconf 92' lang='lat' dir='ltr'>Co·</span> 
     </span>
     <span class='ocr_line' id='line_1_94' title="bbox 976 2613 1675 2653; baseline 0.001 -10"><span class='ocrx_word' id='word_1_563' title='bbox 976 2621 1082 2644; x_wconf 86' lang='lat' dir='ltr'>none:</span> <span class='ocrx_word' id='word_1_564' title='bbox 1107 2614 1355 2652; x_wconf 83' lang='grc' dir='ltr'>Λακεδαιμονίους</span> <span class='ocrx_word' id='word_1_565' title='bbox 1383 2613 1532 2653; x_wconf 84' lang='grc' dir='ltr'>ἐξέβαλον</span> <span class='ocrx_word' id='word_1_566' title='bbox 1561 2614 1595 2644; x_wconf 85' lang='grc' dir='ltr'>ἐκ</span> <span class='ocrx_word' id='word_1_567' title='bbox 1618 2615 1675 2651; x_wconf 78' lang='grc' dir='ltr'>τῆς</span> 
     </span>
     <span class='ocr_line' id='line_1_95' title="bbox 976 2661 1675 2703; baseline 0.006 -11"><span class='ocrx_word' id='word_1_568' title='bbox 976 2661 1086 2702; x_wconf 83' lang='grc' dir='ltr'><strong><em>ἀρχῆς,</em></strong></span> <span class='ocrx_word' id='word_1_569' title='bbox 1102 2666 1165 2695; x_wconf 83' lang='lat' dir='ltr'>&amp;c.</span> <span class='ocrx_word' id='word_1_570' title='bbox 1189 2664 1287 2696; x_wconf 85' lang='lat' dir='ltr'>Oros.</span> <span class='ocrx_word' id='word_1_571' title='bbox 1303 2673 1358 2696; x_wconf 87' lang='lat'>111.</span> <span class='ocrx_word' id='word_1_572' title='bbox 1373 2668 1403 2696; x_wconf 87' lang='lat'>1.</span> <span class='ocrx_word' id='word_1_573' title='bbox 1418 2665 1427 2681; x_wconf 90' lang='lat'>‘</span> <span class='ocrx_word' id='word_1_574' title='bbox 1440 2664 1675 2703; x_wconf 74' lang='lat' dir='ltr'>Magnitudine</span> 
     </span>
     <span class='ocr_line' id='line_1_96' title="bbox 977 2714 1674 2754; baseline 0.001 -11"><span class='ocrx_word' id='word_1_575' title='bbox 977 2717 1078 2754; x_wconf 91' lang='lat' dir='ltr'>atque</span> <span class='ocrx_word' id='word_1_576' title='bbox 1092 2714 1274 2744; x_wconf 82' lang='lat' dir='ltr'>atrocitate</span> <span class='ocrx_word' id='word_1_577' title='bbox 1286 2714 1364 2744; x_wconf 91' lang='lat' dir='ltr'>belli</span> <span class='ocrx_word' id='word_1_578' title='bbox 1375 2714 1485 2752; x_wconf 86' lang='lat' dir='ltr'>istius,</span> <span class='ocrx_word' id='word_1_579' title='bbox 1495 2714 1674 2745; x_wconf 85' lang='lat' dir='ltr'>inclinatus</span> 
     </span>
     <span class='ocr_line' id='line_1_97' title="bbox 977 2763 1673 2804; baseline 0.001 -11"><span class='ocrx_word' id='word_1_580' title='bbox 977 2772 1020 2794; x_wconf 85' lang='lat' dir='ltr'>ex</span> <span class='ocrx_word' id='word_1_581' title='bbox 1034 2763 1097 2794; x_wconf 89' lang='lat' dir='ltr'>hoc</span> <span class='ocrx_word' id='word_1_582' title='bbox 1109 2773 1242 2804; x_wconf 85' lang='lat' dir='ltr'>semper</span> <span class='ocrx_word' id='word_1_583' title='bbox 1265 2764 1297 2794; x_wconf 87' lang='lat' dir='ltr'>in</span> <span class='ocrx_word' id='word_1_584' title='bbox 1321 2769 1495 2804; x_wconf 83' lang='lat' dir='ltr'>posterum</span> <span class='ocrx_word' id='word_1_585' title='bbox 1513 2764 1673 2795; x_wconf 81' lang='lat' dir='ltr'>Lacedae-</span> 
     </span>
     <span class='ocr_line' id='line_1_98' title="bbox 977 2813 1675 2854; baseline 0 -11"><span class='ocrx_word' id='word_1_586' title='bbox 977 2813 1162 2844; x_wconf 87' lang='lat' dir='ltr'>moniorum</span> <span class='ocrx_word' id='word_1_587' title='bbox 1179 2817 1299 2844; x_wconf 80' lang='lat' dir='ltr'>status.</span> <span class='ocrx_word' id='word_1_588' title='bbox 1343 2814 1455 2844; x_wconf 87' lang='lat' dir='ltr'>Prona</span> <span class='ocrx_word' id='word_1_589' title='bbox 1471 2823 1615 2854; x_wconf 87' lang='lat' dir='ltr'>namque</span> <span class='ocrx_word' id='word_1_590' title='bbox 1633 2823 1675 2843; x_wconf 77' lang='lat' dir='ltr'>ex</span> 
     </span>
     <span class='ocr_line' id='line_1_99' title="bbox 977 2862 1672 2904; baseline -0.001 -9"><span class='ocrx_word' id='word_1_591' title='bbox 977 2864 1036 2896; x_wconf 91' lang='lat' dir='ltr'>illo</span> <span class='ocrx_word' id='word_1_592' title='bbox 1052 2862 1171 2903; x_wconf 81' lang='lat' dir='ltr'>fluere,</span> <span class='ocrx_word' id='word_1_593' title='bbox 1194 2868 1229 2895; x_wconf 86' lang='lat' dir='ltr'>et</span> <span class='ocrx_word' id='word_1_594' title='bbox 1254 2868 1344 2895; x_wconf 82' lang='lat' dir='ltr'>retro</span> <span class='ocrx_word' id='word_1_595' title='bbox 1369 2863 1525 2904; x_wconf 73' lang='lat' dir='ltr'>sublapsa</span> <span class='ocrx_word' id='word_1_596' title='bbox 1553 2863 1672 2895; x_wconf 77' lang='lat' dir='ltr'>referri</span> 
     </span>
    </p>
   </div>
  </div>
 </body>
</html>
