2101 3419
440 361 550 404 1054
749 369 1003 403 REGENSUS
1037 369 1316 403 EDITIONUM
1348 370 1560 404 Jus'rmr.

437 482 483 507 ex
505 467 643 507 Aldina
663 480 696 507 s.
712 467 871 507 Iuntina
888 480 966 505 non
985 466 1107 506 solum
1126 467 1321 515 formavit,
1343 468 1412 507 sed
1444 476 1485 508 et
1511 469 1655 509 Codice
1685 481 1771 510 usus
1803 476 1874 510 est.

435 529 610 570 Vorstius
626 529 661 569 ei
679 531 844 568 multum
862 529 1010 569 tribuit.

494 597 596 632 1530
621 592 792 632 Parisina
808 602 912 632 VIII.
934 599 971 632 8.
1025 594 1048 631 J
1053 593 1166 630 ustini
1186 593 1367 631 Historiae
1386 599 1424 631 et
1440 595 1577 632 Sextus
1596 594 1770 633 Aurelius
1787 595 1879 634 vic-

438 660 510 692 tor.
553 654 702 693 Parisiis
737 654 843 705 apud
880 654 1076 693 Simonem
1108 654 1542 695 Colinaeum.——Panzer
1571 655 1683 694 Tom.
1704 667 1808 694 vlu.
1837 669 1877 707 p.

441 722 529 756 135.

488 800 542 807 —
559 778 733 817 Sichardi
754 790 805 817 11.
827 785 865 819 8.
900 780 924 818 J
928 779 1088 826 ustinus,
1107 792 1195 818 cum
1212 780 1319 817 Sext.
1337 778 1493 817 Aurelio
1513 778 1684 817 Victore.
1702 779 1882 830 Basileae,

436 840 540 891 apud
560 841 755 879 Andream
775 841 1031 880 Cratandrum
1051 852 1102 880 M.
1123 855 1162 880 n.
1181 851 1298 879 xxx·

492 908 592 942 1533
621 903 785 953 Majoris
805 915 856 941 11.
884 910 924 942 4.
975 903 1115 942 Justiui
1146 916 1194 941 ex
1222 903 1353 952 Trogo
1383 902 1569 952 Pompeio
1601 904 1773 951 historia,
1800 906 1880 942 ὅτε.

437 965 632 1014 Hagenoae
651 965 757 1015 apud
776 965 867 1004 Joh.
885 965 1218 1004 Secer.—Panzer
1234 964 1351 1001 Tom.
1370 974 1452 1001 vn.
1473 977 1512 1014 p.
1536 972 1624 1003 111.

488 1049 542 1055 -
558 1026 705 1064 Eadem
722 1039 855 1064 recusa
872 1025 1057 1065 Coloniae.
1080 1033 1118 1065 8.

495 1093 596 1132 1537
623 1089 809 1127 Coloniae.
829 1094 868 1127 8.
921 1089 944 1125 J
950 1088 1066 1125 ustini
1085 1102 1132 1126 ex
1143 1088 1273 1137 Trogo
1288 1087 1477 1137 Pompeio
1509 1087 1690 1126 Historia.
1710 1089 1881 1139 Diligen-

437 1149 578 1188 tissime
597 1149 806 1200 recognita,
824 1156 866 1188 et
883 1149 933 1188 ab
952 1150 1145 1195 omnibus,
1176 1149 1317 1200 quibus
1335 1150 1510 1187 scatebat
1539 1151 1703 1197 mendis,
1733 1151 1883 1189 collatis

437 1212 487 1249 ad
508 1218 680 1251 autorem
702 1212 852 1251 Graecis
869 1218 907 1250 et
941 1212 1083 1250 Latinis
1102 1212 1302 1259 historicis,
1330 1219 1549 1262 repurgata.
1605 1213 1678 1250 Cui
1698 1219 1884 1263 praeterea

437 1286 513 1312 non
532 1287 670 1325 parum
688 1273 802 1320 lucis,
822 1287 870 1312 ex
889 1273 1025 1311 iisdem
1043 1274 1282 1324 transcriptis
1313 1274 1521 1321 sententiis,
1541 1280 1580 1312 et
1603 1274 1774 1313 indicato
1806 1275 1883 1314 his-

436 1335 544 1374 toriae
562 1336 711 1383 ordine,
729 1334 911 1376 accessit.
959 1335 1145 1383 Coloniae,
1165 1335 1270 1386 apud
1288 1336 1352 1374 Jo.
1375 1335 1779 1387 Gymnicum.—Bibl.
1810 1339 1885 1376 Ar-

434 1405 586 1449 gentor.

495 1466 594 1501 1538
623 1461 854 1513 Gryphiana
870 1472 902 1499 Ι.
925 1466 962 1500 8.
991 1464 1002 1482 ‘
1015 1463 1038 1502 J
1044 1461 1159 1500 ustini
1178 1474 1227 1500 ex
1244 1460 1364 1510 Trogi
1381 1460 1557 1512 Pompeii
1577 1460 1744 1500 historiis
1760 1466 1886 1501 exter-

438 1523 497 1562 nis
515 1524 603 1562 libri
623 1534 748 1562 XLIV.
787 1525 860 1562 His
889 1525 1055 1563 accessit
1083 1538 1131 1563 ex
1161 1526 1250 1563 Sex.
1284 1523 1438 1561 Aurelio
1468 1523 1626 1561 Victore
1645 1525 1706 1562 De
1737 1525 1817 1562 uita
1847 1531 1888 1564 et

439 1586 607 1625 moribus
627 1588 886 1626 Romanorum
912 1587 1186 1637 imperatorum
1213 1585 1405 1637 Epitome.
1448 1585 1640 1635 Lugduni,
1658 1586 1763 1637 apud
1796 1587 1888 1626 Seb.

439 1649 674 1700 Gryphium,
698 1651 1082 1689 1538.'—Crevenna
1099 1649 1217 1686 Tom.
1238 1658 1280 1686 v.
1300 1661 1343 1698 p.
1360 1653 1426 1686 45.

497 1716 598 1757 1539
627 1712 803 1751 Basileae.
823 1718 862 1751 4.
917 1711 1057 1751 Justini
1076 1724 1122 1749 ex
1141 1710 1273 1760 Trogo
1293 1708 1481 1760 Pompeio
1501 1709 1682 1748 historiae.
1731 1711 1888 1751 Basileae

440 1774 545 1823 apud
566 1774 690 1813 Mich.
712 1774 978 1825 Isengrinium.
1033 1774 1204 1812 Curante
1218 1772 1313 1810 Sim.
1334 1773 1520 1822 Grynem,
1541 1772 1607 1822 qui
1626 1773 1811 1822 praefatus
1830 1781 1890 1814 est

440 1835 489 1873 de
509 1836 671 1875 utilitate
694 1837 867 1888 legendae
886 1836 1068 1875 historiae.

499 1904 599 1938 1542
629 1900 856 1950 Gryphiana
878 1911 929 1938 11.
952 1906 991 1939 8.
1031 1911 1121 1937 cum
1153 1899 1242 1937 Sex.
1272 1898 1432 1937 Aurelio
1466 1898 1639 1937 Victore.
1696 1898 1888 1949 Lugduni,

442 1961 546 2010 apud
560 1961 649 1999 Seb.
671 1962 903 2012 Gryphium.
1376 1964 1385 1969 ⁴

500 2028 598 2062 1543
628 2023 799 2063 Parisina
819 2035 883 2062 lx.
905 2030 943 2063 8.
975 2025 997 2062 J
1003 2022 1118 2061 ustini
1137 2036 1184 2060 ex
1202 2022 1321 2072 Trogi
1339 2022 1516 2074 Pompeii
1535 2022 1704 2062 historiis
1723 2023 1890 2061 externis

442 2083 528 2123 libri
547 2095 670 2123 XLIV.
699 2085 866 2133 Parisiis,
886 2085 991 2136 apud
1011 2085 1114 2124 Rob.
1139 2084 1397 2135 Stephanum.

497 2168 549 2174 -—
566 2147 752 2186 Coloniae.
773 2152 810 2188 8.

496 2229 550 2236 —-
567 2209 807 2259 Antverpiae.
829 2215 867 2248 8.

495 2291 549 2298 —-
567 2270 744 2309 Basileae.
767 2276 806 2310 8.
843 2270 984 2309 Justini
1001 2283 1047 2309 ex
1061 2270 1182 2322 Trogi
1202 2270 1377 2322 Pompeii
1397 2270 1575 2309 Historiis
1594 2271 1762 2310 externis
1782 2271 1890 2311 Libri

445 2341 598 2371 xL1111.
637 2332 924 2383 diligentissime
942 2347 989 2371 ex
1008 2334 1198 2372 variorum
1232 2340 1312 2372 tam
1331 2335 1557 2372 Graecorum
1590 2347 1705 2384 quam
1740 2335 1893 2372 Latino-

442 2406 526 2431 rum
545 2394 818 2444 exemplarium
850 2395 1056 2434 collatione
1087 2395 1277 2445 castigati,
1309 2408 1355 2433 ac
1386 2394 1576 2433 beneficio
1606 2395 1848 2444 quorundam
1869 2409 1892 2433 a

444 2455 608 2503 mendis,
628 2457 768 2506 quibus
799 2458 1013 2505 scatebant,
1044 2458 1254 2508 repurgati.
1308 2458 1496 2496 Praeterea
1527 2458 1581 2495 D.
1612 2459 1676 2496 Jo.
1713 2457 1892 2495 Sichardi

444 2518 729 2567 castigationes,
759 2525 800 2557 et
816 2520 963 2570 Georg.
985 2519 1147 2570 Major-is
1164 2520 1444 2566 annotationes,
1474 2524 1738 2558 accesserunt.
1779 2521 1890 2566 Item,

444 2594 490 2617 ex
511 2582 631 2618 Sexto
648 2582 807 2620 Aurelio
827 2582 984 2620 Victore
1003 2583 1064 2620 De
1083 2583 1163 2621 vita
1189 2588 1229 2620 et
1248 2583 1418 2621 moribus
1438 2583 1697 2620 Romanorum
1721 2583 1892 2632 Impera-

445 2648 571 2680 torum
590 2643 781 2693 Epitome.
838 2646 937 2682 Cum
957 2644 1082 2682 indice
1101 2644 1368 2694 copiosissimo
1399 2650 1478 2681 tam
1509 2656 1635 2681 rerum
1665 2656 1782 2693 quam
1813 2657 1892 2681 ver-

443 2705 581 2742 borum
602 2706 771 2745 delectu.
825 2708 869 2744 ln
890 2706 986 2744 fine:
1015 2706 1187 2752 Basileae,
1217 2707 1321 2756 apud
1353 2706 1681 2745 Bartholomaeum
1713 2706 1890 2745 Westhe-

444 2780 603 2806 merum.
632 2771 706 2808 An.
731 2779 781 2809 Μ.
804 2779 847 2809 D.
868 2769 1165 2810 xmu.-Bibl.
1182 2770 1384 2818 Argentor.
