2174 3424
464 363 548 404 734

465 476 541 507 spes
556 466 799 506 Spartanorum
824 466 894 498 visa
917 471 992 500 est)
1036 468 1092 500 Ita
1115 469 1159 500 lo-

465 528 525 548 cus
543 518 598 548 ille
611 528 652 548 ex
666 519 729 549 Ms-
752 519 794 550 P.
822 519 972 551 Danielis
998 520 1161 561 legendus

466 573 530 599 est.
556 569 660 607 Bong.

506 621 524 648 3
552 617 704 658 Thebani]
734 619 780 649 Et
806 619 862 649 alii
889 618 930 650 ad
958 619 992 649 id
1020 619 1162 659 pecunia

466 669 648 699 Persarum
662 669 802 700 inducti.
826 669 928 700 Paus.
943 679 991 701 ιν.
1016 670 1064 701 Id.

507 719 523 758 ξ
540 721 560 749 4
584 719 638 749 Ex
651 719 766 760 infimis
779 719 989 760 incrementis]
1021 719 1076 750 Ita
1089 719 1161 760 qui-

463 768 541 799 dam
578 770 744 808 impressi,
777 774 892 800 recte:
928 770 985 800 alii
1012 769 1158 810 infinitis.

465 820 551 850 Mss.
574 820 738 861 finitimis.
775 820 883 859 Bong.
941 821 980 850 L.
1004 820 1058 850 hic
1085 819 1161 849 mihi

464 869 598 910 quidem
617 869 796 900 admodum
819 874 996 909 suspectus
1012 873 1076 907 est,
1098 878 1161 899 nec

462 920 531 950 scio
545 920 637 960 satis,
662 930 704 950 an
724 919 832 960 infima
852 920 1040 950 incrementa
1067 924 1160 950 recte

464 970 634 1001 dicantur.
693 971 794 1008 Sane,
826 971 1016 1010 ubicunque
1053 970 1162 1000 incre-

463 1026 589 1061 menta,
601 1021 647 1052 ibi
663 1020 853 1061 factnsjam
869 1030 1042 1061 processus
1056 1024 1105 1050 est
1119 1029 1161 1050 ex

463 1071 590 1103 infimo.
635 1071 725 1102 Add.
739 1071 827 1111 quod
854 1072 939 1101 Mss.
953 1080 1068 1102 omnes
1084 1080 1162 1101 con-

465 1131 565 1152 sensu
580 1121 663 1152 miro
681 1131 740 1161 pro
763 1121 878 1163 infimis
903 1121 1162 1162 habeantfim'ti-

462 1171 532 1202 mis.
578 1172 668 1204 Quid
693 1175 806 1202 autem
829 1170 1040 1202 commodum
1055 1171 1161 1211 possit

464 1222 636 1261 substitui,
665 1222 755 1262 quod
779 1221 821 1252 ab
845 1222 902 1252 illo
915 1222 1072 1263 finitimis
1095 1231 1161 1252 non

463 1272 564 1312 longe
588 1271 739 1311 recedat,
762 1271 925 1302 hactenus
951 1280 1016 1310 me,
1039 1270 1162 1310 fateor,

462 1331 528 1352 non
541 1322 766 1361 excogitasse.
812 1322 889 1352 Nisi
910 1321 974 1351 hoc
996 1321 1163 1359 obstaret,

463 1371 597 1401 mallem
622 1381 683 1410 pro
699 1381 738 1402 ex
760 1369 1014 1412 infimisstfacere
1037 1369 1162 1401 eximiis

463 1421 668 1452 incrementis.
692 1420 803 1452 Sclief.

508 1471 747 1511 Epaminondae]
781 1472 836 1502 De
853 1480 917 1511 quo
933 1475 1062 1510 praeter
1077 1473 1161 1501 cett.

464 1521 606 1553 Plut.in
626 1521 804 1561 Pelopida,
827 1526 861 1552 et
885 1520 1017 1551 Probus
1044 1520 1076 1550 in
1091 1520 1160 1560 ejus

465 1571 559 1602 Vita.
605 1572 682 1602 Non
699 1571 768 1601 vult
781 1571 870 1602 Just.
888 1581 963 1602 eum
981 1571 1098 1611 proelio
1113 1571 1162 1600 in-

464 1620 635 1660 terfuisse,
651 1621 739 1662 qnod
758 1621 855 1652 Oros.
873 1630 928 1652 ιιι.
951 1624 981 1652 2.
1012 1621 1160 1661 putavit3

464 1673 524 1703 sed
542 1673 614 1713 ejus
631 1672 754 1703 virtute
778 1676 911 1702 auctam
938 1681 1009 1702 rem
1031 1670 1161 1702 Theba-

464 1734 551 1755 nam.
575 1725 681 1764 Bong.

517 1777 533 1816 ς
558 1780 578 1807 6
601 1775 705 1816 Bello]

464 1826 570 1864 Schef.

506 1877 680 1917 Lysander]
700 1876 764 1915 Ap.
781 1875 986 1906 Haliartum.
1002 1873 1160 1912 Xenoph.

464 1937 522 1958 ιιι.
549 1928 638 1958 Plut.
660 1932 695 1957 et
711 1927 816 1957 Prob.
834 1925 1027 1965 Lysandro:
1060 1923 1161 1954 Diod.

466 1988 541 2009 xiv.
555 1981 608 2009 82.
624 1978 726 2008 Paus.
745 1979 868 2008 Lacon.
894 1976 998 2014 Bong.

507 2030 559 2069 §8
583 2028 685 2059 Potiti
701 2026 853 2065 victoriae]
890 2026 945 2056 Sic
964 2023 1066 2063 Angl.
1094 2021 1161 2052 Alii

462 2089 495 2119 p.
507 2079 682 2109 victoriam.
720 2077 912 2117 Utrumque
928 2075 1054 2106 Nostro
1071 2083 1162 2104 usur-

464 2132 576 2168 patur.
602 2126 706 2165 Sclnf.

508 2179 523 2219 ξ
542 2181 562 2208 9
587 2179 639 2208 Ex
652 2178 740 2217 Asia,
757 2177 811 2217 qni
832 2174 890 2215 ibi]
924 2175 1025 2205 Paus.
1044 2181 1101 2203 ιιι.
1126 2176 1162 2203 et

464 2239 515 2260 ιν.
566 2230 620 2259 De
659 2237 772 2268 pugna
805 2226 847 2257 ad
872 2226 1068 2256 Coronaeam
1091 2223 1159 2254 vid.

466 2289 559 2319 supr.
573 2279 696 2309 citatos
710 2281 884 2307 auctores:
898 2274 954 2315 qui
968 2272 1160 2312 Agesilaum

465 2339 530 2359 non
544 2328 780 2368 supervenisse
793 2335 928 2367 pngnae,
941 2324 998 2355 sed
1010 2324 1052 2354 ab
1065 2323 1161 2353 initio

465 2378 671 2417 interfuisse,
687 2376 851 2408 referunt.
876 2376 979 2413 Bong.

510 2430 573 2464 Qui
586 2429 629 2459 ibi
642 2438 772 2466 magnas
784 2425 848 2466 res]
882 2425 983 2465 Angi.
1010 2423 1063 2454 ubi
1078 2433 1118 2454 m.
1131 2432 1159 2453 r.

465 2481 571 2511 Bene.
596 2478 698 2517 Sches.

509 2532 525 2571 ξ
545 2533 584 2561 12
607 2529 668 2559 Sed
681 2526 860 2568 t·1'ctis,8yc.]
895 2526 950 2557 Sic
971 2523 1030 2556 inf.
1047 2533 1096 2555 xr.
1112 2525 1161 2554 13.

467 2584 516 2613 19.
538 2582 617 2611 Tac.
636 2588 690 2610 ιιι.
706 2578 750 2610 Η.
769 2582 794 2609 1.
816 2579 1055 2617 ‘Quamquam
1072 2580 1162 2606 atro-

465 2632 553 2663 citer
570 2632 766 2672 loqnuntnr‚
788 2629 896 2659 minor
912 2631 965 2659 est
986 2625 1075 2667 apud
1093 2626 1160 2656 vic-

465 2686 518 2712 tos
533 2680 683 2712 animus!
727 2681 772 2711 Et
788 2688 862 2710 xiv,
879 2678 920 2709 A.
934 2680 987 2709 36.
1010 2678 1019 2694 ‘
1034 2677 1160 2708 Hostes

463 2733 579 2764 statim
594 2730 770 2770 cessuros,’
793 2729 970 2761 Paullinus
995 2727 1054 2765 ait,
1079 2728 1087 2744 ‘
1104 2725 1161 2756 ubi

466 2783 590 2814 ferrum
617 2782 844 2822 virtutemque
868 2778 1077 2810 vincentium
1112 2780 1161 2807 to-

466 2835 530 2864 ties
547 2833 610 2864 fusi
625 2829 862 2871 agnovissent?
907 2827 995 2860 Add.
1010 2826 1110 2859 eund.
1127 2835 1161 2857 v.

467 2885 512 2915 ll.
531 2887 578 2915 16.
605 2883 685 2914 Sall.
702 2882 847 2914 Ju.106.
865 2883 894 2911 3.
918 2880 1160 2911 Liv.11.o.15.

763 1775 861 1815 Angl.
899 1783 964 1805 non
995 1772 1162 1814 agnoscit.

918 373 1059 403 NOTAE
1095 373 1357 405 VARIORUM
1395 376 1442 405 lN

1213 473 1262 501 ll.
1289 473 1341 502 65.
1369 474 1417 501 10.
1463 480 1511 502 1v.
1541 474 1592 502 32.
1624 473 1647 502 1,
1688 479 1767 501 rur.
1798 472 1847 501 16.
1875 473 1905 501 6.

1211 529 1340 551 xxxw.
1356 524 1451 552 20.7.
1486 521 1563 552 Vid.
1589 526 1715 560 tamen,
1740 519 1907 561 quomodo

1211 569 1329 601 Nicias
1343 580 1419 600 suos
1432 580 1473 600 ex
1483 571 1578 601 clade
1593 575 1830 601 consternatos
1844 569 1910 601 eri-

1212 625 1283 657 gat,
1310 628 1365 658 ap.
1391 619 1542 665 Tlincyd.
1559 629 1626 650 vir.
1643 623 1694 651 11.
1710 622 1741 652 9.
1785 620 1827 651 In
1843 619 1910 660 pri-

1210 668 1272 698 mis
1288 673 1400 699 antem
1413 678 1475 699 vn.
1497 672 1548 700 17.
1572 670 1672 701 Rern.

1253 719 1326 758 §13
1361 719 1528 758 Indurato]
1573 719 1650 750 Sen.
1677 719 1720 750 de
1748 719 1850 751 Prov.
1877 722 1909 750 4.

1211 769 1220 785 ‘
1235 769 1329 799 Deus
1347 778 1428 809 quos
1446 769 1581 808 probat,
1595 779 1676 810 quos
1694 774 1797 808 amat,
1812 769 1910 800 indu-

1211 823 1276 857 rat,
1291 820 1513 859 recognoscit,
1536 819 1695 851 exercet.’
1730 819 1796 851 lnf.
1812 823 1909 851 ix.3.

1210 869 1219 885 ‘
1233 867 1385 899 Assidnis
1403 869 1500 899 bellis
1513 869 1671 900 indurata
1684 869 1812 899 virtute
1836 870 1910 900 Ma-

1211 918 1376 949 cedonum
1404 918 1605 950 vincuntur-,³
1650 918 1753 950 Diod.
1776 917 1909 956 Συνήθης

1209 970 1249 1011 τῇ
1263 969 1461 1010 κακοπαθείᾳ.
1488 970 1589 1001 Gron.

1255 1020 1341 1051 CAP.
1360 1029 1394 1051 v.
1439 1021 1491 1060 §2
1516 1019 1723 1060 Iphicratem]
1759 1019 1814 1050 De
1841 1029 1908 1060 quo

1210 1074 1337 1110 praeter
1353 1071 1546 1110 superiores
1562 1070 1697 1100 Probus
1715 1070 1748 1100 in
1762 1069 1836 1110 ejus
1850 1069 1910 1099 Vi-

1211 1123 1258 1148 ta.
1306 1119 1380 1149 Hoc
1407 1124 1520 1150 antem
1548 1119 1684 1158 bellum,
1709 1120 1789 1161 qnia
1816 1119 1908 1150 circa

1211 1169 1408 1200 Corinthum
1436 1170 1628 1210 gerebatur,
1652 1171 1660 1187 ί
1676 1169 1909 1200 Corinthium'

1211 1226 1264 1252 est
1293 1222 1511 1262 appellatum,
1545 1220 1739 1263 Κορινθιακὸς
1763 1219 1908 1259 πόλεμος.

1211 1271 1317 1310 Bong.

1254 1322 1271 1361 ξ
1288 1325 1305 1351 5
1332 1321 1403 1351 Non
1414 1321 1714 1362 imperatoriae,&c.]
1751 1320 1846 1352 'l'alis
1862 1320 1907 1352 A-

1211 1371 1367 1401 lexandri
1380 1372 1430 1402 M.
1447 1377 1545 1411 pater
1558 1383 1566 1410 ;
1581 1371 1641 1403 inf.
1658 1380 1711 1403 lx.
1726 1374 1757 1404 8.
1776 1374 1827 1402 12.
1845 1371 1908 1402 Ca-

1213 1425 1247 1451 to
1261 1431 1314 1461 ap.
1335 1422 1424 1452 I’lin.
1440 1431 1504 1453 vn.
1521 1425 1574 1453 27.
1622 1423 1708 1454 Caes.
1739 1432 1793 1462 ap.
1810 1421 1907 1452 Suet.

1211 1480 1286 1511 cap.
1303 1475 1354 1503 51.
1397 1472 1520 1503 Plures
1547 1472 1630 1503 alios
1657 1472 1853 1513 eloquentia
1867 1471 1909 1501 si-

1211 1521 1280 1551 mul
1311 1531 1350 1554 ac
1381 1522 1610 1562 imperatoriis
1639 1522 1768 1553 artibus
1798 1521 1910 1553 excel-

1211 1571 1321 1602 lentes
1347 1577 1513 1603 memorat
1543 1571 1676 1603 Auctor
1698 1571 1838 1611 Dialogi
1864 1571 1908 1601 de

1212 1621 1413 1652 Oratoribus
1424 1632 1498 1662 cap.
1510 1625 1561 1653 37.
1573 1628 1606 1653 et
1618 1622 1807 1653 Marcellin.
1819 1629 1911 1653 xxx.

1212 1673 1264 1701 ll.
1309 1672 1398 1702 Rara
1415 1673 1547 1712 copula.
1596 1672 1682 1703 Nam
1710 1670 1784 1702 fere
1806 1671 1908 1710 ‘viri‚

1210 1722 1279 1752 nati
1305 1722 1450 1761 militi-ce,
1477 1721 1578 1753 factis
1605 1726 1684 1753 snut
1712 1721 1838 1762 magni,
1865 1720 1909 1752 ad

1211 1771 1391 1803 verborum
1420 1773 1611 1813 linguaeque
1643 1771 1829 1803 certamina
1855 1780 1909 1801 ru-

1211 1822 1293 1854 des!
1339 1824 1410 1854 Liv.
1424 1832 1460 1854 x.
1478 1826 1529 1853 22.
1546 1826 1576 1853 6.
1599 1824 1607 1838 ‘
1626 1822 1820 1853 Auctoritas
1837 1821 1908 1851 viro

1210 1874 1346 1904 militari
1360 1883 1419 1913 pro
1433 1871 1613 1908 facundia:
1624 1872 1707 1902 Tac.
1721 1880 1779 1902 xv.
1795 1870 1839 1901 A.
1851 1873 1905 1902 26.

1211 1924 1288 1955 Huc
1306 1924 1445 1964 respicit
1458 1922 1774 1962 Hercules‚0v.1x.
1790 1921 1840 1952 M.
1853 1923 1907 1952 29.

1206 1976 1216 1992 ‘
1247 1975 1371 2005 Melior
1400 1974 1481 2005 milii
1512 1974 1653 2004 dextera
1682 1972 1797 2012 lingua
1835 1969 1909 2002 est?

1211 2025 1312 2055 Bern.

1253 2073 1461 2113 Artessuere]
1474 2074 1540 2105 Ms.
1555 2076 1616 2103 art.
1629 2071 1907 2112 magnoesuerunt.

1211 2124 1306 2156 Mod.
1324 2126 1354 2154 ἅ
1372 2125 1473 2155 Bern-

1265 2176 1319 2216 §9
1357 2176 1540 2205 Proedarum
1563 2176 1686 2213 sumptu
1712 2176 1742 2203 et
1768 2172 1907 2203 exercitu

1212 2225 1378 2256 Persarum
1404 2224 1558 2263 restituit]
1598 2222 1832 2253 Libentissime
1858 2221 1909 2252 fa-

1213 2279 1298 2314 teor,
1321 2284 1373 2305 me
1394 2283 1457 2304 nou
1475 2283 1608 2313 capere,
1634 2272 1713 2314 quid
1730 2273 1773 2303 sit
1785 2273 1908 2312 proeda-

1212 2334 1281 2355 rum
1292 2330 1442 2364 sumptus.
1488 2324 1570 2354 Mss.
1592 2324 1680 2354 inter
1701 2332 1736 2353 se
1762 2322 1908 2353 variant.

1215 2375 1351 2406 Revoco
1369 2376 1448 2405 lect.
1468 2383 1579 2404 veram
1595 2384 1601 2404 :
1628 2373 1748 2412 Itaque,
1770 2381 1838 2412 quoe
1857 2372 1906 2402 in·

1211 2435 1298 2456 censa
1315 2424 1446 2463 fuerant
1461 2424 1592 2463 pridem,
1615 2433 1692 2453 sum.
1709 2426 1802 2454 etex.
1821 2422 1859 2452 P.
1876 2431 1906 2452 r.

1210 2474 1312 2514 Vulg.
1339 2483 1472 2514 quoque
1499 2473 1577 2503 lect.
1603 2472 1764 2512 reprobat
1795 2471 1907 2502 Xeno-

1212 2525 1313 2566 phon,
1328 2524 1382 2565 qui
1401 2523 1479 2553 nini!
1497 2523 1539 2553 de
1558 2523 1684 2563 pra’da.
1730 2523 1834 2552 Error
1848 2531 1907 2551 au-

1212 2580 1279 2606 tem
1296 2580 1390 2605 ortus
1414 2578 1467 2604 est
1494 2583 1535 2604 ex
1552 2573 1731 2612 scripturae
1748 2581 1906 2611 compen·

1211 2625 1277 2657 dio.
1307 2625 1391 2656 Voss.
1435 2624 1537 2655 Hunc
1562 2624 1583 2654 l.
1608 2623 1735 2664 optime
1750 2622 1907 2652 emenda-

1212 2676 1271 2707 vit.
1285 2676 1385 2706 Voss.
1414 2674 1499 2714 Opt.
1527 2674 1676 2714 inquam,
1706 2677 1742 2703 et
1770 2681 1811 2702 ex
1838 2670 1906 2702 fide

1210 2726 1371 2757 historiar.
1415 2724 1504 2755 Add.
1517 2723 1604 2764 quod
1619 2724 1794 2763 praedarum
1804 2731 1906 2762 sump—

1211 2779 1261 2806 tus
1285 2785 1337 2806 res
1368 2775 1491 2806 Latina
1518 2783 1582 2804 non
1608 2778 1672 2804 est.
1704 2773 1780 2804 Fah.
1827 2773 1906 2803 Non

1212 2827 1327 2868 placet
1344 2825 1464 2856 Vossio
1484 2825 1660 2865 proedarnm
1680 2827 1806 2859 sumtu;
1829 2832 1906 2863 pro-

1213 2878 1475 2920 que,praedamm
1502 2876 1567 2916 legi
1597 2876 1650 2907 ille
1677 2875 1747 2905 vult
1771 2874 1903 2914 pridem.
