2101 3419
548 321 743 353 sosium
776 322 869 352 Lus.
902 323 989 354 xv.
1020 324 1126 354 GAP.
1156 314 1196 355 3.

155 426 232 448 cum
256 417 375 456 altero,
393 416 434 448 ad
450 425 486 447 se
502 415 547 447 nil
566 415 752 456 pertinere,
766 415 843 447 ideo

154 476 216 498 nec
231 476 407 498 necessum
431 476 504 499 esse
515 470 553 497 ut
569 465 728 498 auxilium
744 466 843 497 alteri

153 515 253 548 ferat.
276 515 381 553 Schof.

194 568 212 607 ᾧ
236 569 276 597 16
295 566 432 606 Tempus,
442 564 554 605 locum]
568 564 666 606 Angl.
680 568 800 606 tempus
812 568 843 596 et

151 616 258 646 locum.
271 616 399 647 Placet.
423 616 472 646 Id.

194 666 283 697 CAP.
304 675 360 697 111.
394 666 412 706 §
430 668 446 696 1
465 664 677 706 Lysimachus]
692 664 842 706 Agatho-

149 715 211 746 clis
225 714 272 747 fil.
295 725 380 747 unus
395 725 414 746 e
429 716 623 747 custodibus
642 715 840 747 Alexandri.

148 765 227 797 vid.
243 765 344 798 Paus.
363 765 395 796 in
410 765 483 798 Att.
498 766 587 798 Plin.
598 775 678 797 vnl.
690 768 740 798 16.
757 766 842 797 Cur—

148 815 216 847 tius
239 825 320 848 vm.
343 820 373 849 1.
397 819 449 849 22.
473 827 549 858 quae
570 817 625 848 hic
648 817 700 858 (n.
725 815 773 856 8.)
798 816 841 848 de

148 866 348 906 Lysimacho
370 866 458 897 leoni
482 866 618 907 objecto
632 865 841 907 referuntur,

145 915 335 947 ‘fabulam'
363 920 475 949 vocat.
507 917 664 955 Bongars.
709 916 840 947 Plinius

145 970 258 997 tamen
272 966 305 997 d.
321 966 344 997 l.
361 965 555 997 verisimilia
578 969 698 1005 putat:
725 974 765 997 ac
777 975 839 1007 pro

147 1016 236 1048 veris
249 1020 365 1048 narrat
388 1017 464 1048 Sen.
474 1017 516 1048 de
532 1016 589 1047 Ira
601 1025 657 1047 111.
674 1019 725 1047 17.
744 1020 780 1048 et
795 1016 838 1047 de

147 1067 314 1098 Clement.
341 1076 366 1098 1.
393 1069 448 1098 25.
492 1066 592 1098 Anno
628 1070 722 1098 certe
759 1067 838 1098 Chr.

146 1119 242 1148 1262.
266 1116 482 1148 Hermannus
501 1117 609 1156 Gran,
630 1117 755 1149 Consul
776 1117 839 1148 Co-

143 1166 314 1206 loffiensis,
329 1167 417 1198 leoni
431 1176 492 1207 per
506 1167 644 1198 insidias
660 1176 680 1198 a
695 1167 838 1199 Canoni-

145 1216 194 1249 cis
219 1217 385 1259 objectus,
411 1217 486 1249 eod.
511 1217 583 1249 fere
605 1217 703 1250 modo
725 1218 838 1250 salvus

145 1267 264 1300 evasit.
300 1267 429 1299 Munst.
446 1268 555 1299 Cosm.
578 1268 677 1299 Bern.

186 1317 319 1357 Illustri,
342 1318 409 1359 εμπ]
445 1318 534 1349 Saxo
549 1327 574 1349 1.
597 1328 631 1358 p.
648 1320 678 1349 8.
702 1318 712 1336 ‘
728 1317 838 1357 Ringo

145 1368 323 1409 splendido
337 1367 514 1399 Sialandiae
529 1368 551 1398 1.
563 1367 608 1399 n.’
625 1376 700 1399 mv.
717 1377 750 1408 p.
764 1370 838 1399 293.

145 1420 198 1450 42.
222 1418 232 1435 ‘
247 1418 395 1455 Quidam
413 1418 504 1448 claro
517 1417 685 1449 Saxonum
702 1418 725 1448 l.
736 1417 783 1449 n.’

185 1468 202 1508 ς
225 1470 245 1498 2
268 1467 465 1507 Philosophia
490 1467 572 1507 ipsa]
608 1467 838 1507 Praetulerim,

144 1517 232 1559 quod
248 1518 373 1550 habent
388 1519 472 1550 Mss.
487 1519 596 1558 Bong.
616 1518 838 1559 philosophiam

140 1568 258 1608 ipsam:
281 1578 348 1599 nou
369 1567 584 1609 infrequente
608 1568 705 1600 bonis
726 1573 838 1599 aucto-

141 1618 233 1650 ribus
248 1618 443 1660 hyperbole.
471 1619 569 1649 Bern.
614 1619 688 1658 Ego
704 1627 838 1659 quoque

141 1677 218 1699 cum
238 1669 280 1700 cl.
297 1669 460 1700 Bernecc.
477 1678 495 1699 e
510 1669 591 1700 Mss.
616 1669 838 1709 philosophiam

138 1719 237 1758 ipsam
253 1723 334 1759 puto
360 1719 594 1758 seribendum;
624 1719 837 1760 intelligend.

139 1772 254 1800 autem
270 1768 313 1799 de
329 1768 547 1808 Callisthene,
561 1769 616 1810 qui
632 1768 724 1799 ferre
748 1770 837 1800 cala-

138 1819 294 1849 mitatem
318 1828 410 1849 suam
438 1819 523 1849 adeo
550 1828 616 1849 non
643 1819 768 1859 potuit,
797 1824 836 1851 ut

138 1867 320 1908 praebitum
341 1868 404 1898 sibi
421 1877 441 1898 a
456 1868 652 1908 Lysimacho
668 1878 835 1900 venenum

137 1917 255 1948 mallet
292 1926 436 1956 sumere,
472 1927 570 1958 quam
604 1917 728 1948 diutius
757 1927 834 1949 cum

138 1970 234 1998 tanta
250 1966 387 1997 miseria
398 1967 523 1998 vivere.
545 1966 651 2004 Schef.

178 2017 196 2056 ς
218 2019 237 2047 3
263 2016 424 2047 Conscium
442 2015 542 2054 fuisse
556 2017 656 2047 iratas
667 2016 833 2058 finxisset]

135 2066 285 2098 Gronov.
302 2066 336 2097 in
352 2066 408 2098 lib.
425 2075 481 2096 111.
511 2066 596 2097 Obs.
613 2067 730 2097 mallet
745 2070 832 2097 ratus

132 2115 296 2156 vinxisset,
316 2116 338 2147 i.
358 2126 387 2148 e.
412 2116 445 2146 iu
460 2116 592 2146 vincula
607 2116 828 2156 conjecisset:

133 2165 167 2196 id
183 2165 273 2207 quod
291 2175 370 2196 vero
385 2175 448 2196 nec
461 2165 609 2197 absimile
627 2171 691 2197 est.
720 2166 794 2197 Vor.

174 2216 192 2256 ᾗ
215 2218 247 2248 3.
264 2218 296 2247 4.
312 2219 343 2247 5.
359 2215 406 2255 6.]
428 2216 480 2246 De
491 2219 599 2246 morte
615 2214 830 2246 Callisthenis

132 2265 241 2296 variat
265 2265 359 2298 Plut.
382 2265 481 2296 Alex.
497 2267 550 2296 98.
573 2269 608 2295 et
622 2264 757 2297 Arrian.
776 2273 828 2296 1v.

129 2313 280 2355 itemque
297 2315 471 2356 Diogenes
486 2314 602 2347 Lae'rt.
624 2314 659 2345 in
682 2314 828 2346 Aristot.

132 2364 231 2396 Bern.

173 2415 191 2455 §
213 2417 235 2446 4
255 2414 465 2456 Abscisisque]
505 2415 562 2446 Ita
598 2418 683 2446 vett.
720 2414 826 2446 libros

128 2464 254 2496 habere
283 2465 461 2497 confirmat
490 2464 559 2497 Ob.
583 2465 771 2505 Giphanius
792 2465 827 2495 in

131 2513 217 2547 obs.
240 2516 279 2547 L.
306 2517 345 2548 L.
366 2526 428 2556 pro
444 2525 510 2557 quo
528 2515 654 2556 vulgati
671 2515 827 2546 abscissis-

129 2573 196 2604 que.
238 2565 311 2596 Liv.
326 2574 432 2597 xxx1.
446 2568 500 2596 34.
518 2568 550 2597 4.
572 2567 581 2583 ‘
595 2565 751 2596 Brachiis
769 2565 826 2596 ab·

131 2612 249 2645 scisis.'
282 2615 361 2646 val.
381 2615 431 2646 M.
450 2624 531 2646 vnt.
554 2617 585 2647 3.
608 2614 668 2646 fin.
692 2615 701 2632 ‘
718 2614 827 2646 Here-

130 2663 219 2695 ditas
231 2663 386 2696 abscisa!
409 2666 509 2697 Rern.

173 2714 191 2754 ᾗ
214 2717 232 2744 5
257 2714 396 2755 Insuper,
407 2716 479 2755 8515]
502 2714 598 2747 Suid.
612 2713 825 2753 Καλλισθένης

130 2763 315 2803 Δημοτίμου,
340 2764 369 2795 οἱ
396 2764 429 2796 δὲ
453 2764 689 2806 Καλλισθένους,
714 2764 825 2797 Ὀλύν-

131 2815 204 2852 θιος,
223 2812 360 2851 μαθητὴς
373 2813 604 2856 Ἀριστοτέλους
624 2814 676 2846 καὶ
703 2815 825 2855 ἀνεψια-

130 2863 210 2903 δοῦς,
239 2862 275 2893 ὃν
298 2862 405 2895 ἔδωκεν
430 2863 556 2896 ἕπεσθαι
582 2864 767 2907 Ἀλεξάνδρῳ
781 2867 826 2904 τῷ

214 2915 330 2956 Delph.
342 2919 373 2948 et
392 2917 467 2950 Var.
484 2917 566 2950 Clas.

792 2917 912 2950 Justin.

1507 311 1593 355 865

895 416 1054 447 Μακεδόνι·
1070 418 1086 447 ὁ
1105 417 1138 448 δὲ
1154 418 1186 448 ἐν
1199 417 1358 459 ’γαλεάγρᾳ
1371 419 1476 459 σιδηρᾷ
1485 419 1591 454 βαλὼν

894 464 956 504 ἅμα
971 465 1101 506 Νεάρχῳ
1111 469 1155 506 τῷ
1169 469 1316 508 τραγικῷ,
1335 468 1410 499 διότι
1426 469 1507 508 αὐτῷ
1520 480 1590 500 συν-

893 514 1037 551 εβούλευε
1051 516 1094 555 μὴ
1114 516 1268 557 ἐπιζητεῖν
1283 518 1340 549 ὑπὸ
1356 519 1521 556 Ἀθηναίων
1536 532 1590 551 κα-

893 566 1012 596 λεῖσθαι
1027 566 1187 604 δεσπότης.
1211 569 1266 600 De
1283 574 1393 601 morte
1410 570 1588 602 Callisthe-

894 616 946 647 nis
962 617 1018 647 alii
1044 618 1110 648 alia
1135 618 1287 650 tradunt.
1331 619 1410 652 vid.
1435 621 1590 652 Freinsh.

892 667 935 699 ad
949 668 1046 700 Curt.
1063 677 1144 699 vm.
1160 672 1190 700 8.
1204 671 1259 700 21.

936 719 954 759 §
976 721 997 749 6
1020 719 1105 750 Timo
1133 718 1334 759 Lysimachus
1358 718 1482 759 audire]
1505 720 1591 751 Post

893 769 903 786 ⁴
916 769 1149 809 Lysimachus’
1165 769 1312 809 ponend.
1335 779 1473 800 comma.
1509 770 1589 801 Non

893 818 983 849 enim
1006 822 1088 850 tunc
1113 819 1274 851 audiebat
1293 829 1382 859 eum,
1407 829 1481 851 cum
1498 824 1590 852 esset

891 869 1022 900 clausus
1037 878 1153 910 cavea,
1178 868 1237 900 sed
1254 869 1326 909 jam
1348 870 1428 901 olim
1443 868 1590 901 liberum

891 918 1014 959 adhuc,
1023 919 1101 950 etin
1113 919 1266 950 exercitu
1274 924 1476 951 versantem.
1485 919 1589 957 Sches.

932 968 1106 1000 Libertatis
1125 978 1232 1009 poenas
1252 970 1427 1010 pendentis]
1450 970 1458 986 ‘
1472 969 1589 1000 Liber-

891 1021 961 1050 tas’
985 1029 1045 1060 pro
1060 1019 1220 1051 libertate
1239 1020 1408 1061 loquendi.
1453 1021 1510 1051 Sic
1525 1030 1589 1051 sae-

891 1078 934 1110 pe
965 1074 1000 1101 et
1029 1069 1097 1101 alii.
1141 1069 1219 1102 Vid.
1246 1070 1356 1101 Notas
1380 1070 1415 1101 in
1440 1070 1515 1101 Val.
1535 1070 1588 1102 M.

890 1128 940 1150 VI.
958 1122 987 1151 1.
1019 1120 1090 1151 Vor.

930 1171 948 1211 ς
969 1173 989 1201 7
1017 1170 1231 1212 Ferocissz'mo]
1262 1170 1305 1202 In
1320 1171 1405 1202 Mss.
1421 1174 1473 1202 est
1485 1170 1589 1211 perfe-

887 1219 1055 1251 rocissimo.
1100 1220 1192 1251 Num
1215 1219 1305 1252 Just.
1330 1220 1467 1260 scripsit
1485 1220 1588 1261 petfe-

887 1269 964 1310 roci,
980 1270 1131 1311 aliusque
1154 1270 1188 1300 id
1211 1269 1291 1301 dein
1323 1279 1395 1311 per,
1418 1269 1588 1301 ferocissi-

888 1329 955 1359 mo,
969 1320 1149 1360 exposuit?
1178 1320 1235 1351 Ita
1249 1320 1329 1351 mihi
1343 1319 1480 1362 quidem
1493 1320 1587 1352 vide-

889 1374 954 1401 tur.
978 1369 1082 1408 Schey'.

931 1421 947 1460 ς
971 1422 991 1450 8
1014 1419 1223 1460 Arreptaque]
1236 1418 1585 1460 Cod.uterqueVoss.

887 1468 1083 1509 abreptaque.
1106 1470 1214 1500 Gron.

930 1519 947 1558 ς
971 1521 991 1548 9
1015 1518 1193 1550 Admiratio
1208 1518 1241 1550 in
1251 1518 1508 1559 satisfactionem]
1524 1518 1585 1550 Ni-

887 1566 931 1597 hil
951 1571 1078 1598 temere
1095 1571 1199 1599 muto.
1244 1568 1368 1599 Dicam
1391 1573 1519 1609 tamen,
1535 1569 1585 1599 vi-

888 1616 961 1646 deri
976 1616 1079 1647 verba
1094 1617 1104 1634 ‘
1119 1621 1223 1648 tantae
1240 1617 1401 1657 virtutiS‚'
1417 1627 1490 1660 quae
1504 1624 1585 1659 post

886 1671 1084 1708 sequuntur,
1098 1667 1128 1698 h.
1142 1668 1164 1699 l.
1180 1667 1389 1708 collocanda,
1405 1677 1481 1699 cum
1497 1678 1584 1709 prae-

886 1716 1002 1747 sertim
1040 1717 1213 1747 constantia
1239 1717 1368 1747 virtutis
1402 1726 1470 1748 non
1500 1718 1583 1749 satis

885 1765 1062 1796 commode
1093 1766 1238 1804 dicatur,
1275 1767 1356 1808 quia
1391 1767 1586 1799 constantia

883 1815 956 1855 ipsa
971 1815 1078 1846 virtus
1105 1819 1170 1854 est,
1195 1825 1258 1846 nec
1287 1825 1349 1856 pro
1375 1816 1502 1847 virtute
1528 1818 1584 1847 ha-

882 1866 1043 1906 bendum,
1070 1866 1104 1896 in
1124 1875 1189 1907 quo
1205 1866 1298 1897 nulla
1314 1870 1366 1897 est
1379 1867 1582 1898 constantia.

882 1915 985 1954 Schef.

923 1967 941 2007 ξ
966 1969 1006 1997 10
1034 1966 1139 1998 Veluti
1148 1965 1302 2008 parentis]
1319 1966 1329 1983 ‘
1343 1966 1393 1998 Ut
1403 1969 1581 2007 parentum

881 2016 1058 2053 saevitiam,
1079 2017 1127 2048 sic
1150 2017 1284 2057 patriae,
1302 2016 1464 2057 patiendo
1480 2026 1519 2048 ac
1532 2017 1581 2048 fe-

881 2066 986 2098 rendo
1016 2067 1206 2098 leniendam
1229 2067 1327 2106 esse‚'
1342 2066 1429 2098 dixit
1444 2067 1582 2098 Marcus

880 2116 953 2147 Liv.
969 2126 1022 2156 ap.
1040 2117 1113 2147 Liv.
1131 2125 1255 2148 xxvn.
1271 2119 1323 2148 36.
1342 2119 1392 2148 12.
1414 2117 1503 2148 Pub.
1518 2117 1580 2157 Sy-

880 2175 956 2197 rus:
981 2167 990 2184 ‘
1006 2165 1108 2197 Ames
1127 2171 1317 2206 parentem,
1331 2167 1358 2197 si
1375 2176 1491 2207 aequus
1507 2170 1578 2197 est:

879 2216 907 2246 si
944 2215 1055 2256 aliter,
1084 2215 1196 2249 feras)
1232 2217 1332 2250 Quod
1366 2222 1579 2257 praeceptum

878 2266 1020 2306 pulchre
1036 2265 1196 2297 diffundit
1208 2267 1388 2307 Epictetus
1403 2267 1580 2298 Enchirid.

878 2318 932 2347 37.
968 2315 1049 2346 Vid.
1075 2315 1271 2348 Arnisaeum
1286 2317 1328 2348 de
1343 2318 1488 2358 Republ.
1503 2328 1527 2349 1.
1544 2328 1577 2359 p.

876 2366 952 2395 276.
965 2363 990 2395 f.
1023 2365 1123 2396 Bern.

919 2414 934 2454 §
956 2417 994 2444 ll
1021 2414 1215 2454 Exturbata]
1247 2415 1342 2446 Bene
1358 2416 1578 2457 Msextirpa-

875 2466 920 2495 ta.
958 2463 1066 2494 Idem.
1112 2464 1237 2496 Placet
1267 2465 1347 2497 lect.
1378 2467 1469 2506 vulg.
1500 2468 1574 2499 Liv.

877 2523 928 2546 VI.
940 2516 993 2545 21.
1015 2517 1025 2531 ⁶
1041 2513 1126 2545 Haec
1142 2523 1230 2544 nova
1245 2513 1367 2554 injuria
1380 2517 1577 2547 exturbavit

875 2573 1006 2596 omnen]
1023 2572 1117 2603 spem
1134 2564 1227 2603 pacis
1241 2564 1262 2596 :’
1291 2568 1327 2595 et
1340 2565 1421 2597 Seu.
1433 2566 1577 2606 Hippoi.

876 2617 948 2646 129.
970 2614 980 2630 ⁴
993 2612 1153 2645 Nefanda
1165 2618 1263 2645 casto
1274 2618 1415 2654 pectore
1429 2616 1576 2646 exturba

873 2663 998 2704 ocyus!
1022 2663 1158 2694 Gronov.
1202 2663 1315 2703 Magis
1344 2664 1459 2703 placet
1483 2665 1574 2705 quod

873 2714 908 2745 in
935 2713 1022 2745 Cod.
1052 2712 1195 2754 quodam
1226 2713 1292 2743 ΜΞ.
1324 2722 1398 2744 esse
1427 2716 1574 2745 testatur

873 2765 982 2805 Bong.
1012 2763 1184 2804 extirpata.
1215 2762 1330 2793 Vorst.
1375 2762 1574 2795 Praeferunt

872 2815 1043 2855 extirpata,
1057 2823 1112 2844 me
1136 2813 1264 2851 invito;
1295 2816 1348 2843 est
1368 2813 1456 2843 enim
1472 2813 1574 2843 Plau-

872 2865 981 2896 tinum
996 2873 1101 2906 genus
1116 2863 1179 2895 hoc
1194 2861 1367 2904 loquendi,
1386 2862 1476 2903 quod
1491 2862 1569 2895 Jus—

1425 2918 1444 2945 3
1469 2915 1486 2945 Ι
