2101 3419
447 326 560 369 lxxx

491 434 595 464 Mardi
609 433 790 474 subiguntur
804 433 843 464 ab
857 432 1031 465 Alexandro
1046 434 1098 470 xii,
1115 437 1147 471 3,

447 480 467 508 4
490 488 507 506 a
523 477 674 506 Phrahate
688 477 740 512 xli,
757 480 787 511 5,
802 479 823 507 9

489 517 672 548 Mardonius
687 528 754 548 cum
772 518 904 548 exercitu
920 517 951 547 in
965 517 1084 549 Graecia
1101 529 1146 549 reâ€”

447 566 550 591 manet
573 561 604 596 ii,
622 563 672 596 13,
691 563 709 591 3
742 560 915 601 Olynthum
935 567 1091 601 expugnat
1113 561 1145 597 ii,

448 606 501 639 14,
519 606 535 633 1
560 602 692 632 vincitur
707 608 738 632 et
751 603 874 643 fugatur
888 603 921 639 ii,
938 606 988 637 14,
1005 607 1023 633 5

489 646 578 675 Mare
593 644 785 675 Adriaticum
810 657 859 682 xx,
875 649 905 681 1,
921 649 941 676 9
958 646 1146 687 AEgyptium

446 686 480 723 ii,
497 690 528 723 l,
545 690 585 718 19
609 687 757 728 Caspium
770 688 834 723 xlii,
850 691 882 724 2,
896 691 916 719 9
942 688 1078 717 Inferum
1095 699 1144 724 xx,

446 733 477 766 1,
493 732 513 760 7
543 730 702 759 Mortuum
718 730 816 766 xxxvi,
831 733 862 766 3,
879 733 899 761 6
929 729 1094 760 Ponticum
1113 731 1144 765 ii,

446 775 476 807 1,
495 775 535 803 19
564 772 712 812 Superum
734 773 775 808 iv,
793 777 823 808 l,
841 777 870 804 1.
893 783 943 808 xx,
959 775 989 808 1,
1005 776 1024 803 8
1054 773 1148 803 maria

445 815 591 854 pontibus
607 825 624 844 a
639 814 738 845 Xerxe
754 820 847 845 strata
868 815 900 851 ii,
917 818 969 851 10,
986 818 1027 846 24
1057 815 1146 845 maris

445 857 637 886 latrocinium
673 857 746 898 (pro
775 856 920 899 piratica)
957 857 1033 894 xliii,
1064 861 1095 894 3,
1125 861 1143 889 5

445 899 583 929 Freinsh-

487 942 609 971 Marem
625 940 755 972 foeminae
767 941 957 972 matrimonio
968 941 1073 982 junxit
1086 942 1146 982 pri-

445 994 512 1013 mus
529 984 664 1024 Cecrops
680 984 712 1020 ii,
728 987 759 1019 6,
776 987 794 1014 7
819 995 914 1015 mares
930 984 961 1021 ii,
977 987 1010 1021 4,
1027 988 1067 1015 10

489 1026 644 1065 Margiani
659 1026 711 1061 xli,
727 1028 757 1061 1,
776 1029 814 1056 10

487 1068 603 1097 Marini
615 1074 800 1098 commeatus
815 1069 855 1105 iv,
868 1071 900 1104 4,
913 1072 931 1099 5
955 1068 1079 1098 marinae
1091 1079 1146 1098 au-

444 1120 485 1140 rae
499 1110 588 1140 flatus
602 1110 679 1146 xliv,
695 1113 726 1146 1,
743 1114 783 1141 10

487 1152 619 1182 Maritus
635 1164 641 1181 :
665 1163 739 1181 uxor
755 1153 852 1182 mariti
874 1153 1024 1194 sanguine
1039 1154 1146 1184 dotata

443 1193 467 1230 i,
482 1197 513 1230 7,
530 1197 570 1225 19
593 1205 703 1234 corpus
718 1195 920 1226 interfectoris
935 1207 1026 1236 super
1046 1197 1145 1227 mariti

443 1236 586 1276 reliquias
611 1237 757 1267 cremavit
782 1237 947 1279 Olympias
975 1239 1015 1275 ix,
1043 1242 1075 1275 7,
1105 1242 1141 1270 11

443 1279 589 1308 memoria
607 1279 706 1309 mariti
728 1279 789 1315 xiv,
805 1284 836 1316 5,
854 1284 893 1311 10
924 1286 995 1321 post
1017 1287 1144 1311 mortem

444 1321 543 1350 mariti
559 1322 618 1356 xvi,
634 1325 663 1357 1,
679 1325 698 1352 2
726 1333 801 1353 uxor
815 1323 956 1354 maritum
972 1323 1083 1354 osculis
1098 1324 1143 1354 fa-

444 1364 560 1403 tigabat
573 1364 656 1399 xxiii,
672 1368 703 1399 2,
720 1367 740 1395 9

486 1405 644 1436 Maritima
659 1408 729 1436 urbs
742 1407 783 1443 ix,
800 1410 830 1443 1,
846 1410 866 1438 2

486 1448 644 1488 Marpesia
666 1448 859 1479 Amazonum
881 1449 986 1491 regina
1007 1451 1038 1487 ii,
1053 1453 1086 1488 4,
1103 1453 1143 1482 12

442 1491 622 1521 interficitur
635 1491 668 1527 ii,
683 1494 715 1527 4,
734 1495 774 1523 16

486 1533 572 1563 Mars
587 1534 777 1564 Amazonum
794 1539 881 1574 pater
903 1534 935 1571 ii,
951 1537 982 1571 4,
1000 1538 1039 1566 13
1069 1535 1143 1566 item

443 1575 570 1605 Romuli
585 1582 616 1606 et
631 1576 722 1606 Remi
744 1576 818 1612 xliii,
834 1580 865 1613 2,
882 1580 900 1608 3
930 1578 1034 1608 Marte
1053 1588 1143 1618 aequo

444 1618 610 1648 discessum
641 1624 687 1648 est
718 1620 859 1660 utrinque
890 1620 938 1659 (id
965 1625 1022 1656 est,
1054 1631 1143 1661 aequo

443 1660 566 1701 praelio)
590 1661 633 1696 iii,
656 1664 687 1696 6,
703 1664 723 1692 9
748 1661 815 1700 (Sic
841 1667 872 1692 et
894 1662 1013 1697 dicunt,
1038 1669 1144 1703 aperto

442 1703 556 1738 Marte,
578 1713 659 1733 caeco
675 1704 778 1734 Marte
792 1705 947 1735 dimicare.
991 1705 1051 1735 Pro
1067 1716 1144 1746 quo-

443 1756 506 1774 rum
536 1745 635 1785 priore
664 1751 777 1783 noster,
807 1752 913 1787 aperto
943 1748 1059 1788 praelio.
1103 1749 1143 1779 V.

442 1787 576 1827 Aperto)
599 1788 701 1818 Vorst.

484 1830 653 1860 Marsicum
671 1830 782 1860 bellum
799 1831 920 1868 xxxviii,
934 1834 965 1867 4,
984 1835 1022 1864 13

484 1872 652 1902 Masinissa
676 1873 832 1903 Numidiae
859 1885 909 1904 rex
934 1873 1142 1905 Romanorum

441 1914 542 1943 socius
556 1915 658 1950 xxxiii,
672 1919 701 1950 l,
712 1918 732 1946 2
757 1916 930 1946 Masinissa-2
943 1917 973 1946 in
985 1916 1143 1948 Romanos

442 1956 550 1986 merita
564 1957 687 1993 xxxviii,
703 1960 734 1993 6,
749 1960 769 1988 4

485 1998 627 2028 Massilia
641 2000 783 2029 conditur
806 1999 880 2036 xliii,
896 2003 927 2035 3,
943 2003 962 2032 4
979 2006 1010 2031 et
1026 2004 1065 2032 12
1095 2001 1143 2032 in-

441 2039 526 2069 sidiis
549 2051 567 2070 a
582 2041 721 2071 Comano
737 2042 850 2080 petitur
871 2042 947 2078 xliii,
963 2045 994 2079 4,
1011 2047 1031 2074 6
1060 2044 1141 2074 obsi-

441 2082 531 2112 detur
544 2092 562 2112 a
577 2083 771 2113 Catumando
786 2084 861 2120 xliii,
877 2089 908 2121 5,
925 2089 942 2115 5

483 2125 694 2155 Massilienses
711 2137 763 2165 pro
780 2126 1018 2157 Phocaeensibus
1034 2128 1140 2157 condi-

439 2167 556 2196 toribus
569 2168 631 2196 suis
643 2168 847 2207 deprecantur
862 2169 972 2204 xxxvii,
986 2172 1016 2204 l,
1030 2173 1045 2200 1
1071 2180 1141 2200 curn

439 2208 538 2239 Gallis
553 2214 585 2239 et
607 2209 769 2250 Liguribus
792 2211 872 2241 bella
886 2216 994 2252 gerunt
1019 2211 1093 2248 xliii,
1109 2216 1140 2248 5,

438 2254 455 2281 1
496 2252 765 2292 Carthaginienses
796 2253 923 2283 vincunt
952 2253 1028 2289 xliii,
1058 2258 1090 2290 5,
1120 2258 1140 2286 2

438 2292 549 2323 Romae
563 2293 746 2324 incendium
769 2296 893 2336 publico
915 2296 1021 2326 funere
1039 2307 1140 2336 prose-

437 2341 574 2375 quuntur
599 2336 672 2372 xliii,
690 2341 720 2374 5,
736 2340 757 2368 9
785 2337 1028 2369 B'Iassiliensium
1053 2339 1141 2369 insti-

438 2382 505 2408 tuta
520 2379 596 2415 xliii,
611 2382 643 2414 4,
661 2382 700 2410 12

478 2421 582 2451 Mater
617 2421 786 2452 Alexandri
800 2433 806 2452 :
852 2423 922 2453 vide
966 2423 1141 2463 Olympias.

436 2461 541 2493 Darii:
564 2464 634 2494 vide
651 2463 691 2494 D.
717 2470 825 2495 matres
840 2476 909 2496 suas
923 2465 1142 2496 interfecerunt

437 2504 601 2545 Antipater
616 2506 779 2537 Cassandri
792 2507 870 2537 filius
885 2509 946 2544 xvi,
962 2512 990 2544 1,
1007 2512 1021 2539 l
1048 2507 1141 2537 Alex-

435 2548 533 2577 ander
560 2549 731 2590 AEgyptius
765 2551 865 2585 xxxix,
894 2553 925 2585 4,
957 2555 975 2581 5
1015 2550 1141 2591 Grypos

437 2590 537 2626 xxxix,
552 2594 583 2626 2,
601 2594 620 2621 8
650 2591 834 2622 Ptolemaeus
858 2593 1037 2633 Philopator
1060 2594 1140 2629 xxix,

441 2635 471 2668 l,
489 2636 506 2663 5
537 2633 672 2663 studium
694 2635 837 2674 placendi
859 2646 878 2665 a
892 2636 1006 2676 virgine
1023 2636 1053 2665 in
1078 2645 1140 2665 ma-

440 2681 515 2704 trem
526 2675 662 2706 conferre
676 2677 755 2713 xxvi,
768 2680 799 2713 3,
813 2680 832 2708 4
856 2678 886 2707 in
900 2683 1000 2708 uteros
1013 2684 1140 2708 matrum

440 2717 576 2757 refugere
591 2718 611 2754 i,
627 2722 659 2754 6,
677 2722 715 2750 14
746 2720 913 2750 infelicium
929 2725 1056 2750 matrum
1073 2720 1139 2750 ulu-

440 2758 520 2788 latus
541 2760 602 2795 xix,
618 2764 650 2797 2,
666 2764 703 2792 11
735 2761 822 2792 liberi
836 2763 867 2793 in
883 2763 997 2804 gremio
1013 2767 1141 2793 matrum

441 2802 533 2831 occisi
546 2802 626 2839 xxvi,
644 2807 673 2839 l,
689 2806 708 2834 7

485 2843 618 2874 Materia
633 2845 779 2876 scelerum
795 2847 858 2876 auri
875 2848 1052 2888 argentique
1069 2859 1140 2878 usus

444 2884 488 2920 iii,
504 2888 535 2920 2,
552 2889 592 2917 12
615 2887 686 2927 (ubi
701 2892 709 2905 â´
723 2889 857 2919 materiaâ€™
881 2900 935 2930 pro
951 2891 1140 2931 occasione.)

443 2926 494 2959 Sic
510 2933 560 2959 ct:
577 2930 702 2962 materia
717 2931 875 2963 seditionis
898 2932 938 2972 xi,
954 2937 985 2971 5,
1001 2936 1020 2966 2
1044 2938 1139 2964 mate-

1085 333 1243 366 iNDEx

1198 433 1240 462 ria
1255 431 1399 473 (vocatur
1413 432 1568 474 bitumen)
1584 433 1604 470 i,
1619 436 1651 470 2,
1666 437 1686 466 7
1715 433 1896 476 generandis

1196 475 1318 515 ignibus
1333 474 1390 504 soli
1404 475 1515 505 Siciliae
1537 477 1683 506 naturalis
1705 479 1832 509 materia
1852 480 1896 515 iv,

1200 521 1228 553 l,
1246 520 1264 548 3
1293 527 1356 546 non
1382 517 1527 547 minorem
1543 529 1641 548 rerum
1663 520 1819 550 materiam
1840 522 1896 551 ha-

1196 560 1266 589 bere
1282 560 1313 588 in
1327 559 1428 595 Italia,
1444 570 1535 600 quarn
1549 561 1627 590 alius
1641 560 1674 590 in
1687 562 1788 592 Persis
1802 562 1853 598 xii,
1864 565 1896 598 2,

1196 604 1216 632 2
1245 602 1370 631 materia
1385 612 1495 641 magna
1509 603 1765 634 incrementorum
1780 609 1827 634 est
1841 605 1898 634 ali-

1196 644 1270 685 quid
1295 643 1387 674 alicui
1410 645 1473 680 xiii,
1488 647 1519 680 4,
1536 648 1578 677 24
1607 645 1763 676 materiam
1786 646 1898 687 quietis

1195 687 1285 716 avide
1301 686 1430 726 arripere
1452 698 1522 723 xxx,
1537 690 1568 723 1,
1583 691 1603 719 7
1633 689 1759 719 materia
1779 689 1900 719 uberior

1197 729 1306 771 (belli)
1322 728 1413 758 Italia
1427 729 1508 765 xxxi,
1523 734 1555 765 5,
1565 733 1586 761 4
1609 730 1714 761 Vorst.

1239 772 1384 801 Materna
1406 771 1552 801 nobilitas
1578 773 1599 808 i,
1622 775 1654 809 4,
1676 776 1697 804 4
1726 773 1820 803 vitam
1843 783 1899 813 per

1196 813 1290 843 ubera
1304 818 1442 843 materna
1456 814 1615 854 deprecari
1628 815 1689 851 xvi,
1701 818 1732 852 1,
1745 819 1762 846 1
1786 822 1898 846 mater-

1196 866 1244 885 nae
1266 855 1382 885 fraudis
1397 856 1558 897 vestigium
1581 857 1642 893 xvi,
1659 860 1690 894 1,
1706 861 1725 889 3
1756 858 1788 887 in
1804 857 1898 888 ultio-

1196 908 1265 928 nem
1282 903 1426 928 maternae
1441 899 1526 930 necis
1542 899 1656 929 bellurn
1671 910 1773 940 gerere
1788 900 1848 936 xvi,
1865 903 1897 937 1,

1197 945 1215 971 5
1250 941 1358 970 armari
1383 940 1459 976 xliii,
1482 944 1514 977 2,
1538 945 1578 973 10
1615 943 1742 972 materni
1768 943 1899 983 majores

1196 983 1319 1019 xxxviii,
1335 986 1366 1018 7,
1384 985 1400 1013 1
1431 988 1576 1013 maternae
1598 985 1703 1015 sordes
1724 985 1789 1022 xiii,
1808 988 1840 1023 2,
1856 988 1895 1017 11

1196 1031 1366 1055 maternum
1382 1035 1479 1066 genus
1494 1026 1577 1062 xxiii,
1592 1029 1625 1063 4,
1641 1031 1660 1058 5

1238 1068 1409 1097 Matertera
1423 1068 1522 1104 xxxix,
1537 1071 1569 1104 3,
1586 1071 1605 1100 8

1239 1110 1430 1140 Matrimonii
1445 1111 1529 1151 origo
1551 1111 1585 1147 ii,
1600 1114 1632 1147 6,
1647 1114 1667 1143 7
1696 1111 1729 1141 in
1743 1111 1899 1142 matrimo-

1196 1152 1254 1182 niis
1269 1163 1331 1182 non
1347 1153 1490 1183 habenda
1512 1153 1589 1184 ratio
1605 1155 1746 1194 pecuniae
1768 1155 1812 1190 iii,
1829 1157 1860 1190 3,
1877 1158 1897 1185 8

1195 1195 1384 1225 matrimonia
1400 1196 1477 1236 (hoc
1489 1201 1546 1231 est,
1558 1197 1683 1235 uxores)
1697 1196 1741 1232 iii,
1755 1199 1786 1232 3,
1800 1200 1831 1228 8.
1852 1196 1898 1234 iii,

1196 1241 1227 1272 5,
1243 1241 1274 1268 6.
1298 1237 1358 1273 xiv,
1375 1241 1406 1273 3,
1423 1241 1453 1268 7.
1479 1238 1561 1274 xviii,
1578 1243 1609 1275 5,
1625 1243 1643 1270 5
1668 1239 1806 1269 Freinsh.
1834 1250 1898 1269 rna-

1196 1280 1330 1310 trimonii
1353 1280 1509 1310 reticenda
1531 1280 1553 1316 i,
1569 1284 1600 1316 7,
1617 1284 1656 1312 15
1685 1281 1718 1312 in
1742 1282 1898 1312 matrimo-

1194 1323 1278 1352 nium
1300 1323 1372 1353 dare
1395 1322 1416 1358 i,
1432 1325 1463 1359 7,
1481 1326 1497 1354 1
1522 1324 1640 1354 tradere
1661 1324 1683 1360 i,
1698 1327 1730 1360 4,
1746 1327 1766 1356 4
1795 1324 1900 1354 matriÎ‡

1194 1365 1298 1394 monio
1309 1365 1441 1405 jungere
1456 1375 1568 1395 marem
1582 1366 1716 1396 foeminae
1731 1366 1764 1403 ii,
1777 1369 1808 1402 6,
1822 1369 1841 1398 7
1864 1366 1899 1397 in

1194 1408 1418 1437 matrimonium
1442 1408 1580 1448 accipere
1605 1408 1739 1449 aliquam
1766 1408 1840 1445 xvii,
1863 1412 1896 1445 2,

1195 1452 1233 1480 15
1258 1450 1289 1479 in
1312 1449 1536 1480 matrimonium
1556 1450 1702 1491 recipere.
1722 1450 1781 1491 (V.
1802 1451 1900 1482 Reci-

1193 1491 1294 1533 pere).
1317 1503 1354 1522 ex
1370 1492 1562 1522 matrimonio
1577 1493 1708 1534 alicujus
1717 1493 1828 1524 liberos
1838 1493 1898 1524 tol-

1194 1535 1254 1565 lere
1270 1535 1343 1570 xvii,
1361 1537 1392 1570 3,
1408 1537 1428 1565 4

1237 1577 1449 1607 Matronarum
1465 1582 1643 1607 ornamenta
1654 1577 1816 1618 pudicitia,
1832 1587 1896 1608 non

1193 1625 1292 1650 vestes
1308 1631 1357 1656 xx,
1372 1622 1405 1656 4,
1423 1622 1462 1650 12
1487 1625 1632 1650 matronae
1645 1621 1819 1662 principum
1835 1620 1897 1657 xiv,

1193 1665 1226 1698 6,
1242 1664 1261 1692 3

1237 1705 1405 1736 Matronali
1434 1705 1541 1736 habitu
1572 1705 1676 1735 amicti
1705 1705 1897 1736 Macedones

1194 1747 1385 1778 Persicorum
1402 1748 1572 1790 legatorum
1587 1747 1747 1778 libidinem
1763 1747 1898 1788 puniunt

1192 1790 1245 1825 vii,
1262 1792 1292 1825 3,
1309 1794 1329 1821 6

1235 1832 1361 1862 Matura
1375 1843 1411 1862 ex
1428 1832 1531 1872 aliquo
1547 1832 1623 1873 (hoc
1637 1836 1694 1868 est,
1711 1831 1813 1862 vicina
1826 1842 1897 1872 parÎ‡

1192 1874 1255 1911 tui)
1272 1874 1334 1909 xiii,
1350 1878 1381 1910 2,
1397 1879 1414 1905 5
1440 1881 1557 1905 matura
1570 1879 1729 1906 senectute
1745 1875 1895 1905 decedere

1191 1917 1245 1952 xli,
1263 1921 1294 1951 5,
1311 1921 1328 1947 5
1354 1922 1504 1947 maturum
1521 1919 1592 1957 (pro
1608 1928 1657 1953 eo,
1673 1918 1758 1957 quod
1773 1917 1812 1946 ad
1828 1927 1896 1957 per-

1191 1959 1356 1989 fectionem
1372 1970 1455 1989 suam
1472 1960 1588 1989 dudum
1604 1960 1753 2000 pervenit,
1777 1964 1809 1989 et
1827 1959 1894 2000 jam

1191 2001 1379 2040 corruptioni
1408 2007 1618 2042 opportunum
1647 2001 1711 2042 est)
1740 2001 1782 2037 xi,
1812 2006 1844 2037 6,
1873 2004 1893 2032 7

1192 2044 1334 2072 maturior
1349 2044 1512 2084 conceptio
1538 2044 1587 2084 (id
1602 2048 1660 2079 est,
1685 2042 1826 2084 celerior)
1848 2042 1893 2079 iii,

1190 2087 1221 2120 4,
1245 2088 1265 2116 6
1295 2085 1431 2115 Freinsh.
1460 2091 1576 2115 matura
1599 2085 1727 2126 imperia
1751 2086 1792 2122 xi,
1817 2090 1849 2122 5,
1871 2089 1892 2117 7

1191 2127 1334 2157 maturior
1348 2128 1467 2158 indoles
1483 2128 1524 2164 vi,
1540 2132 1572 2164 5,
1587 2131 1608 2159 4

1233 2170 1389 2201 Maturare
1411 2170 1515 2210 fugam
1538 2170 1570 2205 ii,
1588 2173 1640 2206 13,
1655 2173 1674 2201 7
1702 2170 1769 2211 (Ita
1790 2169 1894 2209 Virgi-

1190 2211 1248 2242 lius
1263 2212 1338 2242 AEn.
1355 2213 1375 2243 i.
1392 2213 1482 2253 141.)
1499 2223 1576 2252 opus
1590 2213 1623 2248 ii,
1640 2215 1691 2248 15,
1708 2217 1726 2243 5
1743 2218 1774 2243 ct
1788 2215 1807 2244 7
1823 2212 1893 2253 (De

1189 2254 1246 2284 hac
1276 2264 1351 2285 voce
1377 2255 1448 2286 vide
1472 2255 1614 2285 Macrob.
1641 2255 1764 2285 Saturn.
1787 2255 1830 2291 vi,
1854 2254 1893 2296 8)

1190 2296 1327 2327 Freiusli.

1232 2339 1386 2369 Maturius
1402 2338 1565 2380 (celerius)
1581 2339 1624 2375 iii,
1643 2342 1672 2375 l,
1686 2342 1705 2370 3
1721 2339 1825 2370 Vorst.

1231 2381 1390 2411 Matutino
1411 2387 1546 2422 tempore
1562 2383 1594 2417 ii,
1611 2385 1663 2419 14,
1679 2385 1700 2412 9

1231 2423 1336 2454 Mauri
1365 2423 1661 2464 Carthaginiensium
1690 2425 1793 2455 hostes
1830 2424 1892 2462 xix,

1189 2469 1220 2502 2,
1237 2469 1257 2496 4

1232 2509 1349 2539 Medea
1363 2508 1477 2548 conjux
1495 2508 1587 2548 AEgci
1603 2509 1634 2545 ii,
1657 2513 1689 2544 6,
1706 2512 1746 2541 14
1768 2508 1892 2540 ,Iasonis

1188 2551 1253 2586 xlii,
1269 2554 1300 2587 2,
1317 2554 1357 2582 12
1383 2552 1515 2582 Colchos
1531 2552 1620 2588 redit,
1636 2552 1712 2583 ibid.
1866 2548 1871 2558 â€™

1231 2594 1349 2624 Medea
1365 2595 1433 2623 urbs
1448 2594 1510 2629 xlii,
1527 2597 1557 2630 3,
1573 2597 1594 2625 6

1232 2637 1361 2666 Medela
1376 2636 1416 2673 xi,
1434 2639 1463 2672 l,
1479 2640 1497 2668 7

1231 2679 1322 2708 Medi
1346 2680 1492 2718 quamdiu
1519 2678 1711 2719 regnaverint
1738 2679 1759 2715 i,
1788 2682 1821 2715 6,
1850 2681 1891 2711 17

1190 2721 1371 2761 subiguntur
1387 2731 1404 2751 a
1420 2722 1541 2752 Parthis
1556 2721 1608 2758 xli,
1620 2724 1651 2757 6,
1668 2725 1688 2752 6
1712 2721 1803 2752 Medi
1818 2723 1891 2762 (pro

1188 2764 1312 2804 regione
1326 2764 1508 2802 Medorum)
1520 2764 1580 2800 i,6,
1590 2767 1628 2795 16
1643 2764 1780 2795 Freinsh.
1794 2764 1892 2806 (Vide

1189 2812 1221 2837 et
1236 2806 1341 2836 Parthi
1355 2813 1387 2836 et
1401 2806 1520 2846 Persae)

1232 2849 1343 2879 Media
1358 2848 1455 2888 major
1467 2854 1499 2879 et
1515 2849 1611 2878 minor
1627 2847 1690 2884 xiii,
1705 2851 1736 2885 4,
1754 2851 1794 2880 13

1232 2901 1268 2921 ex
1285 2891 1419 2922 Medicis
1435 2902 1512 2921 unus
1527 2891 1567 2927 xi,
1583 2894 1614 2931 8,
1629 2895 1647 2922 5

1232 2933 1378 2967 Medicus
1394 2944 1490 2966 sermo
1506 2933 1558 2972 xli,
1573 2935 1604 2972 2,
1620 2936 1639 2965 3
1672 2933 1801 2966 Medica
1816 2932 1888 2965 Per-
