2174 3424
572 355 590 384 J
602 352 768 384 US'I'lNl
803 354 896 384 [2113.

225 447 290 479 Sub
305 447 403 488 specie
417 447 616 486 insidiarum]
651 447 728 479 Hoc
744 447 875 478 insidia·

181 507 250 529 ram
265 508 330 530 non
343 507 528 538 concoquo.
553 498 641 530 Quid
658 498 746 529 enim
761 497 876 538 species

181 548 379 586 insidiarum,
395 550 430 578 et
445 557 520 588 quae
536 547 667 578 insidiae
681 548 736 578 hic
751 547 876 579 iutelli-

182 597 326 638 gendae?
346 606 426 628 num
450 606 533 638 quas
561 596 645 629 facit
671 598 804 638 aliquis,
833 607 876 628 au

182 656 266 688 quas
279 646 423 687 patitur?
447 647 514 678 Res
527 647 562 677 in
575 656 610 678 se
621 647 755 688 quidem
770 649 877 688 clara,

181 696 241 727 sed
265 696 370 728 oratio
392 696 570 728 admodum
597 697 765 737 ambigua.
809 698 878 729 Ita-

181 755 247 787 que
270 746 327 777 vix
352 745 486 785 dubito,
502 747 582 788 quin
597 747 754 780 Justinus
771 748 877 788 scrip-

181 796 265 827 serit
292 796 347 828 sab
373 797 471 837 specie
500 797 732 838 insidiatorum,
760 802 879 838 postea

181 845 383 878 vocabulum
397 847 613 878 insidiatorum
637 847 878 888 compendiose

180 895 347 937 scriptum
369 896 565 928 exhibuerit
589 897 771 928 lectionem
800 907 877 939 quae

181 956 272 979 nunc
308 947 477 988 vulgatur.
535 947 702 989 Equidem
729 953 765 980 et
793 958 818 981 1.
844 953 877 980 5.

180 996 190 1014 ‘
203 997 266 1029 sub
292 998 407 1038 specie
434 998 645 1030 venationis'
666 998 790 1031 habeat
806 1009 879 1040 pro,

182 1046 246 1078 sub
276 1056 327 1088 sp.
364 1049 546 1089 venatoris,
580 1053 616 1080 et
654 1058 686 1081 v.
723 1052 753 1081 8.
788 1050 877 1081 ‘sub

182 1095 326 1128 obtentu
353 1097 588 1130 liberationis'
611 1108 685 1139 pr0,
713 1098 776 1130 sub
805 1099 878 1132 obt.

181 1157 397 1191 liberatoris:
425 1158 484 1189 sed
511 1158 545 1189 in
577 1158 644 1189 illis
673 1158 758 1189 locis
785 1157 879 1189 nulla

182 1209 398 1250 ambiguitas,
425 1219 498 1250 quae
528 1218 596 1240 non
626 1208 779 1240 evitatur
809 1208 877 1248 hic,

180 1258 209 1290 si
236 1264 408 1300 receptam
443 1259 523 1291 lect.
552 1269 736 1291 servamus.
770 1258 878 1297 Sehef.

182 1309 260 1340 Nec
272 1309 326 1340 hic
338 1309 516 1350 quicquam
527 1309 759 1350 ambiguitatis
771 1313 807 1341 et
819 1309 878 1341 ob-

181 1358 365 1390 scuritatis.
411 1359 475 1390 Sub
489 1359 586 1399 specie
606 1359 791 1390 insidiarum
813 1364 879 1399 est,

183 1407 245 1438 sub
260 1407 340 1438 falso
357 1413 530 1448 praetextu
554 1408 766 1450 insidiarum,
795 1420 878 1451 quas

183 1457 398 1498 fingebantur
458 1459 624 1491 struxisse
672 1460 879 1492 Alexandro.

186 1507 265 1539 Hoc
309 1507 437 1539 crimen
482 1508 568 1550 ipsis
613 1509 878 1551 impingebatur.

187 1557 294 1588 Groev.

228 1607 407 1648 Interfecti]
430 1608 604 1640 Dissentit
620 1608 730 1640 Autor
745 1619 765 1640 a
777 1619 813 1640 se
829 1609 881 1650 ip-

185 1667 222 1688 so
239 1666 296 1689 xv.
311 1661 343 1689 3.
359 1661 392 1690 6.
415 1663 451 1689 et
467 1669 486 1689 a
502 1659 597 1690 Plut.
614 1658 712 1690 Alex.
726 1662 780 1690 98.
826 1661 881 1691 De

184 1712 294 1738 morte
310 1708 524 1739 Callisthenis
542 1709 621 1740 add.
644 1709 792 1750 Diogen.
821 1710 882 1741 La-

184 1761 251 1789 ert.
267 1758 299 1788 in
316 1758 398 1789 Vita
415 1758 559 1789 Aristot.
581 1759 683 1790 Rern.

229 1808 283 1848 §3
308 1807 463 1848 Explosa]
486 1808 557 1839 Pro
585 1810 710 1848 explosa
736 1809 770 1840 in
802 1820 883 1851 quo-

184 1856 262 1888 dam
278 1861 346 1888 vet.
363 1862 414 1888 est
428 1857 563 1895 exsossa.
607 1859 749 1890 Mallem
767 1860 882 1900 legere

183 1907 320 1947 expolsa,
330 1907 397 1947 vel,
407 1912 444 1938 ut
453 1907 553 1939 hodie
564 1908 732 1949 scribunt,
743 1910 882 1950 expulsa.

183 1955 300 1988 Schef.

224 2008 243 2047 ᾧ
257 2009 278 2038 4
305 2006 423 2038 Ultimo
440 2007 569 2038 Oriente
571 2006 687 2048 finiret
701 2007 880 2049 imperium]

180 2055 191 2074 ⁴
205 2055 338 2087 Finire’
369 2065 444 2096 pro,
471 2057 670 2088 terminare.
706 2057 826 2097 Virgil.
853 2067 879 2089 1.

182 2105 259 2138 AEn.
282 2106 292 2123 ‘
310 2105 495 2146 Imperium
512 2105 665 2146 Oceano,
680 2106 805 2139 famam
823 2107 881 2150 qui

182 2157 342 2189 terminet
358 2157 478 2190 astris.’
520 2158 578 2189 Ita
593 2158 650 2189 ille
665 2158 707 2190 de
733 2159 882 2192 Caesare.

183 2207 232 2239 At
247 2207 289 2239 de
305 2207 502 2239 Alexandro
517 2209 596 2240 Sen.
613 2217 663 2240 Vl.
687 2209 732 2242 Q.
758 2210 804 2241 N.
828 2214 882 2242 23.

180 2258 191 2275 ‘
203 2258 390 2299 Imperium
403 2268 445 2290 ex
461 2259 584 2299 angulo
607 2259 762 2290 Thraciae
779 2269 882 2301 usque

184 2307 228 2338 ad
246 2307 401 2339 Orientis
418 2309 580 2339 terminos
597 2309 763 2349 protulit.⁷
784 2310 859 2343 Vor.

227 2359 278 2398 §5
302 2357 444 2397 Indacit]
467 2357 628 2390 Vincent.
650 2358 839 2391 ‘obduxit'

225 2407 275 2439 Ab
290 2408 447 2447 argenteis
463 2408 591 2449 clypeis]
637 2409 734 2441 Curt.
749 2419 829 2441 vul.
847 2414 880 2441 5.

183 2459 217 2489 4.
243 2457 253 2475 ‘
266 2457 378 2489 Scutis
390 2464 568 2499 argenteas
582 2459 719 2491 laminas
729 2460 884 2492 addidit!

184 2507 285 2540 Quod
300 2507 345 2539 id.
361 2509 462 2549 paulo
477 2513 555 2540 ante
574 2510 701 2541 Noster
716 2510 726 2526 ‘
738 2515 881 2551 argento

184 2556 367 2589 inducere'
404 2559 511 2591 dixit:
564 2559 763 2591 Ammianus
799 2569 881 2591 vero

185 2614 262 2638 xvr.
283 2607 383 2640 ‘auro
399 2608 649 2641 imbracteare.’
678 2610 753 2642 Vor.

211 2655 460 2698 Argyraspidas]
475 2659 519 2691 H.
532 2669 562 2691 e.
575 2659 744 2700 argenteis
756 2659 881 2700 parmis

184 2704 344 2747 insignes,
374 2718 516 2749 quorum
545 2709 729 2740 meminere
755 2713 881 2750 praeter

187 2756 270 2787 alios
286 2757 380 2790 Curt.
396 2767 446 2789 ιν.
464 2761 517 2789 13.
529 2761 584 2790 41.
597 2763 632 2790 et
645 2758 719 2790 Liv.
735 2767 881 2791 xxxvn.

187 2808 240 2837 40.
254 2809 286 2838 7.
331 2807 416 2848 Imp.
432 2807 531 2839 Alex.
549 2809 705 2850 Severus,
732 2808 881 2841 Alexan-

188 2856 285 2888 drum
303 2858 465 2898 Magnum
482 2859 648 2900 imitandi,
663 2860 730 2892 imo
746 2860 880 2892 vincen-

188 2905 223 2937 di
259 2907 384 2948 studio,
414 2919 489 2940 cum
519 2909 779 2953 Ai·gyi·aspida3‚
807 2915 879 2944 tum

273 2959 386 3001 Delph.
400 2964 430 2992 et
448 2962 522 2994 Var.
536 2963 621 2995 Clas.

856 2964 978 2997 dus-an.

929 355 1020 385 xm.
1049 357 1155 386 GAP.
1185 348 1225 388 7.
1537 348 1622 389 817

926 449 1030 479 etiam
1048 449 1314 490 Clu-ysoaspidas
1331 450 1497 483 instituit:
1526 452 1622 483 Lam-

926 498 1013 539 prid.
1036 500 1067 529 in
1093 501 1186 540 Vita,
1213 504 1266 532 50.
1311 502 1420 534 Quale
1447 502 1528 544 quid
1549 503 1622 543 jam

926 548 1048 589 priscis
1064 550 1148 590 reip.
1159 551 1255 582 Rom.
1269 551 1478 591 temporibus
1495 551 1624 583 factum

927 599 1034 630 tradit
1051 599 1126 630 Liv.
1143 609 1196 632 1x.
1213 603 1265 632 40.
1280 604 1312 632 2.
1335 601 1393 632 ubi
1407 601 1449 632 de
1465 602 1623 632 Samniti-

927 649 990 680 bus
1005 659 1082 680 cum
1099 650 1258 681 Romanis
1286 660 1430 691 pugnam
1455 652 1623 683 instruen-

928 700 1017 731 tibus
1033 700 1164 742 inquit:
1189 701 1198 718 ‘
1214 702 1293 732 Duo
1316 701 1487 732 exercitus
1502 706 1621 733 erant:

928 754 1027 782 scuta
1042 751 1180 782 alterius
1197 761 1291 791 auro,
1315 751 1457 783 alterius
1481 757 1624 793 argento

928 800 1161 833 caelaverunt?
1186 802 1286 833 Rern.

971 851 1165 891 Appellavit]
1186 850 1295 883 Sebis.
1310 851 1457 892 appellat.
1483 851 1538 882 Id.

971 902 989 942 ξ
1005 904 1025 932 6
1050 902 1130 933 Cum
1143 902 1183 932 ad
1199 902 1319 942 Nysam
1333 901 1453 941 urbem]
1487 901 1496 918 ‘
1510 901 1623 942 Nysa'

928 951 1038 983 Indiae
1055 952 1136 983 urbs
1152 956 1204 984 est
1220 952 1380 993 frequens
1397 953 1431 983 in
1447 962 1505 983 ore
1521 953 1626 983 omni-

929 1012 996 1043 um,
1009 1003 1070 1035 sed
1092 1003 1203 1035 locum
1219 1004 1292 1045 ejus
1308 1007 1552 1035 commonstrat
1567 1013 1624 1034 ne-

927 1062 993 1084 mo.
1038 1054 1110 1093 Ego
1126 1058 1210 1095 puto
1226 1064 1298 1086 eam
1322 1055 1331 1071 ‘
1344 1054 1534 1094 Nagoram'
1557 1054 1625 1086 dici

928 1103 1132 1143 Ptolemaeo,
1145 1103 1274 1144 quippe
1289 1103 1345 1145 qui
1368 1109 1404 1135 et
1431 1104 1440 1121 ‘
1453 1103 1624 1144 Dionyso-

929 1153 1050 1194 polim'
1070 1155 1274 1195 appellatam
1289 1154 1405 1186 tradit.
1447 1154 1490 1185 In
1514 1154 1624 1186 Indiae

929 1203 976 1234 cis
992 1204 1146 1244 Gangem
1164 1204 1405 1245 descriptione,
1418 1204 1451 1235 in
1467 1205 1529 1236 boc
1544 1215 1626 1236 sane

929 1257 1058 1294 tractu,
1080 1255 1138 1286 ubi
1155 1254 1236 1285 felix
1252 1255 1307 1286 hic
1324 1254 1443 1296 praedo
1468 1255 1625 1286 heluatus

927 1308 993 1345 est,
1007 1304 1016 1322 ‘
1029 1305 1094 1336 sita
1108 1309 1161 1336 est
1173 1306 1271 1345 Nysa
1281 1305 1291 1319 ²
1307 1304 1432 1347 (inquit
1445 1306 1540 1336 Curt.
1556 1305 1627 1343 lx.)

930 1354 939 1371 ‘
955 1355 1018 1386 sub
1043 1355 1209 1387 radicibus
1229 1355 1366 1394 montis,
1384 1364 1482 1396 quem
1503 1355 1626 1385 Meron

928 1406 1047 1438 incolae
1074 1407 1274 1448 appellant.’
1317 1407 1406 1438 Haec
1430 1407 1528 1438 Curt.
1551 1406 1625 1436 Me-

928 1457 1025 1488 minit
1041 1458 1217 1498 utriusque
1233 1461 1268 1488 et
1283 1457 1407 1488 Strabo
1422 1465 1483 1488 xv.
1500 1456 1628 1487 nonita

930 1508 1030 1546 longe
1056 1507 1099 1538 ab
1125 1507 1198 1538 init.
1241 1507 1309 1538 Ubi
1334 1508 1504 1547 interpres
1521 1506 1626 1546 femur

930 1556 1095 1598 traduxit,
1109 1557 1198 1599 quod
1215 1566 1282 1588 non
1298 1557 1461 1597 oportuit,
1490 1566 1566 1587 cum
1582 1556 1626 1586 sit

932 1608 1120 1649 proprium.
1166 1608 1242 1639 Nec
1267 1608 1396 1638 Plinius
1412 1617 1461 1639 vr.
1478 1610 1532 1638 21.
1553 1616 1627 1637 ver-

931 1658 987 1697 tit,
1016 1658 1077 1689 sed
1104 1658 1114 1675 ‘
1131 1658 1282 1689 Merum’
1311 1658 1475 1698 appellat,
1505 1656 1562 1689 ubi
1590 1660 1627 1688 et

929 1708 939 1725 ‘
952 1709 1058 1749 Nysae
1070 1708 1079 1722 '
1095 1708 1258 1740 meminit.
1285 1709 1378 1739 (ilar.

976 1758 1112 1799 Nysam]
1150 1759 1202 1790 lta
1223 1759 1343 1799 Steph.
1369 1762 1405 1790 et
1420 1758 1534 1790 Strab.
1549 1767 1625 1790 XIV.

931 1807 1066 1839 Arrian-
1095 1808 1234 1840 Νύσσαν.
1261 1809 1365 1847 Bong.
1409 1808 1464 1840 Sic
1494 1818 1627 1849 quoque

930 1857 1068 1890 Arrian.
1085 1869 1114 1890 v.
1131 1859 1184 1890 cui
1199 1863 1314 1890 tamen
1331 1858 1531 1889 adversatur
1546 1860 1629 1889 Cur-

932 1908 1010 1940 tius.
1053 1908 1178 1940 Statim
1194 1913 1272 1949 post
1288 1912 1371 1949 puto
1387 1908 1522 1948 legend.
1541 1909 1629 1939 Cleo-

926 1958 1007 1998 phis.
1030 1959 1129 1989 Voss.

972 2010 990 2049 ᾧ
1006 2012 1025 2040 7
1048 2009 1138 2040 Sacri
1151 2009 1280 2050 vnontis]
1315 2008 1383 2041 Qui
1398 2006 1408 2024 ‘
1419 2007 1552 2039 Meros’
1577 2007 1627 2038 di-

929 2059 1018 2090 citur
1043 2059 1162 2091 Curtio
1186 2068 1262 2090 vn1.
1291 2062 1340 2090 10.
1366 2061 1421 2089 20.
1454 2057 1514 2089 ubi
1541 2058 1627 2088 Bac-

930 2109 1028 2139 chum
1045 2109 1232 2140 enutritum
1248 2108 1419 2140 fabulatur
1434 2108 1628 2149 antiquitas.

929 2159 1042 2190 Plinio
1074 2167 1154 2190 v111.
1185 2162 1240 2190 39.
1298 2160 1308 2176 ‘
1322 2160 1419 2199 Nysa
1431 2158 1441 2172 ’
1474 2164 1628 2195 vocatur,

929 2209 1179 2250 exscriptorum
1193 2209 1216 2240 f.
1230 2209 1324 2241 vitio.
1348 2209 1436 2240 Nam
1450 2209 1542 2240 Plin.
1554 2209 1627 2250 ipse

931 2268 977 2291 vr.
993 2262 1046 2291 21.
1068 2260 1077 2276 ‘
1091 2261 1226 2290 Merum
1251 2262 1398 2290 montem
1422 2260 1545 2291 Libero
1568 2269 1630 2299 pa·

930 2307 974 2339 tri
988 2318 1119 2340 sacrum
1132 2310 1141 2323 '
1155 2319 1175 2341 a
1190 2311 1199 2327 ‘
1213 2309 1310 2350 Nysa
1321 2309 1330 2323 '
1347 2309 1458 2341 vicina
1469 2310 1551 2342 urbe
1563 2309 1627 2341 dis-

930 2357 1067 2397 tinguit.
1089 2359 1186 2391 Bern.

979 2407 1050 2439 Vite
1056 2409 1225 2450 liederaque
1235 2419 1294 2440 non
1305 2410 1398 2441 aliter
1406 2409 1528 2449 vestiti]
1552 2409 1626 2440 Cic.

931 2466 992 2496 pro
1008 2459 1110 2489 Dom.
1122 2462 1175 2490 38.
1191 2462 1200 2477 ‘
1211 2459 1305 2499 Ager
1322 2461 1464 2490 vestitus
1479 2459 1629 2490 frumen·

931 2510 965 2537 to
979 2506 1000 2537 :⁷
1024 2511 1060 2538 et
1076 2517 1116 2539 11.
1145 2509 1188 2539 N.
1205 2509 1247 2538 D.
1273 2511 1325 2540 39.
1348 2510 1475 2540 ‘Terra
1488 2508 1628 2539 floribus

930 2556 1081 2588 vestita.’
1124 2557 1177 2588 Ib.
1194 2561 1248 2589 53.
1270 2559 1279 2574 ‘
1293 2558 1430 2589 Montes
1448 2558 1560 2589 vestiti
1578 2562 1629 2589 at-

929 2616 994 2648 que
1007 2607 1217 2648 sylvestres.'
1246 2607 1336 2639 Hinc
1351 2609 1360 2625 ‘
1371 2608 1523 2639 Vestitus
1536 2617 1628 2639 mon-

930 2657 1014 2688 tium
1030 2657 1245 2698 densissimi,'
1270 2658 1314 2689 ib.
1330 2660 1383 2689 64.
1413 2662 1450 2688 et
1471 2658 1551 2689 Sall.
1568 2659 1626 2690 Ju.

928 2710 983 2740 48.
1005 2708 1015 2725 ‘
1031 2708 1133 2739 Collis
1150 2708 1291 2739 vestitus
1304 2709 1464 2747 oleastro,
1486 2717 1525 2738 ac
1539 2717 1627 2748 myr-

930 2759 1025 2801 tetis,
1039 2760 1179 2800 aliisque
1195 2759 1372 2800 generibus
1385 2758 1540 2790 arborum
1552 2758 1575 2790 :’
1590 2762 1627 2790 et

929 2811 1008 2843 Seu.
1024 2820 1079 2842 111.
1099 2810 1218 2842 Benef.
1247 2814 1301 2842 29.
1322 2811 1331 2827 ‘
1345 2811 1438 2842 Tolle
1465 2811 1626 2849 radicem,

930 2871 1067 2892 nemora
1084 2871 1148 2891 uon
1166 2866 1326 2902 surgent3
1351 2871 1415 2892 nec
1432 2861 1516 2892 tanti
1533 2871 1624 2892 mon-

931 2915 981 2943 tes
996 2911 1207 2944 vestienturss
1233 2913 1329 2943 Gran,

1472 2966 1541 2996 aF
