2086 3434
286 696 651 773 NOTAE
725 694 1426 772 VARIORUM

828 885 882 916 IN

623 1037 1092 1097 JUSTINI

190 1236 741 1297 HISTORIAS
822 1237 1522 1296 PHILIPPICAS.

660 1611 1051 1660 PRAEFATIO.

180 1749 198 1789 ξ
221 1750 238 1779 l
263 1747 360 1778 Multi
374 1756 415 1777 ex
430 1746 592 1786 Romanis,
604 1746 698 1777 etiam
721 1756 828 1777 consu·

135 1799 212 1829 laris
225 1798 392 1838 dignitatis
404 1798 480 1838 viri]
499 1797 537 1828 A.
549 1797 757 1828 Postumium
771 1797 829 1827 Al-

137 1849 250 1880 binum
269 1858 338 1879 cos.
355 1858 440 1879 anno
457 1847 499 1878 ab
511 1848 553 1878 U.
568 1857 598 1878 c.
613 1849 686 1878 603.
709 1846 828 1877 Cicero

135 1898 169 1928 in
185 1899 292 1929 Bruto
318 1897 425 1928 refert
450 1896 637 1928 Historiam
656 1896 698 1927 de
715 1896 830 1927 Rebus

139 1948 299 1978 Romanis
316 1947 440 1978 Graece
453 1946 637 1986 scripsisse.
681 1945 776 1976 Idem
788 1945 831 1976 de

137 1997 212 2028 eod.
228 1997 276 2027 ait
298 1997 389 2027 Geli.
410 1996 469 2026 lib.
483 2004 535 2026 xl.
553 2005 627 2036 cap.
644 1998 674 2026 8.
712 1995 832 2026 Florus

138 2047 171 2077 in
186 2047 274 2078 Livii
291 2046 447 2086 Epitome
463 2046 519 2076 lib.
536 2054 614 2076 L111.
652 2046 690 2076 C.
703 2045 830 2077 Julium

138 2100 344 2134 senatorem,
369 2096 552 2136 Dionysius
590 2095 633 2127 H.
662 2095 697 2125 iu
726 2094 831 2127 Praef.

137 2145 230 2176 Hist.
260 2155 327 2176 suae
365 2145 506 2176 Fabium
536 2144 707 2176 Pictorem
733 2149 769 2175 et
792 2145 830 2176 L.

138 2195 302 2236 Cincium,
326 2204 379 2226 res
414 2196 581 2226 Romanas
612 2195 735 2226 Graeco
765 2204 831 2225 ser-

137 2254 235 2276 mone
251 2245 438 2286 scripsisse,
459 2250 734 2277 commemorant.
774 2246 829 2277 Gl.

180 2295 281 2326 Multi
296 2305 335 2326 ex
351 2295 514 2336 Romanis]
549 2296 597 2326 Ut
612 2295 655 2327 A.
671 2295 830 2335 Albinus,

138 2345 309 2376 referente
326 2344 368 2377 A.
387 2346 500 2377 Gellio
517 2347 620 2378 Noct.
642 2345 717 2378 Att.
734 2355 785 2378 xl.
801 2350 831 2379 8.

137 2396 214 2427 vid.
246 2396 402 2428 Macrob.
438 2397 510 2428 init.
539 2397 673 2429 Saturn.
698 2401 733 2428 et
760 2397 830 2429 Cic.

137 2446 234 2476 Brut.
253 2455 283 2476 c.
299 2449 351 2476 21.
394 2446 496 2478 Hunc
516 2447 626 2478 locum
640 2452 832 2488 opportune

139 2495 308 2535 suggessit
321 2495 492 2527 eruditiss.
506 2496 585 2529 Joh.
607 2497 761 2528 Freinsh.
776 2507 834 2528 cu·

136 2545 194 2584 jus
224 2545 294 2576 acri
318 2545 491 2586 politoque
507 2546 637 2586 judicio
653 2547 833 2587 plurimum

138 2596 239 2627 hasce
253 2599 350 2627 notas
371 2596 498 2628 debere
513 2597 629 2628 statim
645 2597 741 2629 initio
758 2607 834 2638 pro-

139 2645 231 2676 fiteri
251 2645 347 2676 libet.
390 2645 447 2676 Sic
474 2646 634 2677 Lucullus
649 2646 834 2677 Marsicum

141 2694 274 2725 Bellum
301 2694 423 2726 Graece
447 2695 596 2736 scripsit.
633 2696 726 2728 Plut.
752 2697 833 2727 Luc.

142 2753 171 2775 c.
190 2746 223 2775 2.
268 2744 306 2775 C.
327 2744 439 2776 Julius
470 2749 606 2777 senator
629 2746 751 2778 Graece
781 2756 834 2777 res

142 2794 310 2825 Romanas
325 2794 476 2835 scripsit,
506 2795 582 2827 Liv.
605 2797 700 2837 Epit.
716 2806 795 2829 mn.
810 2796 835 2828 f.

142 2843 293 2874 Annales
324 2843 498 2876 Acilianos
532 2846 654 2878 Graece
692 2847 836 2887 scriptos

145 2898 179 2925 et
203 2896 320 2926 Latine
337 2904 449 2927 versos
464 2895 570 2927 refert
587 2896 659 2927 Liv.
679 2904 765 2927 xxv.
781 2898 833 2927 39.

884 1749 935 1777 14.
982 1746 1093 1777 Etiam
1117 1745 1189 1777 Cic.
1213 1743 1465 1776 Commentaria
1492 1743 1581 1775 Con-

884 1798 1014 1828 sulatus
1032 1797 1082 1828 sui
1099 1797 1222 1828 Graece
1239 1796 1430 1836 composuit
1448 1796 1468 1826 l.
1485 1804 1510 1826 1.
1537 1795 1580 1825 ad

883 1846 959 1878 Att.
978 1847 1040 1886 Ep.
1052 1847 1182 1886 penult.
1205 1847 1304 1877 Bet-n.

926 1896 1108 1936 Pompeius]
1131 1897 1211 1936 Ejus
1235 1897 1275 1926 de
1303 1905 1428 1936 genere
1453 1896 1580 1928 Justin.

884 1945 946 1976 inf.
963 1954 1065 1977 xuu.
1078 1950 1108 1976 5.
1128 1949 1178 1978 13.
1194 1949 1246 1977 14.
1264 1949 1314 1977 15.
1337 1947 1387 1977 Id.
1432 1946 1583 1977 Mentio-

885 2005 961 2026 nem
978 1996 1048 2036 huj.
1066 2000 1100 2026 et
1117 1996 1175 2027 inf.
1193 1995 1277 2027 facit
1294 2005 1455 2027 xxxvni.
1481 1999 1511 2027 3.
1528 2000 1580 2028 11.

886 2050 921 2077 et
934 2055 1037 2077 xmn.
1051 2050 1082 2077 5.
1095 2048 1147 2077 13.
1162 2050 1198 2077 et
1214 2046 1325 2086 priore
1343 2046 1479 2087 quidem
1495 2047 1584 2086 loco,

886 2095 966 2136 quid
982 2096 1109 2134 Trogus
1126 2095 1160 2126 in
1175 2096 1249 2127 Liv.
1266 2105 1305 2127 ac
1318 2096 1399 2127 Sall.
1414 2096 1583 2127 desidera-

886 2145 953 2183 rit;
976 2146 1163 2185 posteriore
1190 2154 1284 2185 vero,
1308 2145 1505 2186 quibusnam
1523 2155 1582 2186 pa-

886 2195 1036 2226 rentibus
1066 2200 1248 2236 prognatus
1275 2196 1332 2227 ille
1356 2195 1413 2235 sit,
1433 2196 1581 2236 exponit.

885 2244 1039 2276 Aliorum
1058 2244 1100 2276 de
1117 2245 1191 2276 eod.
1206 2245 1423 2285 Testimonia‚
1449 2250 1508 2276 aut
1523 2247 1584 2278 Ju-

886 2294 986 2329 dicia,
1003 2304 1097 2334 supr.
1122 2294 1187 2335 ipsi
1212 2295 1288 2326 huic
1310 2295 1479 2335 Epitomae
1496 2305 1582 2335 prae-

885 2345 985 2376 missa
1007 2345 1136 2376 videas.
1178 2345 1280 2385 Trogi
1295 2355 1418 2376 nomen
1431 2345 1583 2377 habuere

886 2399 922 2425 et
937 2394 1006 2425 alii.
1050 2395 1160 2425 Varro
1192 2395 1328 2435 quidem
1349 2395 1408 2426 lib.
1429 2406 1460 2426 v.
1479 2395 1520 2426 de
1546 2396 1583 2427 L.

886 2445 925 2476 L.
947 2446 956 2461 ‘
967 2445 1006 2476 T.
1029 2444 1224 2477 Quinctium
1239 2445 1387 2484 Trogum
1398 2445 1406 2457 '
1423 2446 1584 2477 nominat.

893 2495 996 2526 Vorst.
1040 2494 1074 2525 Is
1097 2494 1159 2524 sub
1182 2494 1328 2534 Augusti
1350 2494 1464 2524 seculo
1488 2494 1583 2525 vixit.

888 2545 982 2576 Avus
999 2554 1017 2576 e
1031 2545 1220 2583 Vocontiis,
1244 2545 1365 2575 Galliae
1384 2544 1585 2575 Narbonen-

888 2595 933 2626 sis
963 2595 1101 2636 populo,
1120 2594 1315 2625 Sertoriano
1332 2593 1423 2625 bello
1439 2594 1583 2625 civitate

888 2654 908 2676 a
937 2646 998 2677 Cn.
1024 2643 1188 2683 Pompeio
1215 2643 1376 2681 donatus;
1410 2653 1429 2673 a
1456 2653 1521 2683 quo
1548 2648 1584 2674 et

888 2704 1010 2726 nomen
1023 2693 1193 2733 accepisse
1205 2693 1351 2724 videtur.
1385 2693 1492 2724 Pater
1508 2694 1582 2733 ejus

888 2745 950 2776 sub
978 2744 1046 2776 Jul.
1074 2743 1208 2774 Caesare
1236 2743 1415 2774 militabat.
1458 2744 1514 2775 De
1534 2744 1584 2774 his

889 2794 957 2825 vid.
973 2793 1032 2824 inf.
1045 2794 1067 2825 l.
1082 2802 1183 2825 xmn.
1200 2803 1228 2825 c.
1241 2797 1272 2824 5.
1317 2793 1463 2834 Scripsit
1479 2795 1583 2825 etiam

889 2844 932 2874 de
950 2843 1171 2883 Animalibus,
1188 2853 1253 2884 quo
1275 2844 1409 2874 nomine
1426 2844 1548 2884 saepius
1564 2854 1583 2875 a

888 2895 979 2925 Plin.
998 2898 1033 2924 et
1050 2893 1178 2924 Charis.
1196 2893 1365 2925 laudatur.
1419 2894 1502 2934 Ejus
1520 2895 1582 2925 eti-
