2174 3424
551 338 637 380 690

552 440 714 474 Nondum
730 441 828 482 plene
850 443 1045 474 consentio:
1078 442 1246 484 poscimus

552 491 710 523 arbitros.
734 492 832 524 Idem.
883 493 977 525 Nihil
999 494 1152 525 mutand.
1190 494 1246 525 Sic

553 551 688 583 quoque
704 542 802 573 initio
818 543 877 574 lib.
891 552 967 575 xiv.
990 544 1000 561 ‘
1012 545 1067 575 Ne
1083 543 1171 575 fama
1188 548 1248 575 aut

554 603 626 624 rem
642 593 676 624 in
690 593 800 632 majus
813 595 1006 634 extolleret,
1030 599 1089 626 aut
1104 595 1247 625 militum

555 642 683 674 animos
694 652 806 674 rerum
815 644 966 675 novitate
979 643 1145 675 terreret!
1161 644 1247 675 Voss.

553 693 719 725 Bernecc.
740 695 869 725 monitu
891 695 1013 725 Sebisii
1035 699 1248 735 expunxerat

553 746 597 783 et,
610 747 648 774 ut
664 743 754 784 quod
776 743 956 775 manifeste
974 745 1154 776 redundet.
1200 744 1248 775 At

553 793 633 824 mihi
646 802 721 824 cum
738 794 891 825 Freinsh.
909 794 1042 825 videtur
1059 795 1178 825 vocula
1191 794 1248 826 illa

553 842 673 874 abesse
688 842 764 873 hinc
781 853 847 874 non
864 842 975 883 posse.
1007 844 1097 874 Illud
1115 845 1124 861 ‘
1138 844 1170 874 in
1184 853 1249 874 ma-

547 892 607 932 jus
623 892 734 923 omnia
746 893 934 924 extollens'
957 903 1024 924 non
1050 898 1178 924 tantum
1203 892 1251 925 fa·

554 951 618 972 mae
634 942 764 974 adversi
791 943 885 982 belli,
909 943 968 974 sed
992 947 1027 974 et
1043 942 1141 974 famae
1159 952 1250 983 pros-

555 993 645 1033 peri,
661 993 838 1034 competit.
882 994 1004 1025 Phrasi
1016 994 1124 1025 utitur
1140 999 1175 1025 et
1188 994 1249 1026 inf.

555 1043 656 1074 initio
671 1043 730 1074 lib.
751 1053 824 1075 xrv.
853 1044 954 1076 Vorst.

598 1094 615 1133 ς
631 1095 649 1123 3
674 1093 710 1123 Si
724 1095 814 1124 aliter
825 1093 1060 1134 eventusferat]
1083 1094 1165 1125 Mss.
1178 1095 1252 1135 plu-

556 1143 631 1174 rimi
646 1143 774 1174 habent
790 1144 907 1184 fuerit,
919 1145 1007 1185 quod
1024 1145 1181 1176 videntur
1203 1155 1252 1175 re-

551 1193 690 1234 jecisse,
711 1194 767 1234 qui
793 1199 956 1234 putarunt
980 1195 1069 1225 haud
1095 1195 1251 1226 Latinum

557 1253 644 1283 esse,
661 1243 795 1284 quando
810 1243 935 1274 dicitur
950 1248 1074 1275 evemus
1089 1249 1133 1275 est
1149 1245 1252 1276 aliter.

557 1292 663 1334 Atqui
690 1303 729 1324 eo
745 1294 837 1324 aliter
862 1303 924 1333 pro
948 1296 1028 1325 alius
1055 1304 1130 1325 cum
1149 1294 1253 1325 verbo

557 1346 601 1373 est
614 1347 754 1373 utuntur
765 1344 881 1383 optimi
893 1344 1086 1384 scriptores.
1110 1345 1253 1375 Terent.

558 1392 591 1423 in
610 1392 745 1423 Phorm.
764 1393 856 1433 ‘Ego
873 1394 927 1424 isti
941 1395 1044 1425 nihilo
1061 1404 1131 1424 sum
1146 1395 1256 1434 aliter,

559 1451 599 1472 ac
622 1441 694 1473 fui.'
739 1443 783 1472 Et
810 1444 843 1473 in
874 1442 1020 1484 Adelph.
1045 1446 1053 1461 ‘
1069 1443 1182 1475 Aliter
1212 1444 1254 1475 de

558 1492 620 1522 hac
638 1501 673 1522 re
689 1492 762 1531 ejus
779 1497 829 1523 est
849 1494 1039 1525 sententia.¹
1064 1493 1170 1532 Schef.

602 1543 618 1582 ξ
634 1544 654 1572 6
691 1542 906 1574 Themistocles
931 1544 1055 1584 timens]
1101 1544 1256 1576 Frontin.

560 1601 601 1623 11.
618 1595 650 1624 6.
666 1595 697 1623 8.
727 1593 825 1632 Bong.

605 1643 655 1674 Ne
672 1642 844 1680 interclusi,
859 1643 928 1683 Sym]
972 1643 1098 1685 Veget.
1122 1653 1180 1675 111.
1203 1647 1257 1676 21.

562 1695 570 1712 ‘
586 1695 717 1726 Clausis
734 1705 776 1725 ex
799 1695 1039 1736 desperatione
1063 1696 1185 1727 crescit
1203 1706 1259 1726 au·

562 1744 687 1783 dacia3
712 1750 760 1784 et,
785 1755 860 1776 cum
877 1746 950 1786 spei
966 1746 1048 1776 nihil
1065 1751 1130 1784 est,
1157 1746 1259 1777 sumit

561 1803 653 1824 arma
687 1793 844 1826 formido.
901 1795 1054 1836 Ideoque
1091 1796 1259 1836 Scipionis

562 1844 701 1874 laudata
717 1845 886 1875 sententia
903 1850 966 1883 est,
989 1845 1076 1876 viam
1094 1845 1260 1885 hostibus,

563 1902 629 1934 qua
645 1892 789 1934 fugiant,
801 1894 1037 1925 minuendam)
1060 1895 1161 1926 Rern.

604 1944 649 1974 Et
665 1944 738 1983 iter,
752 1943 821 1983 Sym]
848 1944 1037 1985 Hegesipp.
1055 1954 1090 1975 v.
1106 1947 1136 1976 4.
1160 1945 1169 1961 ‘
1186 1944 1259 1975 Nec

564 1992 662 2023 aliter
690 1993 753 2023 nisi
785 1992 875 2025 ferro
911 1994 975 2024 iter
1013 1992 1260 2034 aperiendum.’

564 2043 752 2074 Helmodus
777 2052 800 2074 1.
828 2044 951 2075 Chron.
977 2044 1067 2074 Slav.
1097 2047 1150 2075 37.
1182 2044 1263 2075 ‘Vi-

565 2092 684 2123 dentes
707 2101 789 2132 ergo
815 2093 838 2124 ii
862 2103 898 2123 se
925 2094 1087 2124 immensa
1109 2094 1260 2125 multitu-

565 2142 643 2172 dine
689 2142 923 2183 circumfusos,
971 2145 1127 2185 viamque
1169 2143 1261 2175 ferro

568 2192 810 2232 aperiendam.’

609 2241 649 2272 In
667 2240 808 2280 Groecia]
832 2241 909 2272 Non
926 2245 1039 2279 muto;
1056 2242 1132 2282 quia
1149 2245 1262 2273 tamen

567 2289 652 2320 Mss.
667 2291 764 2321 multi
780 2290 904 2321 habent
925 2290 959 2321 in
977 2291 1148 2331 Groeciam,
1171 2291 1263 2331 cogi-

568 2338 708 2370 tandum
735 2346 829 2379 puto,
860 2349 901 2372 an
926 2350 990 2370 non
1018 2341 1067 2372 ita
1089 2341 1264 2381 scripserit

566 2389 654 2422 Just.
672 2390 808 2431 aliique,
836 2391 892 2431 qui
919 2390 981 2422 hoc
1007 2400 1111 2432 genus
1136 2392 1264 2432 ignora-

568 2439 649 2470 bant
661 2439 755 2470 bonis
768 2440 989 2480 scriptoribus
1004 2447 1194 2483 receptum,
1206 2443 1264 2473 im-

567 2490 741 2521 mutarint.
785 2489 874 2522 Add.
890 2490 951 2521 inf.
969 2500 1025 2523 ιιι.
1042 2496 1070 2523 1.
1086 2495 1114 2524 l.
1129 2492 1232 2530 Sches.

610 2539 661 2579 §7
691 2538 818 2570 Vincere
842 2540 982 2581 consilio]
1041 2541 1114 2573 Liv.
1138 2551 1187 2573 νῐ.
1210 2545 1264 2574 23.

569 2590 578 2605 ‘
595 2589 720 2619 Patere
734 2594 767 2620 te
786 2589 874 2620 vinci
889 2590 1027 2621 consilio
1039 2590 1061 2621 :’
1085 2596 1120 2621 et
1134 2592 1213 2622 Tac.
1225 2600 1265 2623 11.

569 2638 614 2670 H.
625 2641 677 2670 40.
691 2638 699 2654 ‘
712 2639 862 2670 Titianus
877 2644 912 2671 et
928 2640 1105 2680 Proculus,
1120 2641 1175 2671 ubi
1187 2650 1266 2672 con·

567 2689 648 2719 siliis
661 2689 999 2730 vincerenmr,adjus
1010 2690 1143 2731 imperii
1157 2696 1266 2722 trans-

569 2738 687 2769 ibant.'
725 2739 813 2778 Nep.
830 2739 936 2779 Iphic.
950 2749 974 2771 1.
1003 2741 1011 2757 ‘
1027 2741 1169 2781 Semper
1189 2750 1266 2772 con-

571 2787 644 2818 silio
657 2787 737 2818 vicit
750 2788 769 2818 :’
795 2793 830 2818 et
845 2788 920 2820 eod.
938 2790 1033 2820 modo
1051 2791 1122 2830 ipse
1136 2791 1265 2822 Herod.

571 2846 619 2869 lx.
636 2841 686 2869 41.
714 2841 842 2879 Κρατεῖν
853 2840 968 2882 γνώμῃ.
995 2842 1095 2874 Gron.

620 2888 756 2920 Eundem
771 2891 905 2931 serrum]
929 2891 1101 2923 Sicinnum
1119 2892 1266 2932 nomine,

1003 349 1145 380 NOTAE
1179 349 1442 381 VAR10RUM
1475 350 1527 381 ΙΝ

1296 443 1427 474 Herod.
1472 442 1519 474 At
1536 441 1641 474 Diod.
1653 442 1701 475 ait
1716 441 1822 474 fuisse
1836 442 1991 484 paedago-

1297 504 1373 534 gum
1391 493 1535 525 filiorum
1551 493 1673 534 ipsius:
1697 494 1739 525 ad
1766 494 1993 525 instituendos

1295 544 1419 574 liberos
1435 544 1618 574 utebantur
1630 553 1800 575 servorum
1814 553 1917 584 opera
1925 544 1992 575 Ve-

1297 598 1399 625 tereS.
1430 594 1526 626 Plut.
1548 594 1579 624 in
1594 593 1700 626 Arist.
1723 594 1868 625 Arnacen
1892 598 1993 624 vocat

1297 644 1496 675 eunuchum.
1510 645 1668 682 Bongars.
1690 643 1749 674 Sc.
1764 643 1806 674 de
1820 653 1884 684 quo
1903 652 1994 683 supr.

1298 703 1374 735 cap.
1391 697 1512 725 12.19.
1545 703 1644 734 quem
1669 693 1818 724 Sicinum
1845 692 1995 723 nominat

1298 745 1428 776 Herod.
1441 754 1522 776 vm.
1532 748 1584 776 75.
1600 754 1744 785 eumque
1755 743 1995 775 Themistoclis

1299 795 1347 825 ait
1376 793 1479 825 fuisse
1507 798 1542 825 et
1567 803 1701 824 servum
1736 798 1772 825 et
1808 794 1996 824 liberorum

1299 845 1534 885 paedagognm.
1556 843 1603 875 At
1614 844 1717 875 Diod.
1727 844 1817 874 hunc
1833 854 1852 875 a
1863 844 1996 884 superi-

1300 904 1358 925 ore
1383 895 1552 925 diversum
1579 893 1693 925 facere
1716 894 1853 925 videtur
1868 894 1928 926 lib.
1945 903 1997 926 xx.

1300 954 1377 984 cap.
1393 947 1443 975 17.
1458 949 1491 975 et
1505 947 1555 975 19.
1580 944 1678 974 Bern-

1345 995 1515 1034 Occupure,
1529 994 1597 1034 ihu]
1630 994 1732 1025 Oros.
1746 1002 1796 1024 1v.
1813 996 1864 1025 18.
1885 993 1895 1011 ‘
1912 993 1997 1024 Cum

1300 1047 1469 1075 maturato
1483 1044 1632 1074 adventu
1645 1043 1858 1074 descendisse
1868 1043 1939 1084 jam
1956 1053 1999 1074 ex

1302 1093 1446 1134 Alpibus
1475 1094 1666 1124 consulibus
1694 1093 1849 1134 proditus
1882 1093 1996 1124 esset.’

1301 1145 1388 1175 Saxo
1405 1153 1438 1175 v.
1455 1155 1489 1184 p.
1503 1147 1555 1176 73.
1573 1147 1625 1176 32.
1669 1145 1679 1162 ‘
1693 1145 1812 1176 Ericus
1828 1148 1998 1175 maturato

1302 1205 1437 1226 recessu
1455 1197 1558 1226 Lesso
1574 1196 1716 1226 insulam
1732 1194 1845 1226 subit.’

1345 1246 1361 1285 ξ
1380 1248 1419 1275 10
1442 1244 1544 1275 Sertis
1558 1245 1710 1284 hamam,
1728 1255 1832 1276 rerum
1848 1246 2000 1276 varietate

1303 1294 1470 1334 mirandae]
1504 1295 1572 1326 Hic
1596 1296 1618 1326 l.
1642 1295 1721 1325 mihi
1738 1300 1790 1326 est
1807 1301 2000 1336 suspectus.

1305 1345 1430 1385 Ecquae
1447 1355 1592 1386 namque
1608 1345 1725 1376 horum
1750 1350 1804 1376 est
1828 1352 2002 1376 construc-

1305 1394 1353 1424 tio
1370 1394 1568 1426 verborum:
1596 1396 1680 1425 Erat
1704 1405 1757 1426 res
1782 1395 1883 1436 digna
1907 1404 2003 1434 spec-

1306 1444 1418 1474 taculo
1435 1449 1469 1475 et
1487 1444 1641 1475 miranda
1657 1445 1886 1475 aestimatione
1904 1444 2004 1475 sortis

1306 1493 1459 1525 humanae
1474 1495 1484 1524 ?
1532 1494 1620 1525 Haec
1635 1504 1670 1525 se
1688 1494 1775 1526 bene
1791 1495 1928 1525 habent.
1952 1493 2002 1525 At

1306 1553 1372 1584 quo
1390 1542 1569 1574 referenda
1584 1544 1643 1575 illa
1656 1545 1665 1561 ‘
1680 1554 1791 1575 rernm
1804 1544 1968 1575 varietate
1980 1543 2002 1573 ?'

1305 1593 1340 1624 Si
1358 1593 1399 1624 ad
1417 1594 1571 1633 miranda,
1587 1594 1690 1626 debet
1706 1594 1785 1626 addi
1807 1593 2006 1634 conjunctio

1307 1646 1347 1674 et.
1390 1643 1457 1674 Sed
1476 1643 1609 1675 vidend.
1625 1654 1736 1675 annon
1751 1653 1791 1674 ex
1808 1645 1919 1684 glossa
1933 1643 2007 1674 haec

1308 1693 1518 1734 irrepserint.
1535 1693 1640 1732 Schef.
1665 1693 1774 1725 Recte
1786 1693 1870 1725 vidit
1883 1692 2006 1725 Scheff.

1309 1744 1330 1774 l.
1348 1744 1380 1774 h.
1406 1753 1479 1774 esse
1502 1744 1779 1775 contaminatum.
1824 1744 1932 1774 Labes
1956 1748 2008 1774 tu·

1308 1802 1385 1823 men
1401 1793 1508 1823 omnis
1535 1792 1785 1833 detergebitur,
1809 1792 1837 1823 si
1859 1792 2008 1832 scripse·

1310 1842 1355 1872 ris
1369 1853 1377 1873 ι
1402 1843 1441 1872 Ε.
1458 1852 1486 1873 r.
1501 1852 1546 1882 sp.
1562 1843 1628 1882 dig.
1644 1846 1674 1873 et
1688 1846 1754 1874 (εει.
1770 1852 1796 1873 s.
1811 1843 1843 1873 h.
1860 1852 1922 1873 rer.
1938 1852 2006 1873 var.

1309 1892 1481 1923 mirandoe:
1507 1893 1539 1923 h.
1556 1901 1584 1923 e.
1601 1896 1678 1923 erat
1704 1901 1770 1932 res,
1796 1891 1886 1922 unde
1910 1896 2008 1931 pote-

1311 1947 1364 1973 rat
1392 1943 1538 1973 humana
1568 1942 1728 1974 aestimari
1758 1951 1841 1981 sors,
1866 1947 2008 1982 propter

1311 1996 1441 2022 tantam
1460 1991 1659 2022 varietatem
1682 1995 1717 2023 et
1743 1991 2007 2022 mutabilitatem

1311 2040 1464 2072 miranda
1480 2052 1488 2079 ;
1531 2041 1622 2072 unde
1660 2045 1798 2081 poterat
1845 2040 2011 2081 perspici,

1312 2100 1410 2131 quam
1434 2089 1565 2130 fragilis
1589 2096 1680 2122 esset
1704 2100 1775 2122 sors
1801 2091 1956 2127 hnmana,
1973 2095 2010 2122 et

1314 2141 1448 2181 quantis
1471 2146 1506 2171 et
1529 2151 1627 2181 quam
1657 2141 1752 2172 miris
1782 2141 2007 2173 varietatibus

1313 2197 1402 2223 esset
1418 2191 1574 2224 obnoxia.
1597 2191 1661 2223 Ed.
1676 2192 1774 2224 Junt.
1790 2193 1922 2233 longius
1937 2191 2011 2224 abit

1311 2242 1353 2274 ab
1371 2242 1443 2272 aliis
1459 2242 1566 2281 libris,
1581 2252 1654 2282 quae
1672 2242 1773 2282 legit:
1789 2243 1828 2275 Ε.
1838 2252 1866 2274 r.
1882 2251 1927 2282 sp.
1941 2242 2009 2281 dig.

1312 2296 1342 2323 et
1357 2293 1396 2322 ud
1412 2291 1646 2323 (estimationem
1660 2300 1722 2323 rer.
1737 2292 1818 2323 hum.
1839 2291 1932 2322 sortis
1943 2301 2011 2322 var.

1312 2343 1465 2373 miranda.
1511 2342 1546 2373 Si
1564 2351 1606 2372 ex
1634 2346 1719 2373 vett.
1737 2341 1940 2372 membranis
1956 2345 2011 2372 est

1314 2391 1470 2433 profecta
1484 2393 1558 2424 haec
1574 2393 1668 2432 lect„
1690 2401 1756 2424 non
1776 2391 1878 2423 facile
1905 2391 2010 2423 debet

1315 2443 1504 2483 reprobari,
1540 2443 1688 2482 vulgatae
1715 2451 1796 2473 sane
1834 2440 2010 2482 praeponi:

1316 2493 1375 2523 sed
1392 2497 1505 2524 tamen
1521 2493 1688 2524 veriorem
1711 2491 1799 2523 duco
1824 2489 2011 2522 emendati-

1316 2552 1427 2581 onem,
1457 2552 1556 2583 qnam
1579 2541 1679 2573 modo
1708 2541 1856 2580 ostendi,
1883 2540 2011 2581 quippe

1316 2605 1392 2636 qna»
1409 2604 1474 2626 non
1488 2595 1586 2635 longe
1603 2594 1734 2625 recedit
1751 2603 1769 2624 a
1781 2593 1900 2634 priscis
1911 2601 2010 2623 mem-

1317 2646 1440 2685 branis,
1464 2646 1528 2676 nisi
1556 2645 1646 2686 qnod
1675 2655 1741 2676 una
1760 2644 1874 2675 littera
1890 2651 2010 2684 perpe·

1318 2705 1388 2727 ram
1406 2696 1528 2726 omissa
1546 2695 1735 2735 adjiciatur.
1762 2694 1868 2725 Graev.

1361 2746 1458 2780 Quem
1472 2746 1562 2785 paulo
1580 2748 1651 2775 unte
1665 2745 1732 2783 vix,
1746 2744 1813 2784 ἃμ]
1836 2744 1845 2760 ‘
1862 2742 2010 2774 Gravem

1316 2795 1408 2826 illum
1426 2799 1461 2825 et
1477 2795 1561 2825 mari
1586 2799 1622 2825 et
1642 2799 1743 2825 terrae
1760 2794 1922 2832 Xerxem,
1946 2801 2010 2823 nec

1316 2845 1504 2875 hominibus
1544 2849 1673 2875 tantum
1713 2842 1913 2881 terribilem,
1950 2840 2010 2872 sed

1317 2895 1480 2935 Neptuno
1495 2903 1629 2935 quoque
1653 2892 1833 2934 compedes
1859 2895 1895 2923 et
1919 2889 2010 2922 Caelo
