2101 3419
564 346 761 377 JUSTlNl
798 346 891 376 mn.
924 347 1007 377 xv,
1041 349 1147 378 car.
1182 339 1219 378 l.

169 439 319 471 habent:
359 437 530 478 compsisse
545 438 670 478 insuper
692 437 865 478 exspirans,

168 493 202 524 id
220 491 310 533 quod
326 491 483 532 probant.
529 489 594 520 Sed
615 498 656 519 an
680 489 746 520 ista
763 490 867 520 truci-

169 542 307 574 datione
349 545 481 580 tempus
519 539 674 570 habuerit
711 539 866 570 comendi

170 594 324 634 capillos,
348 601 411 632 ego
445 590 572 626 nescio,
599 590 743 621 multum
773 594 867 621 certe

169 643 300 674 dubito.
345 640 414 672 Alii
444 640 521 671 libri
545 640 673 671 habent
701 649 867 680 conpresse,

170 694 227 725 alii
240 692 421 733 coperuisse.
438 691 523 722 Mihi
538 701 617 722 vera
629 691 709 722 lect.
719 691 868 724 videtur:

171 742 368 783 Cooperuisse
383 742 508 782 insuper
518 741 679 781 exspirans
693 741 813 781 capillis
828 752 871 782 os,

168 793 199 821 et
224 795 316 823 veste.
372 791 513 832 Capillis
544 801 609 822 non
639 802 740 823 crura
771 792 868 828 texit,

168 849 286 872 verum
302 851 338 872 os
361 846 397 873 et
413 842 553 882 vultum,
568 851 609 872 ue
625 842 658 872 in
674 851 714 873 eo
740 842 869 874 tristior

168 892 343 923 morientis
357 892 494 923 habitus
518 892 775 933 conspiceretur
790 903 868 924 con-

167 945 221 972 tra
229 941 331 973 decus
341 943 489 973 mascule
500 942 702 973 occumbere
712 943 866 975 volentis.

168 990 226 1022 Ita
242 992 339 1032 plane
351 991 462 1023 Julius
478 1002 532 1031 ap.
547 992 642 1023 Suet.
659 995 712 1024 82.
748 993 758 1010 ‘
773 994 869 1034 Toga

171 1046 275 1083 caput
301 1042 463 1082 obvolvit,
484 1042 582 1073 simul
610 1042 743 1074 sinistra
767 1053 868 1074 mauu

170 1092 280 1122 sinum
310 1091 353 1122 ad
383 1091 451 1122 ima
485 1102 585 1123 crura
613 1092 767 1133 deduxit,
804 1103 869 1134 quo

169 1141 344 1173 honestius
355 1142 504 1182 caderet,
515 1142 786 1174 etiaminferiore
798 1153 870 1174 cor-

170 1192 262 1232 poris
300 1197 397 1232 parte
433 1193 572 1224 velata!
635 1195 683 1225 Ut
726 1194 868 1226 honeste

170 1242 411 1284 caderet,duas
423 1248 537 1284 partes
550 1245 682 1284 putavit
698 1244 868 1285 velandas,

169 1293 346 1326 inferiores
364 1299 398 1326 et
414 1295 617 1335 superiores,
630 1305 657 1326 S.
675 1295 765 1337 quod
780 1295 867 1327 idem

171 1348 237 1384 est,
269 1355 370 1376 crura
403 1350 505 1387 atque
535 1351 648 1386 caput.
705 1346 870 1378 Similiter

170 1396 356 1436 Pompeius
387 1406 442 1437 ap.
473 1397 600 1428 Lucan.
644 1397 654 1414 ‘
685 1397 753 1428 Ubi
785 1397 870 1428 vidit

172 1447 322 1477 cominus
335 1456 444 1486 enses,
455 1447 605 1479 Involvit
619 1447 752 1478 vultus!
773 1449 869 1480 Vett.

173 1506 228 1536 ap.
247 1497 366 1528 Nostr.
388 1498 546 1529 habuisse
562 1507 595 1528 os
619 1503 764 1534 constat,
780 1498 869 1540 quod

171 1546 207 1577 in
223 1546 379 1587 quibusd.
401 1548 539 1587 legitur,
564 1556 632 1578 non
655 1547 785 1587 capillis,
809 1547 870 1578 sed

173 1598 315 1638 capillos:
337 1597 372 1628 id
388 1598 476 1629 enim
487 1597 627 1637 factum,
639 1598 870 1638 quiajuuctim

174 1648 382 1688 scripserant
399 1648 545 1688 imperiti
561 1648 688 1679 librarii
709 1648 872 1688 capillisos,

175 1698 263 1739 quod
290 1698 346 1729 alii
370 1707 430 1739 per
452 1698 721 1729 emendationem
743 1698 871 1729 factum

173 1748 363 1788 credidere,
393 1759 432 1780 ac
463 1759 523 1789 pro
555 1750 676 1789 capillis
703 1748 872 1780 scribeud.

173 1799 311 1839 capillos.
346 1798 458 1831 Schef.
524 1799 703 1832 Quomodo
741 1799 872 1838 capillis

175 1859 274 1881 crura
291 1851 470 1891 teguntur?
496 1851 580 1882 Mss.
595 1851 728 1891 capillos.
773 1851 872 1882 Unde

174 1899 288 1934 Schef.
317 1901 479 1942 exspirans
509 1902 628 1942 capillis
654 1911 700 1941 os,
723 1904 754 1932 et
779 1904 871 1932 vesle.

1534 338 1617 379 861

922 439 1064 479 Nescio,
1090 450 1150 471 cur
1175 450 1211 471 os
1242 441 1379 473 texerit.
1419 442 1455 473 F.
1482 442 1621 483 scripsit

920 488 1012 519 Just.
1035 490 1196 530 exspirans
1216 492 1348 531 papillas
1369 495 1452 523 veste
1471 496 1500 523 et
1516 503 1618 524 crura.

922 538 1037 571 Graev.

964 589 982 628 ᾧ
1006 591 1045 619 13
1074 589 1317 631 Thessalonicen,
1335 593 1418 631 regis
1439 592 1565 624 Aridoei
1577 594 1622 634 fi-

923 638 1012 678 liam]
1051 639 1290 671 Thessalonice
1310 647 1384 672 erat
1401 642 1550 682 Philippi
1565 644 1622 673 τοῦ

923 687 1073 727 Ἀμύντου
1108 689 1191 729 filia,
1222 695 1257 721 et
1285 690 1472 722 Alexandri
1501 692 1621 732 ἀδελφὴ

925 738 1106 780 ὁμοπάτριος
1121 751 1129 772 :
1164 740 1266 772 Diod.
1285 750 1367 772 xix.
1384 744 1437 773 35.
1470 742 1572 774 Paus.
1588 744 1621 773 iu

924 791 1036 823 Boeot.
1076 796 1112 823 et
1148 791 1279 823 Auctor
1315 802 1388 823 eam
1427 802 1502 824 xrv.
1531 797 1561 825 6.
1590 797 1621 826 3.

924 843 934 860 ‘
959 841 1176 882 Olympiadis
1223 842 1430 883 privignam'
1474 845 1622 876 vocavit.

922 892 1061 924 Justino
1096 893 1270 933 imposuit,
1309 893 1397 934 quod
1430 894 1558 934 Trogus
1596 893 1621 925 f.

922 943 931 959 ‘
948 943 1035 982 regis
1049 942 1200 983 Philippi
1214 942 1337 974 filiam’
1356 944 1560 985 scripserat:
1587 950 1623 976 et

922 992 1082 1024 Aridaeus
1116 993 1342 1034 ‘Philippus'
1374 998 1450 1034 post
1479 999 1623 1025 mortem

924 1042 1110 1074 Alexandri
1120 1043 1374 1083 cognominatus
1387 1048 1452 1075 est.
1465 1044 1623 1084 Bongars.

924 1093 1027 1124 Thess.
1043 1093 1112 1134 Sym]
1137 1094 1273 1125 Falsum
1296 1094 1361 1126 hoc
1387 1095 1441 1125 vel
1465 1095 1548 1126 illud
1572 1106 1624 1126 ar-

924 1145 1010 1184 guit,
1036 1145 1126 1186 quod
1143 1145 1245 1185 paulo
1269 1149 1349 1176 ante
1369 1145 1378 1162 ‘
1396 1145 1520 1176 claram
1542 1145 1624 1176 Phi-

923 1194 1008 1234 lippi
1038 1195 1144 1235 patris
1171 1194 1329 1225 nomine’
1357 1193 1459 1225 fuisse
1487 1195 1625 1234 scribit;

925 1245 1082 1286 quodque
1098 1245 1203 1276 Diod.
1215 1244 1319 1276 filiam
1330 1245 1484 1285 Philippi
1497 1244 1625 1287 Amyn-

924 1299 969 1326 tae
982 1304 1061 1326 xix.
1073 1297 1125 1326 35.
1139 1299 1174 1327 et
1185 1294 1372 1326 Alexandri
1385 1305 1533 1326 sororem
1546 1305 1626 1329 xix.

923 1348 975 1376 52.
999 1350 1110 1376 vocat.
1164 1346 1269 1376 Error
1295 1345 1400 1386 igitur
1425 1355 1492 1376 non
1517 1346 1624 1386 ipsius

923 1395 1066 1434 Justini‚
1096 1395 1155 1426 sed
1179 1404 1295 1426 eorum
1321 1395 1377 1436 qui
1403 1396 1624 1436 expositionis

925 1456 1026 1476 causa
1043 1445 1170 1487 aliquid
1187 1445 1220 1476 in
1242 1445 1395 1485 margine
1412 1446 1627 1487 adjecerunt,

924 1495 1028 1526 fuisse
1057 1496 1207 1527 videtur.
1252 1496 1336 1526 Cum
1364 1496 1455 1527 Just.
1483 1501 1521 1527 ut
1551 1507 1625 1537 sup.

925 1546 1120 1586 scripsisset
1153 1545 1272 1586 ‘regis
1308 1545 1463 1586 Philippi
1496 1546 1625 1585 filiam,'

926 1600 1278 1636 commentatoresque
1300 1595 1430 1626 scirent
1453 1596 1624 1628 Aridaenm

927 1652 961 1678 et
992 1647 1188 1687 Philippum
1214 1652 1371 1678 vocatum
1401 1647 1516 1688 fuisse,
1548 1648 1627 1680 Ari-

927 1697 1036 1728 daenm
1070 1698 1125 1729 hic
1173 1697 1344 1737 designari
1383 1698 1625 1738 crediderunt3

927 1758 1070 1789 cumque
1087 1747 1120 1779 id
1138 1748 1171 1778 in
1187 1757 1292 1788 marg.
1309 1748 1449 1788 primum
1473 1753 1626 1780 notatum

927 1804 1029 1839 esset,
1063 1798 1202 1838 irrepsit
1231 1798 1370 1830 tandem
1405 1799 1439 1829 in
1475 1803 1626 1831 context.

933 1849 1007 1881 Vor-

711 2209 931 2259 LIBER
971 2209 1091 2257 XV.

219 2362 308 2394 cn.
322 2371 347 2393 1.
378 2363 396 2403 ς
426 2365 443 2393 1
468 2361 618 2394 Perdicca
632 2364 661 2392 et
670 2359 777 2399 fratre
791 2358 871 2399 ejas]

176 2410 397 2453 Antiquiores
414 2411 492 2443 edd.
509 2412 638 2443 addunt
653 2410 780 2442 Alecto.-
808 2419 872 2440 nec

176 2463 276 2503 male,
289 2468 326 2494 ut
339 2462 484 2494 videtur.
521 2462 680 2503 Sequitur
695 2461 781 2491 euim
796 2469 873 2490 mox

175 2514 184 2529 ⁴
202 2512 377 2544 Eumene)
429 2513 487 2552 Et,
516 2512 580 2542 nisi
609 2512 718 2543 Alceta
746 2510 873 2540 diserte

178 2563 346 2605 adjectum
361 2562 477 2603 fuerit,
501 2562 608 2593 frater
624 2561 800 2592 Perdiccae
823 2559 874 2590 fu-

178 2613 244 2645 isse
260 2613 368 2646 videri
383 2614 491 2655 possit
515 2614 696 2644 Eumenes.
742 2610 875 2642 Alcetae

179 2664 306 2696 mentio
322 2669 358 2696 et
372 2673 454 2696 xm.
467 2667 499 2696 6.
516 2667 568 2695 16.
580 2668 615 2694 et
631 2666 661 2694 8.
677 2665 728 2693 10.
760 2662 833 2693 Vor.

222 2714 357 2746 Eumene
371 2719 402 2746 et
417 2713 670 2755 Polyperchonte,
686 2711 752 2753 5⁴⁴2]
796 2711 875 2742 Vic-

182 2767 254 2795 tum
281 2763 385 2796 fuisse
412 2764 722 2805 Polyperchontem
752 2773 771 2793 a
796 2763 876 2793 Cas-

181 2813 314 2854 sandro,
330 2823 404 2845 cum
430 2815 485 2846 hic
506 2815 541 2845 in
565 2813 803 2845 Macedoniam
819 2821 875 2842 ve-

182 2864 244 2903 nit,
257 2873 298 2894 ex
310 2869 425 2896 vetere
436 2865 529 2896 Prol.
541 2864 684 2905 proximi
694 2862 875 2902 superioris

182 2913 257 2946 libri
283 2913 359 2946 sciri
382 2923 480 2955 posse
497 2914 596 2955 paulo
619 2918 698 2946 ante
720 2912 876 2945 diximus.

928 2357 1033 2389 Diod.
1061 2365 1139 2388 xm.
1157 2358 1209 2387 36.
1238 2354 1356 2386 scribit
1372 2354 1534 2395 majorem
1558 2353 1627 2395 ejus

927 2407 1069 2438 militum
1085 2411 1215 2447 partem
1232 2405 1470 2445 largitionibus
1487 2413 1628 2443 corrup-

928 2461 995 2488 tam
1019 2455 1133 2495 fuisse,
1156 2465 1231 2486 cum
1255 2455 1366 2486 Callas
1394 2463 1412 2484 a
1438 2453 1627 2485 Cassandro

927 2507 1047 2538 missus
1072 2506 1223 2546 proxime
1246 2514 1322 2535 eum
1348 2509 1461 2535 castra
1483 2504 1517 2534 iu
1544 2503 1628 2533 Per·

929 2556 1054 2587 rhaebia
1068 2555 1250 2597 posuisset,
1266 2559 1302 2585 et
1314 2563 1393 2585 mx.
1411 2556 1464 2584 52.
1491 2553 1628 2593 cognito

930 2608 1071 2639 interitu
1088 2605 1302 2647 Olympiadis
1326 2613 1401 2635 cum
1425 2603 1547 2642 exiguo
1573 2611 1628 2632 co-

930 2658 1055 2689 mitatu
1087 2657 1121 2687 in
1155 2655 1312 2688 AEtoliam
1336 2652 1562 2690 concessisse3
1593 2655 1628 2683 et

932 2718 996 2740 xx.
1019 2711 1073 2739 28.
1098 2707 1283 2738 Herculem
1298 2702 1487 2736 Alexandri
1510 2701 1560 2732 M.
1585 2711 1629 2732 ex·

930 2760 1074 2791 Barsine
1099 2757 1207 2788 filium
1236 2757 1405 2796 Pergamo
1430 2753 1464 2784 in
1488 2761 1629 2791 regnum

930 2808 1142 2841 Macedonia:
1166 2805 1328 2837 reducere
1341 2803 1498 2841 voluisse,
1511 2810 1629 2832 verum

930 2869 947 2890 a
963 2857 1154 2890 Cassandro
1169 2855 1375 2886 solicitatum
1388 2857 1424 2884 et
1436 2860 1496 2892 spe
1509 2859 1630 2890 magna

928 2911 1106 2952 impletum
1137 2905 1348 2939 interfecisse
1371 2913 1460 2944 eum,
1485 2910 1628 2943 cumque
