2174 3424
644 338 841 369 JUS'rth
878 339 970 368 hlss.

299 431 499 474 Respirandt']
536 430 688 463 Gronov.
713 432 746 462 in
776 431 875 462 Notis
907 431 950 462 ad

255 484 336 515 Seu.
355 483 459 514 Herc.
481 482 551 513 OEt.
574 480 616 511 A.
633 490 667 511 ν.
695 490 755 521 pro
779 481 952 521 respirandi

255 533 389 574 legend.
412 532 550 572 conjicit
568 531 738 570 strigandi,
753 531 776 561 i.
794 541 825 561 e.
848 531 951 561 inter-

255 583 464 625 quiescendi.
518 582 604 613 Mihi
640 586 756 613 tamen
792 581 847 612 hic
884 590 952 612 non

253 634 372 676 liquet.
401 634 504 665 Vorst.

298 685 385 715 Unus
404 693 444 714 ex
466 681 631 722 militibus]
671 681 734 713 Cui
750 681 952 722 Polystrato

252 743 374 765 nomen
403 732 480 765 fuit.
524 733 619 764 Curt.
637 741 672 764 v.
697 733 749 762 13.
769 733 822 762 32.
857 731 950 762 Plut.

251 783 351 815 Alex.
362 786 413 815 77.
427 783 483 824 qui
499 782 649 814 nonnihil
666 781 785 812 variat.
816 781 949 814 Bernec.

294 835 311 874 ᾧ
325 836 345 864 6
362 833 516 874 Applicito
531 832 667 873 captivo]
694 832 805 862 Locus
822 831 951 873 absque

251 881 354 912 dubio
370 882 572 913 mendosus:
597 879 732 921 legend.
759 880 951 911 arbitrabar

247 931 394 972 applicito
418 932 529 971 capite.
574 931 670 962 Vett.
696 940 773 961 cuni
799 930 949 971 vulgatis

249 981 476 1012 consentiunt.
498 981 657 1020 Bongars.
703 981 815 1012 Credo
832 991 949 1012 sanum

249 1040 325 1062 esse
348 1030 471 1061 locum.
515 1030 579 1060 Ille
596 1031 689 1061 miles
705 1029 851 1060 Macedo
873 1029 950 1071 fuit,

248 1085 287 1111 ut
302 1080 422 1111 scribit
435 1080 530 1111 Curt.
548 1089 583 1112 v.
596 1082 647 1112 13.
664 1083 715 1111 32.
739 1080 854 1121 itaque
871 1090 949 1121 cap-

248 1131 395 1163 tivorum
409 1130 578 1172 quendam
596 1131 775 1172 applicuit,
795 1131 889 1161 Darii
904 1132 950 1162 ci-

247 1191 336 1220 vem,
353 1191 417 1222 quo
434 1181 623 1221 interprete
642 1181 786 1212 Darium
810 1181 950 1222 loquen-

248 1235 317 1262 tem
343 1231 551 1272 perciperet.
587 1232 723 1263 Bernec.
779 1232 805 1262 Ι.
830 1242 860 1263 e.
891 1232 949 1263 ad-

248 1286 350 1321 moto,
376 1281 526 1313 adducto
563 1281 710 1323 captivo.
769 1281 949 1314 Adductus

248 1336 361 1362 autem
392 1332 450 1362 ille
476 1330 542 1362 fuit
567 1342 586 1362 a
610 1332 718 1362 milite
746 1333 950 1373 Macedone,

246 1382 342 1422 cujus
356 1382 390 1412 in
413 1382 648 1421 superioribus
671 1383 799 1413 mentio
815 1382 854 1413 fit
871 1393 948 1414 ver-

248 1431 315 1470 bis,
337 1432 346 1448 ‘
364 1441 447 1461 unus
470 1441 513 1462 ex
536 1431 723 1462 militibus.’
758 1432 857 1464 Quod
874 1432 948 1473 ipse

247 1481 357 1520 miles,
380 1481 436 1522 qui
466 1481 607 1512 Darium
632 1482 776 1521 invenit,
804 1483 948 1514 Macedo

247 1530 364 1570 fuerit,
381 1541 423 1562 ex
437 1531 533 1563 Curt.
553 1540 587 1563 v.
604 1533 655 1562 13.
672 1534 724 1563 32.
749 1532 836 1563 scire
852 1533 946 1565 licet.

254 1581 360 1613 Vorst.

290 1632 308 1671 ξ
333 1634 351 1662 7
369 1630 579 1662 Maximorum
599 1631 646 1662 illi
667 1631 833 1662 debitorem
854 1632 946 1673 mori]

248 1680 334 1711 Mss.
357 1681 541 1721 Bongarsio
556 1681 615 1711 visi
631 1680 759 1712 habent
769 1681 817 1711 illi
831 1691 863 1712 se
877 1681 945 1712 deb.

247 1739 323 1770 quae
360 1730 439 1761 lect.
467 1729 621 1761 firmatur
658 1740 721 1770 per
756 1730 852 1770 alios,
889 1731 947 1772 qui

245 1780 371 1811 liabent
386 1780 446 1818 z'llz',
461 1790 536 1810 cum
564 1780 645 1810 illud
666 1780 755 1810 haud
779 1780 879 1811 dubie
903 1790 947 1811 ex

248 1839 329 1861 voce
353 1839 386 1860 se
416 1839 519 1869 praec.
546 1830 749 1860 accreverit.
794 1830 891 1862 Quod
919 1831 947 1861 si

245 1881 327 1912 lect.
340 1880 413 1911 haec
427 1889 517 1920 vera,
529 1880 677 1910 dubitari
688 1884 802 1920 potest
815 1880 857 1910 de
871 1890 946 1920 pro-

245 1931 380 1961 nomine
394 1940 439 1970 se,
452 1929 540 1970 quod
555 1929 733 1969 praecedit,
777 1930 850 1970 Ego
865 1939 945 1961 sane

244 1980 379 2010 mallem
393 1984 500 2010 totum
518 1979 625 2009 locum
641 1979 690 2010 ita
702 1979 815 2019 legere
830 1989 838 2010 :
867 1980 946 2010 Per-

236 2031 322 2069 serri
334 2031 399 2062 lzoec
413 2032 595 2062 Alexandro
608 2030 701 2070 jubet
712 2041 725 2068 ;
745 2031 812 2062 sine
826 2031 897 2061 ullis
911 2031 945 2062 in

243 2090 311 2111 eum
334 2081 515 2111 meritorum
529 2081 649 2122 officii8‚
672 2081 876 2112 maximorum
896 2082 945 2112 illi

241 2140 273 2161 se
288 2131 454 2161 debitorem
476 2133 566 2161 mori.
613 2131 659 2162 Et
681 2135 772 2161 esset
798 2140 943 2172 conque-

243 2182 350 2211 rentis
381 2180 491 2211 oratio
525 2180 625 2221 paulo
656 2179 840 2217 efficacior,
867 2190 943 2211 cum

242 2230 318 2270 plns
348 2230 392 2261 sit
426 2230 494 2261 sine
523 2231 609 2271 ullis,
642 2240 742 2271 quam
772 2239 804 2261 se
834 2230 943 2262 nullis.

243 2280 358 2312 Schef.
641 2317 644 2320 ⁴

285 2334 303 2373 ξ
319 2336 338 2363 8
357 2332 476 2368 Quibus
490 2336 519 2363 et
534 2332 632 2363 vitam
647 2335 678 2363 et
692 2341 788 2371 regna
808 2331 943 2372 dederit]

242 2381 312 2412 Per
337 2383 346 2400 ‘
365 2381 485 2413 vitam’
516 2382 670 2413 Freinsh.
695 2386 733 2412 ut
757 2390 800 2411 ex
825 2381 942 2412 Indice

241 2435 398 2472 apparet,
411 2431 584 2472 intelligit,
602 2432 727 2462 victum
741 2441 749 2462 z
775 2431 941 2472 quomodo

241 2481 341 2513 eand.
367 2491 484 2512 vocem
514 2490 647 2513 xxvm.
674 2484 706 2513 2.
744 2481 777 2512 in
816 2480 942 2520 phrasi,

241 2532 373 2563 ‘vitam
403 2530 551 2571 sectari‚’
587 2530 748 2571 intelligit
786 2529 938 2561 Gronov.

248 2581 352 2613 Vorst.

283 2632 333 2672 §9
350 2632 450 2667 Quam
467 2632 532 2673 ipse
543 2631 643 2663 victor
657 2631 753 2672 volet]
784 2629 937 2671 Legend.

241 2679 267 2712 f.
282 2681 394 2712 vellet.-
416 2686 454 2712 ut
479 2682 584 2721 magis
611 2686 776 2722 congruat
796 2680 939 2712 orationi

242 2739 340 2771 quam
355 2729 478 2762 format
492 2731 681 2763 indirectae.
723 2731 791 2762 Sed
805 2740 872 2762 non
889 2731 939 2761 in-

241 2779 352 2809 solens
368 2779 509 2819 Nostro‚
524 2785 563 2811 ut
579 2781 613 2812 in
633 2781 788 2813 oratione
805 2789 938 2822 quoque

241 2826 407 2859 indirecta
443 2829 581 2861 verbum
625 2830 798 2861 indicativi
847 2830 938 2860 modi

240 2882 391 2918 usurpet.
415 2879 573 2921 Exempli
584 2889 684 2913 causa
701 2890 790 2921 mox,
816 2881 938 2923 ‘quam

1003 338 1073 367 x1.
1105 339 1165 368 ωΛ
1175 339 1211 370 r,
1242 328 1310 369 15.
1613 328 1699 370 803

1001 431 1103 462 solam
1115 432 1260 463 moriens
1275 431 1412 472 potest,’
1426 442 1498 473 pro,
1509 433 1627 473 possit.
1647 433 1698 465 Id.

1043 482 1060 521 ξ
1078 484 1117 511 10
1144 481 1271 520 Referre
1285 492 1327 520 se,
1344 492 1434 522 quam
1454 483 1548 513 solam
1568 483 1700 513 moriens

996 533 1109 571 potest,
1122 531 1276 571 gratiam]
1307 533 1430 563 Similis
1447 532 1572 563 locutio
1590 532 1623 562 in
1648 532 1699 562 liis

1001 581 1067 612 Ov.
1086 581 1188 612 Pout.
1206 590 1244 613 11.
1260 584 1310 613 10.
1332 583 1340 599 ‘
1357 583 1405 612 Te
1418 586 1531 612 tamen
1549 582 1696 620 intueor,

999 640 1065 672 quo
1082 631 1154 661 solo
1170 635 1311 671 pectore
1327 631 1483 671 possum.’
1517 632 1572 663 Ita
1587 632 1699 671 Virgi-

999 680 1087 717 nius,
1103 679 1204 711 filiam
1232 680 1446 721 transfigens,
1466 691 1521 723 ap.
1547 682 1620 713 Liv.
1640 692 1696 713 111.

997 733 1052 762 46.
1066 734 1097 762 6.
1132 732 1141 748 ‘
1159 730 1236 761 Hoc
1249 735 1284 761 te
1301 740 1378 770 uno,
1390 740 1456 772 quo
1469 731 1626 771 possum,'
1641 732 1701 771 ait,

1000 782 1010 798 ‘
1028 781 1138 817 modo,
1163 780 1244 820 filia,
1268 781 1302 812 in
1328 781 1521 812 libertatem
1543 781 1700 813 vindico:

1000 832 1131 864 Bernec.
1176 833 1320 865 Qualem
1344 832 1486 873 gratiam
1509 831 1640 863 referre
1662 842 1699 864 se

998 882 1321 923 possejudicaverit
1340 882 1477 921 Darius,
1493 886 1637 922 apparet
1655 891 1699 913 ex

999 942 1092 974 seqq.
1109 932 1230 973 quibus
1250 932 1353 972 ipsius
1370 930 1524 972 quaedam
1547 932 1700 972 precatio

999 984 1204 1015 continetur.
1234 983 1401 1013 Nimirum
1416 983 1486 1013 sola
1502 982 1699 1022 precatione

999 1032 1140 1071 gratiam
1158 1031 1286 1064 referre
1307 1042 1405 1073 posse
1422 1031 1580 1072 credidit,
1595 1036 1642 1071 et,
1660 1036 1699 1063 ut

998 1081 1077 1112 Sen.
1102 1091 1150 1115 iv.
1176 1081 1298 1114 Benef.
1316 1085 1366 1113 11.
1391 1081 1555 1123 loquitur,
1576 1082 1586 1098 ‘
1605 1081 1698 1112 debi-

999 1135 1090 1162 tores
1102 1133 1194 1163 Deos
1204 1131 1399 1163 Alexandro
1410 1130 1611 1170 delegando,
1623 1140 1700 1170 pre-

998 1181 1175 1222 candoque
1193 1186 1229 1213 ut
1244 1181 1294 1212 illi
1307 1191 1368 1223 pro
1384 1191 1419 1212 se
1436 1180 1581 1221 gratiam
1596 1179 1700 1211 refer-

999 1231 1098 1263 rent!
1128 1233 1230 1263 Vorst.

1042 1283 1205 1323 Gratiam]
1232 1283 1308 1314 Hoc
1322 1282 1463 1322 gratiam
1478 1281 1557 1312 mihi
1574 1291 1592 1312 a
1609 1282 1699 1321 glos-

997 1336 1109 1363 satore
1135 1332 1190 1363 hic
1206 1333 1368 1363 intrusum
1386 1332 1527 1362 videtur.
1560 1331 1698 1362 Delibe-

997 1387 1074 1413 rent
1089 1383 1157 1413 alii.
1181 1382 1286 1420 Schef.

1040 1433 1174 1471 Regales
1190 1431 1288 1471 Deos]
1317 1430 1410 1463 Θεοὺς
1431 1430 1619 1470 βασιλείους,
1644 1430 1696 1462 καὶ

995 1481 1178 1521 γενεθλίους.
1233 1483 1328 1514 Plut.
1360 1482 1461 1514 Alex.
1499 1492 1530 1513 c.
1562 1484 1615 1513 54.
1644 1492 1697 1522 pr.

998 1532 1156 1571 Bongars.
1200 1532 1273 1563 Imo
1290 1531 1392 1572 regiae
1410 1531 1608 1572 Majestatis
1626 1532 1697 1562 vin-

997 1582 1090 1613 dices
1105 1587 1141 1613 et
1157 1587 1299 1614 tutores.
1331 1583 1439 1614 Groev.

1039 1632 1056 1671 §
1080 1634 1118 1662 ll
1145 1633 1271 1663 Justam
1299 1634 1411 1672 magis,
1438 1642 1530 1672 quam
1552 1631 1695 1672 gravem]

997 1681 1146 1720 Rjustoe
1167 1692 1208 1712 m.
1224 1693 1255 1722 q.
1274 1683 1395 1721 gravis.
1428 1683 1437 1699 ⁴
1457 1682 1606 1720 Gravis‚'
1625 1682 1647 1712 i.
1663 1692 1695 1713 e.

997 1737 1217 1772 sumptuosae.
1258 1732 1314 1764 Ita
1336 1733 1492 1773 legerunt
1515 1732 1617 1763 medii
1633 1732 1697 1762 aevi

996 1782 1193 1822 scriptores.
1227 1782 1312 1814 Voss.

1039 1834 1056 1873 ᾧ
1074 1835 1114 1864 12
1128 1834 1204 1864 Jam
1219 1843 1386 1872 masuam,
1397 1834 1450 1863 sed
1462 1833 1606 1873 exempli,
1617 1842 1698 1863 com-

995 1893 1184 1924 munemque,
1212 1885 1278 1924 Esau]
1321 1883 1477 1924 OEdipus,
1505 1883 1593 1923 regis
1621 1882 1696 1914 Laii

995 1933 1125 1964 caedem
1156 1933 1399 1973 vindicaturus,
1425 1943 1480 1973 ap.
1508 1934 1610 1974 Soph.
1646 1933 1696 1964 sic

995 1982 1064 2013 ait:
1099 1984 1109 2000 ‘
1126 1983 1228 2022 Nam,
1251 1983 1400 2024 quisquis
1417 1984 1474 2014 ille
1496 1988 1561 2022 est,
1578 1983 1695 2014 Laium

995 2032 1052 2073 qui
1080 2032 1257 2073 occiderit,
1281 2032 1314 2063 Is
1345 2033 1468 2064 dextra
1496 2034 1614 2064 eadem
1642 2042 1695 2063 me

994 2091 1127 2123 quoque
1144 2083 1229 2113 ausit
1252 2083 1403 2123 aggredi.
1449 2084 1533 2115 Cum
1559 2083 1693 2114 vindico

993 2132 1099 2172 igitur
1114 2132 1215 2172 hunc,
1226 2143 1279 2164 me
1293 2134 1402 2173 ipsum
1415 2133 1554 2165 munio!
1578 2135 1624 2164 Et
1638 2143 1694 2174 ap.

993 2182 1072 2213 Sen.
1090 2182 1125 2212 in
1149 2182 1258 2222 ejusd.
1275 2183 1468 2223 argumenti
1488 2183 1668 2222 Tragoedia
1683 2194 1693 2215 ι

992 2233 1002 2250 ‘
1019 2233 1105 2273 Regi
1120 2233 1246 2263 tuenda
1268 2237 1321 2264 est
1337 2233 1483 2264 maxime
1508 2243 1623 2273 regum
1641 2243 1695 2264 sa-

992 2283 1066 2314 lus!
1122 2283 1222 2315 Unde
1257 2284 1415 2314 Vitellius
1452 2283 1694 2315 interfectores

992 2332 1128 2372 Galbae,
1150 2334 1364 2374 quantumvis
1388 2334 1493 2364 hostis
1523 2334 1586 2374 sui,
1616 2343 1696 2364 con-

991 2381 1077 2422 quiri
1096 2391 1210 2412 omnes
1233 2386 1268 2412 et
1290 2381 1437 2413 interfici
1458 2383 1574 2422 jussit,
1597 2384 1606 2400 ‘
1625 2392 1693 2413 non

990 2432 1117 2463 honore
1134 2432 1269 2471 Galbae,
1291 2432 1351 2463 sed
1374 2433 1502 2464 tradito
1521 2433 1693 2473 Principi-

990 2481 1052 2512 bus
1078 2491 1182 2521 more,
1196 2482 1440 2512 munimentum
1470 2484 1503 2512 in
1531 2492 1693 2522 praesens,

989 2530 1023 2561 in
1041 2535 1213 2571 posterum
1231 2530 1416 2569 ultionem‚⁷
1432 2535 1469 2562 ut
1485 2532 1595 2572 inquit
1608 2532 1692 2563 Tac.

990 2580 1036 2612 H.
1062 2589 1087 2612 1.
1110 2583 1162 2611 44.
1204 2580 1273 2612 Adi
1302 2581 1475 2620 Clapmar.
1500 2581 1543 2612 de
1566 2581 1692 2613 Arcan.

989 2629 1116 2669 Imper.
1141 2638 1198 2660 ιιι.
1216 2632 1264 2661 17.
1311 2629 1454 2660 Amirat.
1479 2630 1626 2662 Dissert.
1655 2631 1690 2662 in

988 2681 1069 2711 Tae.
1085 2688 1179 2711 xvu.
1196 2684 1227 2712 7.
1251 2681 1384 2712 Bernec.
1426 2682 1536 2714 Scrib.
1551 2692 1617 2713 eam
1629 2692 1689 2714 non

987 2741 1086 2770 suam,
1099 2733 1152 2762 sed
1167 2732 1309 2771 exempli,
1324 2734 1377 2771 &a
1412 2732 1563 2764 Gronov.

1031 2783 1048 2822 ς
1076 2784 1115 2812 13
1144 2783 1267 2820 Pignus
1281 2782 1364 2822 fidei
1391 2782 1488 2821 regioe
1511 2781 1690 2821 dexteram]

987 2831 1122 2863 Probus
1146 2831 1179 2862 in
1204 2832 1372 2863 Datame:
1409 2832 1417 2848 ‘
1436 2831 1622 2871 Fidemque
1649 2840 1691 2861 ea

987 2881 1029 2914 de
1046 2890 1083 2912 re
1107 2890 1199 2912 more
1224 2880 1403 2914 Persarum
1427 2880 1547 2911 dextra
1574 2879 1683 2911 dedis:
