2101 3419
346 382 429 425 886

345 490 437 519 cont.
460 485 584 528 Apion.
602 495 627 518 1.
645 497 679 528 p.
695 489 770 520 927.
796 492 848 520 est
869 487 1045 529 Μύτγονος,

345 543 381 568 et
405 538 414 555 ‘
429 538 596 569 Mutines'
617 538 692 569 Liv.
707 547 813 572 xxvl.
825 542 879 572 21.
906 541 1041 572 Gronov.

345 588 387 619 In
415 588 482 621 Ms.
509 593 562 620 est
586 598 645 620 rex
671 591 780 621 mulcta
809 590 889 630 Tyro
912 592 1041 622 decedit.

345 639 394 670 Ut
410 637 482 670 fere
497 648 550 679 ap.
562 639 818 671 Gerundensem
834 641 1042 682 Episcopum

343 689 491 729 legitur:
521 689 648 720 interim
670 699 727 721 rex
750 692 860 722 mulcto
888 692 968 732 Tyro
992 693 1044 722 de-

343 740 425 771 cedit
441 739 546 781 (quod
564 750 606 770 ex
622 741 750 772 Nostro
767 747 934 783 sumptum
951 741 1041 784 est);

344 789 435 820 unde
451 790 644 830 suspicatur
660 791 702 822 cl.
723 792 822 823 Voss.
847 803 907 833 pro
932 795 1043 824 mulcta

345 839 517 872 scribend.
552 841 680 881 Mutgo,
718 842 774 883 qui
812 843 1041 883 Pygmalionis

344 894 445 930 pater
460 889 538 929 fuit,
554 900 580 922 s.
594 891 764 930 >Matgen0s
780 902 821 922 ex
842 894 1043 924 Sanchnnia-

343 940 458 972 thone.
493 940 563 971 Sed
574 941 608 971 in
624 942 698 973 aliis
716 942 849 982 regibus
865 944 1041 984 Tyriorum

342 990 567 1030 appellandis,
583 991 696 1022 obiter
711 1003 843 1033 moneo,
866 994 946 1024 mihi
971 1004 1041 1025 sus-

343 1045 446 1081 pecta
472 1045 526 1071 est
548 1040 633 1072 fides
661 1042 810 1073 Philonis
839 1043 957 1081 Biblii,
985 1044 1040 1084 qui

342 1090 669 1123 Sanchuniatlionem
681 1092 802 1124 Graece
815 1094 926 1125 vertit.
950 1094 1039 1125 Nam

344 1139 488 1181 Agreus,
512 1142 667 1180 Halieus,
690 1143 901 1185 Pygmalion,
928 1154 1039 1176 nonne

342 1191 478 1222 nomina
508 1196 586 1223 sunt
612 1202 703 1224 mere
734 1194 880 1226 Graeca?
928 1195 1039 1227 Faber.

343 1241 452 1281 Bong.
472 1242 589 1273 mallet
611 1243 697 1283 Tyri.
738 1244 806 1275 Sed
831 1244 911 1285 quid
934 1244 1039 1286 opus?

341 1302 384 1324 ιι.
411 1295 462 1324 13.
487 1297 519 1325 5.
557 1294 672 1325 ‘Pons
700 1305 799 1336 quem
828 1296 886 1327 ille
913 1295 1038 1337 Abydo

342 1341 497 1374 fecerat!
542 1344 588 1374 Et
617 1352 678 1375 xx.
708 1347 739 1376 3.
769 1348 801 1376 9.
846 1347 856 1363 ⁴
874 1346 1038 1377 Corintho

340 1393 497 1424 nuntiata
512 1399 563 1424 est
579 1394 744 1426 victoria!
783 1395 884 1427 Vorst.
929 1396 1038 1428 Plane

340 1449 457 1472 verum
475 1447 569 1482 puto,
585 1443 673 1484 quod
696 1448 814 1475 censet
830 1445 928 1476 Voss.
945 1446 1038 1476 exci-

341 1493 432 1523 disse
447 1493 502 1524 hic
519 1503 641 1524 nomen
659 1495 749 1534 regis
767 1495 892 1534 Mntgo.
923 1495 1038 1527 Schef.

341 1543 410 1574 Hic
427 1542 493 1574 fnit
509 1543 691 1582 Mettium,
704 1544 750 1576 fil.
764 1545 943 1576 Badezori.
959 1546 1038 1577 Vid.

342 1594 474 1634 insigne
490 1593 717 1635 fragmentum
734 1597 914 1628 Menandri
928 1598 1038 1638 Ephe-

343 1645 384 1675 sii
402 1645 443 1675 de
460 1645 611 1685 Regibus
626 1646 748 1687 Tyriis,
764 1647 819 1688 qui
836 1647 878 1679 ab
894 1648 1037 1679 Hiramo

341 1703 447 1735 usqne
465 1694 507 1725 ad
533 1695 786 1736 Pygmalionem
808 1701 843 1728 et
867 1697 1037 1729 Didonem

341 1755 397 1785 ap.
413 1744 555 1785 Josepli.
571 1754 610 1776 11.
627 1750 716 1778 cont.
733 1746 881 1787 Appion.
908 1747 1015 1780 Groev.

399 1795 503 1826 Elissa
521 1795 611 1836 filia]
660 1796 750 1827 Dido
784 1797 947 1837 Agenoris
983 1798 1037 1829 vel

340 1845 417 1875 Beli
433 1844 501 1876 filia
522 1845 627 1877 fnisse
648 1846 776 1878 (licitur
800 1848 978 1879 Eustathio
994 1848 1036 1879 ad

340 1897 486 1936 Dionys.
504 1896 636 1936 l’erieg.
655 1900 726 1929 197.
761 1898 840 1928 Διδὼ
854 1898 940 1936 ἡτοῦ
954 1902 1037 1937 Πινγ-

339 1945 486 1985 μαλίωνος
508 1946 640 1987 ἀδελφὴ,
668 1947 832 1989 Ἀγήνορος
856 1947 991 1989 θυγάτηρ
1017 1947 1037 1985 ἢ

340 1997 442 2034 Βήλου
462 1997 613 2033 βασιλέως
638 1997 760 2038 Τυρίων,
786 1998 806 2036 ἡ
830 1999 881 2029 καὶ
902 1999 1038 2029 Ἐλισσιι

339 2046 511 2086 καλουμένη
526 2047 575 2078 καὶ
591 2048 680 2088 Ἀνα,
704 2048 848 2088 Συγχαίῳ
871 2050 954 2090 (leg.
980 2052 1038 2082 Συ-

340 2097 434 2139 χαίῳ)
451 2097 599 2137 γενομένη
613 2099 689 2137 γυνὴ
705 2099 786 2140 ἀνδρὶ
801 2098 923 2139 Φοίνικι,
943 2099 1039 2140 Τύρον

339 2149 420 2189 ᾤκει·
431 2149 541 2180 τοῦτον
554 2149 589 2186 δὴ
604 2148 659 2179 τὸν
673 2148 766 2190 ἄνδρα
781 2149 966 2188 Πυγμαλίων
981 2149 1038 2180 σὺν

339 2200 421 2238 αὐτῷ
444 2199 657 2238 ἆποδημοῦντά
681 2211 740 2230 που
763 2201 929 2240 δολοφονεῖ
950 2200 1037 2241 ἔρωτι

342 2249 519 2291 χρημάτων.
564 2251 600 2282 ‘O
616 2250 649 2282 δὲ
664 2251 699 2282 δι’
715 2251 835 2290 ὀνείρων
850 2251 985 2291 σημάνας
999 2251 1037 2282 τὸ

339 2300 435 2332 ’πάθος
454 2303 495 2343 τῇ
513 2301 632 2340 γυναικὶ
653 2301 769 2333 κελεύει
787 2301 921 2342 φεύγειν·
938 2301 1038 2333 οὐκέτι

339 2352 400 2392 γὰρ
411 2350 483 2382 εῖναι
494 2351 589 2383 πιστὰ
598 2354 642 2391 τῷ
654 2353 858 2392 Πυγμαλίωνι,
869 2353 901 2383 ἐν
911 2352 1038 2393 δευτέρῳ

339 2401 505 2443 χρημάτων
533 2402 573 2433 τὰ
605 2403 720 2442 φυσικὰ
753 2402 896 2442 τιθεμένῳ
928 2402 1035 2442 ewini.

338 2453 374 2483 ‘H
403 2452 435 2483 δὲ
462 2453 697 2494 προσλαβομένη
719 2453 801 2485 τινὰς
827 2455 889 2484 τῶν
912 2453 1036 2493 Τυρίων,

340 2503 532 2545 συναραμένη
554 2504 586 2536 δὲ
610 2505 660 2536 καὶ
682 2504 724 2536 τὰ
741 2504 898 2546 χρήματα,
915 2503 1037 2546 ἔρχεται

341 2554 390 2585 ἐπῖ
405 2554 530 2592 Λιβύην.

383 2608 399 2646 §
416 2609 434 2636 5
452 2605 594 2645 Acerboe]
615 2605 682 2638 Qui
698 2606 797 2646 vulgo
812 2610 844 2637 et
860 2616 879 2637 a
895 2607 1036 2638 Marone

337 2656 487 2687 Sichaeus
503 2657 639 2688 dicitur.
683 2657 723 2687 In
738 2666 796 2688 ora
810 2658 894 2689 Mss.
907 2658 1035 2698 aliquot

340 2707 550 2747 adscriptum
568 2710 636 2738 est:
657 2707 810 2738 ‘Hiarba’
825 2707 1003 2748 legendum
1015 2710 1036 2738 ι’

340 2756 426 2788 falso
455 2757 722 2788 Mauritanorum
746 2757 931 2799 principem
958 2768 1034 2789 cum

342 2806 487 2838 Didonis
514 2808 634 2838 marito
661 2806 920 2839 confundentes.
967 2807 1034 2839 Alii

341 2859 477 2888 Acer-vas
492 2858 631 2896 liabent,
654 2868 672 2888 v
694 2867 756 2898 pro
775 2858 805 2888 b.
848 2858 983 2889 Servius
1001 2858 1034 2888 in

339 2907 460 2945 Vin-gii.
475 2911 570 2938 notat
584 2908 780 2939 Sicliarbam
796 2908 896 2940 eund.
919 2909 1033 2948 appel-

339 2957 457 2997 latum,
485 2962 519 2988 et
550 2957 774 2999 fragmentum
809 2958 850 2989 de
886 2958 1033 2998 Didone,

798 393 939 425 NOTAE
972 395 1235 428 VAR10RUM
1269 396 1321 428 IN

1093 490 1182 531 qnod
1197 491 1278 522 mihi
1302 501 1344 523 ex
1365 491 1473 523 veteri
1496 491 1582 524 libro
1603 491 1790 533 transcrip-

1094 545 1164 572 tum
1179 542 1438 574 communicavit
1453 544 1624 583 popularis
1638 553 1730 573 meus
1748 544 1789 575 P.

1092 592 1239 623 Daniel:
1265 593 1298 623 in
1313 603 1377 634 qno
1394 597 1485 624 totns
1500 593 1553 624 hic
1570 593 1662 624 locus
1684 592 1790 623 addu-

1093 642 1181 673 citur
1197 653 1239 673 ex
1256 643 1366 683 Trogo
1382 643 1415 673 in
1434 643 1610 683 Epitomis.
1631 644 1788 681 Bongars.

1092 690 1182 723 Add.
1221 692 1360 724 Salmas.
1391 693 1424 723 in
1453 692 1556 725 Solin.
1587 695 1661 724 323.
1693 692 1726 724 d.
1756 695 1789 724 1.

1092 741 1226 773 Bernec.
1270 743 1353 782 Leg.
1367 742 1537 782 SicRarboe,
1553 753 1595 774 ex
1611 743 1730 774 Servio
1752 748 1789 774 et

1092 792 1324 823 observatione
1340 793 1532 834 Bongarsii.
1555 793 1668 825 Faber.
1709 794 1789 824 Sus-

1092 842 1186 882 picor
1214 852 1269 882 ap.
1309 843 1401 875 Just.
1431 843 1533 874 fuisse
1563 843 1703 882 Aterbae,
1734 843 1788 874 vel

1090 891 1250 930 Atherboe,
1267 893 1354 934 quod
1370 893 1442 924 aliis
1458 895 1466 911 ‘
1482 893 1658 926 Athen-ba!
1681 894 1787 933 Schef.

1134 942 1295 974 Sacerdoti
1321 944 1477 983 Herculis,
1497 945 1550 985 qui
1570 945 1664 976 honos
1684 955 1789 976 secun·

1090 993 1158 1032 dus,
1172 992 1241 1032 Sym]
1270 994 1326 1024 Sic
1344 1002 1451 1024 xvm.
1466 997 1497 1025 6.
1516 997 1567 1025 12.
1605 996 1614 1012 ‘
1628 995 1788 1035 Impube-

1090 1052 1155 1079 res,
1171 1053 1245 1084 quae
1263 1048 1345 1074 aetas
1368 1044 1471 1075 etiam
1493 1044 1634 1076 hostium
1658 1045 1789 1076 miseri-

1089 1094 1237 1124 cordiam
1255 1098 1432 1134 provocat,
1453 1094 1520 1124 aris
1535 1093 1788 1125 admovebant!

1090 1144 1201 1174 Multa
1227 1143 1417 1184 hujusmodi
1442 1148 1478 1175 et
1501 1154 1557 1185 ap.
1587 1145 1669 1175 alios
1696 1148 1788 1176 sunt.

1089 1193 1162 1225 Liv.
1174 1197 1349 1226 xxi11.ll.
1376 1196 1386 1212 ⁴
1400 1195 1603 1235 Magistrum
1620 1195 1787 1236 equitum,

1089 1252 1163 1283 quae
1188 1244 1373 1275 consularis
1397 1249 1548 1285 potestas
1565 1244 1633 1276 sit.'
1677 1246 1787 1278 Quem

1088 1293 1197 1324 locum
1212 1294 1260 1324 sic
1276 1295 1446 1334 emendat,
1470 1300 1504 1326 et
1519 1295 1617 1336 plura
1632 1294 1664 1325 id
1682 1304 1786 1335 genus

1089 1342 1130 1373 ad
1148 1353 1220 1373 eum
1238 1345 1393 1384 congerit
1407 1344 1556 1376 Gronov.
1585 1344 1689 1377 Vorst.
1711 1343 1787 1375 Cic.

1088 1401 1138 1423 lv.
1147 1394 1244 1425 Verr.
1254 1396 1305 1426 61.
1329 1395 1339 1411 ‘
1349 1394 1459 1426 Homo
1469 1395 1665 1436 nobilis‚qni
1676 1404 1787 1426 sacer-

1088 1443 1148 1474 dos
1177 1444 1273 1475 Jovis
1303 1443 1434 1484 suisset,
1471 1445 1527 1486 qui
1561 1445 1665 1477 honos
1695 1444 1786 1486 apud

1087 1497 1318 1538 Syracusanos
1329 1502 1382 1529 est
1392 1498 1626 1539 amplissimus,
1637 1498 1708 1538 agit
1718 1507 1787 1529 me-

1089 1547 1188 1587 cnm‚'
1204 1550 1268 1578 διο.

1132 1598 1149 1638 §
1173 1600 1192 1628 8
1219 1597 1390 1637 Generum]
1417 1597 1447 1628 Ι.
1478 1607 1508 1630 e.
1535 1596 1657 1629 sororis
1687 1596 1787 1627 mari-

1088 1652 1173 1687 tum,
1197 1653 1234 1679 ut
1259 1659 1301 1679 ex
1327 1648 1430 1689 Soph.
1453 1647 1531 1680 OEd.
1555 1648 1594 1679 Τ.
1618 1651 1654 1679 et
1678 1645 1787 1678 Probi

1088 1699 1256 1730 Pausania
1266 1699 1397 1730 notavit
1409 1699 1459 1730 vir
1470 1696 1696 1738 incomparab.
1710 1697 1787 1729 Jac.

1089 1749 1245 1790 Cujacius
1268 1749 1352 1781 Obs.
1375 1758 1426 1781 v1.
1453 1752 1506 1781 17.
1550 1747 1726 1782 Quomodo
1749 1751 1787 1778 et

1087 1800 1278 1840 Ditmarus‚
1293 1805 1328 1831 et
1345 1799 1570 1831 Witiehindus
1585 1798 1674 1829 Saxo
1686 1797 1744 1828 lib.
1761 1805 1788 1828 1.

1086 1850 1217 1891 loquuti
1241 1855 1331 1882 sunt.
1375 1849 1441 1881 Sed
1468 1854 1504 1881 et
1529 1849 1703 1880 Cedrenus
1725 1848 1786 1881 Jo-

1088 1901 1163 1931 thor
1179 1911 1332 1932 socerum
1355 1900 1484 1940 Moysis
1499 1903 1599 1930 vocat
1613 1896 1752 1939 πενθερδν
1765 1897 1786 1935 ἦ

1086 1949 1237 1991 γαμβρόν.
1282 1952 1342 1989 Ut,
1364 1950 1558 1992 quicunqne
1582 1957 1720 1980 uxorem
1736 1949 1785 1981 al-

1087 2001 1152 2031 teri
1170 2001 1242 2040 dat,
1258 2005 1316 2032 aut
1331 1999 1446 2040 filiam,
1461 2004 1520 2030 aut
1535 2009 1694 2039 sororem,
1710 1999 1783 2039 ejus

1086 2050 1230 2091 ‘gener'
1258 2051 1403 2083 dicatur.
1454 2051 1492 2082 F.
1520 2054 1565 2089 et,
1591 2050 1648 2091 qui
1676 2049 1785 2090 ducit,

1086 2100 1232 2141 ‘gener'
1261 2101 1399 2139 dicitur,
1430 2109 1495 2141 quo
1525 2108 1624 2130 sensu
1655 2099 1785 2138 ἐπιγαμ-

1086 2150 1207 2191 βρεύειν
1219 2151 1358 2191 legimus
1374 2150 1496 2181 Matth.
1514 2158 1607 2181 xxu.
1624 2152 1676 2180 24.
1699 2150 1786 2180 Bon-

1083 2211 1170 2240 gars.
1215 2201 1364 2232 Zonaras
1378 2200 1411 2230 in
1426 2199 1602 2230 Stauracio
1624 2199 1784 2239 generale

1087 2250 1285 2281 vocabulum
1304 2249 1492 2289 restringit,
1514 2248 1653 2289 γαμβρὸς
1675 2248 1723 2279 ἐπὶ
1742 2249 1785 2290 τῇ

1087 2300 1217 2341 ἀδελφῇ.
1264 2300 1424 2330 Ceterum
1446 2298 1631 2330 istiusmodi
1648 2299 1784 2330 nomina

1086 2351 1323 2391 cognationum
1348 2355 1383 2380 et
1412 2348 1609 2380 affinitatum
1637 2350 1679 2380 al)
1705 2359 1783 2381 auc-

1087 2403 1216 2434 toribus
1244 2411 1309 2432 non
1338 2401 1594 2433 Jurisconsultis
1622 2400 1784 2432 confundi

1087 2461 1178 2492 saepe
1195 2450 1444 2491 corrumpique,
1460 2450 1673 2481 demonstrat
1697 2459 1782 2490 pra>-

1087 2506 1140 2532 ter
1157 2502 1238 2532 alios
1255 2500 1332 2532 Alb.
1346 2500 1493 2531 Gentilis
1507 2500 1563 2531 lil).
1579 2510 1614 2532 v.
1631 2500 1673 2530 de
1686 2501 1782 2542 Nup-

1086 2551 1142 2582 tiis
1174 2561 1208 2592 p.
1238 2553 1312 2582 448.
1343 2554 1379 2581 et
1407 2559 1479 2591 seq.
1516 2550 1648 2581 Bernec.
1693 2550 1782 2583 Quia

1085 2607 1218 2634 mortuo
1232 2606 1329 2642 patre
1340 2601 1506 2640 Mutgone
1519 2600 1565 2630 illi
1576 2599 1671 2642 quasi
1684 2610 1783 2632 socer

1087 2658 1171 2684 erat.
1216 2653 1269 2683 Ita
1289 2651 1465 2682 Homerus.
1490 2650 1567 2681 Fab.

1139 2702 1226 2742 Sine,
1253 2702 1319 2743 ssa]
1355 2699 1517 2741 ·Ai›sque
1547 2710 1582 2741 p.
1608 2699 1649 2731 r.’
1677 2700 1780 2732 etiam

1086 2753 1170 2785 dixit
1185 2754 1273 2784 Saxo
1290 2761 1313 2782 1.
1333 2761 1365 2791 p.
1382 2753 1431 2781 19.
1448 2751 1524 2781 init.

1138 2805 1155 2844 ς
1182 2806 1221 2833 10
1252 2802 1381 2842 Cupidoe
1410 2800 1585 2842 oblivionis]
1619 2801 1780 2842 Plerique

1086 2854 1170 2885 Mss.
1191 2853 1317 2883 habent
1344 2851 1524 2882 oblivionem
1546 2851 1599 2882 vel
1623 2851 1781 2884 oblivione.

1086 2903 1139 2934 An
1158 2912 1237 2933 vera
1253 2903 1333 2932 lect.
1349 2899 1555 2933 oblivionum?
1569 2911 1646 2932 num
1663 2902 1781 2942 cnpt'doe

1083 2952 1261 2985 oblivionem
1270 2951 1368 2992 dixit,
1377 2955 1511 2982 secutus
1523 2951 1555 2982 in
1568 2951 1695 2984 verbali
1706 2961 1783 2983 con-
