2101 3419
385 351 470 394 876
846 359 987 390 NOTAE

427 456 444 495 ξ
461 457 480 485 6
505 453 594 489 Quod
608 452 737 485 occisum
743 452 900 493 juvenem,
911 452 979 493 ἔξω]
999 453 1078 484 Tac.

383 505 449 545 Ag.
462 514 492 536 c.
508 507 561 535 45.
576 505 585 522 ‘
601 504 783 544 Praecipua
798 503 860 535 sub
879 502 1078 534 Domitiano

381 554 593 585 miseriarum
614 562 691 593 pars
711 556 797 593 erat,
811 552 928 584 videre
941 556 976 583 et
992 552 1078 593 aspi-

380 607 413 638 ci
427 617 435 638 :
452 616 528 637 cum
543 605 687 646 suspiria
701 609 818 636 nostra
828 604 1078 635 subscriberen-

380 661 458 688 tur:
494 666 570 687 cum
601 654 801 686 denotandis
827 658 880 685 tot
905 654 1077 685 hominum

379 706 562 747 palloribus
575 704 743 736 sufficeret
752 714 859 736 saevus
870 703 928 734 ille
941 702 1076 734 vultus!

378 756 488 789 Quem
505 755 547 786 ad
572 756 596 786 l.
621 754 767 795 egregie,
790 757 828 785 ut
849 753 949 793 solet,
972 752 1023 783 vir
1038 756 1075 784 et

376 805 503 836 amicus
541 814 681 845 magnus
727 803 833 835 Mich.
869 801 1073 842 Virdungus.

377 855 478 886 Rern.

420 906 473 945 §7
495 902 734 945 Superfuerant]
758 903 842 943 Pro,
862 905 1071 944 supererant.

376 954 478 988 Quod
500 958 645 994 apparet
671 963 713 984 ex
736 963 776 985 eo
793 953 882 994 quod
907 953 1071 994 sequitur,

373 1007 383 1024 ‘
400 1007 459 1048 qui
487 1004 693 1037 exercitibus
723 1004 917 1046 praeerantss
975 1005 1071 1035 Plus-

373 1066 472 1098 quam
489 1055 678 1096 perfectum
695 1055 773 1095 poni
794 1064 854 1096 pro
870 1053 1071 1095 imperfecto

373 1116 441 1137 non
470 1107 617 1137 insolens
645 1109 720 1137 est:
759 1104 924 1147 quomodo
950 1109 1071 1135 contra

370 1155 607 1197 imperfectum
635 1155 773 1196 ponitur
802 1164 864 1195 pro
894 1154 1070 1194 plusquam

370 1206 537 1247 perfecto.
571 1206 649 1237 Vid.
675 1205 784 1237 Notas
806 1205 848 1236 ad
869 1213 952 1236 xm.
969 1207 999 1236 2.
1016 1207 1067 1236 11.

370 1257 520 1298 itemque
537 1255 701 1288 Gronovii
718 1254 762 1286 ad
776 1254 851 1286 Liv.
867 1262 993 1286 xxxw.
1016 1257 1067 1286 ll.

376 1307 480 1338 Vorst.

413 1361 454 1389 10
468 1356 671 1398 Lysimachus
684 1358 812 1396 quatuor
826 1358 856 1386 et
871 1355 1069 1394 septuaginta

368 1417 462 1438 annos
481 1411 573 1438 natus
598 1406 680 1446 erat]
713 1408 764 1436 80.
795 1414 957 1435 annorum
985 1403 1068 1435 facit

367 1458 606 1499 Lysimachum
635 1457 873 1498 Hieronymus,
905 1465 980 1487 cum
1010 1465 1065 1487 oc-

367 1509 544 1540 cumberet
570 1508 604 1538 in
626 1507 744 1548 praelio
767 1506 927 1537 adversus
948 1506 1065 1537 Seleu-

368 1569 457 1590 cum.
470 1559 548 1589 vid.
563 1558 704 1589 Lucian.
719 1557 760 1588 de
772 1555 959 1597 Longaevis.
979 1556 1064 1586 Voss.

410 1611 427 1650 ᾧ
445 1612 482 1640 11
504 1608 675 1648 .Ῑιιι·εηὶῐεε]
693 1607 956 1646 Μεε.,]ἰιυεηα1ε.ς.·
973 1607 1062 1647 quod

367 1658 479 1699 reperi
495 1658 608 1689 multis
626 1658 728 1689 etiam
744 1658 825 1688 locis
841 1657 874 1687 in
897 1657 1061 1687 membra·

365 1711 417 1742 nis
435 1711 521 1742 Livii
537 1715 572 1741 et
588 1711 753 1747 Senecae3
776 1713 811 1740 et
827 1708 913 1739 dixit
938 1709 1059 1739 Horat.

364 1761 398 1791 in
417 1760 517 1792 Arte:
542 1763 551 1778 ‘
569 1761 642 1791 Nec
656 1760 793 1790 nimium
817 1759 942 1790 teneris
961 1759 1060 1798 juve-

363 1816 487 1842 neutur
516 1810 667 1841 versibus
698 1808 877 1850 umquam-¹
921 1809 989 1840 Sed
1017 1808 1060 1839 de

362 1861 425 1892 hac
446 1870 483 1891 re
510 1860 608 1900 plura
624 1869 698 1890 cum
723 1859 800 1890 Deo
816 1857 857 1889 ad
874 1858 983 1899 ipsum
1005 1858 1060 1888 Li-

363 1911 465 1942 vium.
489 1911 576 1941 Mod.

403 1962 420 2001 §
439 1962 478 1990 12
501 1958 667 1997 Angustiis
677 1956 814 1996 sibimet]
838 1957 1058 1995 Junt.angus-

359 2010 402 2042 tis
431 2010 490 2041 sibi
514 2008 613 2040 metis.
648 2007 765 2038 Graev.
823 2006 966 2038 Juntina
991 2016 1057 2038 non

360 2060 530 2100 displicet.
557 2057 660 2095 Scltef.

404 2110 491 2141 CAP.
507 2118 548 2140 Π.
575 2109 592 2149 ᾧ
610 2111 626 2139 1
651 2108 690 2139 In
705 2117 738 2138 eo
753 2107 828 2138 bello
842 2107 1056 2148 Lysimachus]

358 2162 491 2192 Praeter
506 2161 609 2190 Paus.
636 2163 671 2190 et
692 2158 805 2190 Strab.
823 2159 889 2190 vid.
904 2158 1054 2200 Appian.

358 2211 487 2252 Syriae.
509 2211 613 2249 Bong.

401 2262 475 2292 Non
494 2259 664 2299 instrenue]
697 2260 780 2291 Mss.
805 2269 935 2300 omnes,
957 2264 995 2291 ut
1019 2264 1054 2291 et

356 2312 452 2344 Junt.
465 2321 522 2342 mm
537 2314 670 2342 strenue.
703 2309 758 2341 Ab
774 2311 925 2342 omnibus
940 2316 1053 2342 tamen

356 2361 483 2392 dicitur
504 2361 537 2391 in
562 2360 680 2401 proelio
704 2361 898 2392 occubuisse
914 2361 947 2391 in
964 2371 1053 2392 cam-

355 2412 407 2452 pis
425 2411 514 2442 Cori.
558 2411 612 2442 Sic
625 2411 724 2450 paulo
741 2415 817 2451 post
829 2420 942 2442 rursus
954 2411 1051 2444 Junt.

355 2471 432 2492 cum
448 2461 601 2492 omnibus
615 2461 698 2491 Mss.
713 2460 892 2492 ambitiosus
905 2463 944 2492 ad
958 2472 1052 2502 popu-

354 2513 433 2542 lares
447 2514 535 2542 esset.
581 2510 678 2542 Quod
700 2511 817 2541 mirum
840 2521 900 2542 cur
914 2521 1051 2552 spreve-

354 2562 433 2592 rint.
478 2561 531 2592 Ad
559 2561 648 2591 enim
675 2570 746 2601 pro,
779 2562 883 2601 apud,
911 2561 1050 2594 infinitis

352 2611 435 2642 locis
453 2621 507 2651 ap.
535 2610 660 2651 priscos
687 2610 874 2651 scriptores
900 2612 1048 2653 ponitur.

354 2661 427 2692 Liv.
454 2669 556 2692 xxiv.
580 2663 635 2692 48.
656 2661 665 2677 ‘
683 2662 725 2694 Q.
752 2661 904 2692 Statorio
928 2671 1048 2693 nomen

352 2711 426 2751 fuit,
442 2711 498 2753 qui
515 2712 556 2742 ad
578 2721 691 2752 regem
709 2712 893 2744 remansit!
926 2712 998 2744 Cic.
1013 2722 1046 2744 v.

352 2763 445 2793 Fam.
472 2765 523 2793 10.
545 2763 554 2779 ‘
569 2761 623 2792 Ad
646 2762 812 2793 Caesarem
841 2772 948 2794 meam
971 2772 1047 2794 cau-

354 2821 425 2841 sam
451 2811 550 2851 agas.'
582 2811 634 2842 Id.
662 2819 698 2843 x.
722 2811 764 2842 ad
791 2811 866 2843 Att.
893 2814 902 2830 ‘
923 2811 976 2843 Ad
993 2822 1046 2844 me

350 2864 436 2894 bene
462 2873 557 2894 mane
582 2862 763 2903 Dionysius
792 2861 881 2894 fuit!
925 2863 970 2894 Et
997 2864 1046 2894 sic

348 2913 483 2944 Terent.
508 2913 594 2944 Caes.
620 2912 743 2954 aliique
762 2913 906 2945 maxime
932 2913 1045 2945 idonei

1021 358 1284 391 VARIORUM
1317 359 1368 390 IN

1129 451 1260 483 Latinae
1275 451 1399 491 linguae
1415 453 1581 482 auctores.
1613 449 1720 481 Graev.

1171 503 1188 542 ᾗ
1211 505 1232 533 2
1253 502 1370 541 Lectus,
1394 501 1463 542 δῖα]
1494 502 1656 531 Memnon
1680 503 1732 531 13.
1770 498 1827 532 Σέ-

1126 557 1235 582 λευκος
1249 550 1293 590 δὲ,
1309 552 1375 582 τοῖς
1391 548 1630 591 κατωρθωμένοις
1644 549 1725 580 κατὰ
1738 553 1828 581 Λυσι-

1126 599 1228 640 μάχου
1243 600 1391 642 ἐπαρθεὶς,
1414 600 1456 633 εἷς
1478 601 1537 639 τὴν
1553 600 1743 632 Μακεδονίαν
1764 602 1826 631 δια-

1126 650 1242 686 βαίνειν
1256 651 1388 693 ὥρμητο,
1402 650 1493 682 πόθον
1509 650 1590 691 ἔχων
1602 652 1659 688 τῆς
1671 650 1827 691 πατρίδος,

1127 702 1159 742 ἐξ
1177 701 1213 739 ἧς
1229 701 1285 733 σὺν
1298 701 1484 744 Ἀλεξάνδρῳ
1511 701 1721 744 ἐστρατεύετο,
1737 703 1829 734 'canei‘

1124 753 1181 783 τοῦ
1195 752 1265 788 βίου
1278 751 1316 783 τὸ
1328 753 1438 784 λεῖπον
1453 752 1600 793 διανύσαι,
1620 752 1745 794 ’γηραιὸς
1765 753 1825 790 ἤδη

1124 802 1176 843 ὢν,
1195 803 1411 843 διανοούμενος,
1421 802 1480 840 τὴν
1489 802 1521 834 δὲ
1537 801 1644 834 Ἀσίαν
1657 801 1823 842 Ἀντιγόνῳ

1123 854 1204 897 (leg.
1220 853 1385 896 Ἀντιόχῳ)
1398 852 1583 894 παραθέσθαι
1597 855 1643 892 τῷ
1656 853 1747 884 παιδῖ.

1165 905 1216 935 De
1229 904 1353 935 cohorte
1369 903 1559 943 Alexandri]
1597 904 1649 934 Ea
1673 904 1682 920 ‘
1701 903 1820 934 cohors

1121 953 1236 994 regia'
1261 952 1338 992 fuit,
1359 956 1398 983 ut
1425 963 1461 984 v.
1485 956 1536 984 11.
1553 955 1586 984 9.
1616 953 1822 994 appellatur.

1126 1004 1228 1035 Vorst.
1247 1003 1258 1020 ‘
1274 1004 1329 1034 De
1346 1002 1385 1034 e.’
1400 1003 1423 1034 i.
1437 1013 1466 1034 e.
1483 1012 1526 1033 ex
1542 1002 1715 1042 proximis,
1727 1002 1823 1033 farni-

1119 1053 1269 1092 liaribus,
1298 1056 1337 1083 ut
1366 1052 1614 1092 interpretatur
1642 1051 1737 1083 Avus
1765 1060 1820 1083 lv.

1121 1103 1207 1134 Obs.
1226 1105 1276 1133 10.
1293 1112 1325 1143 p.
1343 1104 1416 1133 158.

1163 1154 1180 1193 §
1203 1155 1222 1183 3
1247 1151 1449 1191 Fragilitatis
1462 1150 1620 1192 humanae]
1644 1151 1746 1192 Cujus
1763 1150 1821 1182 ad-

1119 1212 1259 1234 monens
1283 1203 1409 1244 Cyrum
1436 1203 1594 1234 Croesus:
1617 1203 1627 1219 ‘
1646 1203 1820 1234 Humana·

1117 1263 1191 1283 rum
1207 1262 1319 1283 rerum
1333 1253 1479 1283 circulus
1495 1252 1572 1292 est‚’
1588 1252 1713 1293 inquit,
1733 1253 1743 1270 ‘
1759 1253 1817 1294 qui

1118 1306 1260 1342 rotatus,
1288 1311 1422 1342 semper
1457 1303 1593 1334 eosdem
1623 1301 1815 1334 fortunatos

1117 1361 1191 1383 esse
1204 1361 1270 1382 non
1287 1351 1388 1383 sinit?
1411 1351 1579 1385 Herodot.
1595 1362 1619 1384 1.
1636 1355 1711 1384 20⁷.
1735 1353 1815 1384 Ber.

1159 1403 1177 1443 ξ
1200 1405 1220 1432 4
1250 1401 1279 1433 A
1304 1401 1486 1441 Ptolemaeo]
1514 1402 1679 1434 Cerauno.
1728 1403 1816 1435 Erat

1114 1451 1168 1482 hic
1185 1451 1272 1483 filius
1295 1452 1474 1483 Ptolemaei
1489 1452 1632 1492 Soteris,
1647 1456 1682 1484 et
1703 1452 1812 1493 Eury-

1114 1502 1205 1533 dices
1213 1501 1383 1543 Antipatri
1393 1501 1482 1534 ffliae.
1496 1501 1815 1544 Appianus‚quiSe-

1113 1553 1247 1583 leucum
1258 1555 1311 1583 73.
1329 1561 1432 1582 annos
1443 1551 1568 1583 vixisse
1580 1552 1710 1589 scribit,
1722 1552 1813 1593 quod

1113 1614 1188 1635 cum
1205 1604 1259 1643 iis,
1283 1614 1358 1645 quae
1379 1604 1468 1636 Just.
1497 1613 1573 1644 sup.
1599 1605 1812 1643 retulit,non

1113 1654 1280 1694 congruit.
1297 1654 1455 1693 Bongars.
1489 1654 1622 1686 Seleuci
1639 1653 1811 1686 Nicatoris

1112 1714 1132 1734 a
1148 1704 1331 1735 Ptolemaeo
1355 1704 1508 1735 Cerauno
1531 1704 1636 1736 occisi
1658 1705 1811 1737 meminit

1111 1759 1146 1785 et
1161 1755 1314 1786 Plin.v1.
1332 1754 1376 1785 H.
1394 1755 1439 1786 N.
1458 1757 1508 1786 ll.
1534 1755 1630 1786 Bern.

1153 1805 1191 1835 Ιιι
1204 1804 1400 1836 matrimonio
1411 1804 1574 1844 habuerat]
1591 1804 1809 1846 Antiquiores

1110 1855 1200 1895 typis
1231 1864 1326 1895 expr.
1355 1855 1389 1885 in
1417 1854 1645 1885 matrimonium
1673 1855 1706 1885 lz.
1750 1855 1807 1886 De

1108 1915 1174 1946 quo
1198 1915 1322 1945 genere
1348 1905 1556 1944 antiptoseos
1580 1905 1650 1945 agit
1672 1905 1760 1937 Gell.
1780 1914 1805 1937 1.

1109 1959 1159 1987 17.
1176 1956 1324 1997 itemque
1342 1955 1512 1987 Vechner.
1530 1954 1700 1986 Hellenol.
1714 1964 1741 1987 1.
1754 1958 1805 1987 16.

1113 2006 1185 2037 Vor.

1150 2057 1166 2096 ξ
1189 2058 1210 2086 6
1234 2056 1311 2085 Cum
1323 2058 1353 2086 et
1368 2055 1401 2085 in
1413 2054 1565 2094 gratiam,
1578 2055 1646 2095 ἔξω]
1663 2055 1803 2087 Mallem

1103 2107 1219 2146 legere
1241 2115 1309 2136 cum
1330 2108 1361 2136 et
1381 2105 1489 2145 gratia
1514 2115 1556 2136 m.
1571 2115 1611 2137 m.
1627 2106 1668 2138 P.
1687 2107 1804 2147 patris,

1103 2159 1168 2187 tum
1175 2155 1288 2194 favore
1301 2156 1370 2194 ult„
1382 2158 1434 2195 &a
1459 2155 1566 2186 Gron.

1145 2210 1241 2250 Apud
1272 2206 1448 2248 populares]
1486 2207 1597 2237 Etiam
1627 2205 1680 2237 hic
1714 2205 1800 2238 Mss.

1104 2259 1217 2300 plures
1234 2258 1407 2289 habentad
1419 2267 1490 2297 pop.
1507 2266 1630 2297 genere
1643 2257 1802 2297 loquendi

1103 2309 1239 2350 optimis
1251 2307 1473 2348 scriptoribus
1486 2311 1583 2338 sueto
1596 2316 1634 2338 ac
1647 2313 1800 2348 recepto.

1103 2361 1176 2392 Cic.
1193 2359 1280 2391 Phil.
1301 2359 1311 2376 ⁴
1327 2358 1439 2389 Etiam
1463 2358 1504 2389 ad
1532 2357 1659 2390 inferos
1684 2368 1801 2399 poenas

1101 2409 1271 2452 parricidii
1282 2408 1398 2441 luent!
1425 2408 1539 2441 Quare
1550 2408 1704 2449 suspicor
1714 2408 1798 2440 illud

1099 2463 1181 2502 apud
1196 2461 1231 2492 in
1247 2459 1391 2501 vulgatis
1406 2469 1471 2490 non
1487 2459 1611 2491 Justiui
1628 2468 1716 2499 esse,
1740 2468 1797 2491 ve-

1101 2521 1173 2542 rum
1212 2509 1418 2551 glossatoris.
1463 2509 1550 2540 Haec
1580 2509 1796 2549 scripseram,

1099 2571 1173 2593 cum
1190 2561 1257 2592 vidi
1274 2565 1404 2602 postea,
1417 2559 1518 2591 etiam
1536 2558 1707 2590 Graevium
1721 2569 1794 2591 esse

1098 2613 1131 2644 in
1148 2614 1209 2644 hac
1225 2611 1404 2644 sententia.
1426 2609 1530 2648 Schef.

1140 2665 1157 2704 ς
1180 2666 1200 2694 7
1224 2663 1407 2693 Ptolemaeus
1431 2660 1556 2701 nuptias
1576 2659 1725 2692 Arsinn'e's
1744 2670 1793 2691 so-

1096 2714 1179 2744 roris
1192 2712 1270 2752 ενα]
1304 2713 1359 2743 De
1376 2711 1563 2742 Ptolemaeo
1580 2710 1657 2750 isto,
1669 2720 1793 2751 coguo-

1096 2764 1185 2795 mine
1214 2763 1382 2800 Cerauno,
1416 2760 1524 2801 deque
1564 2761 1690 2801 nuptiis
1718 2761 1792 2801 ejus

1096 2825 1171 2846 curn
1188 2822 1302 2845 sorore
1315 2811 1471 2851 Arsinoe,
1482 2810 1633 2851 pluribus
1646 2810 1716 2852 agit
1729 2810 1792 2844 inf.

1097 2873 1199 2895 xxiv.
1217 2866 1247 2894 1.
1263 2866 1300 2893 et
1313 2864 1343 2893 2.
1371 2860 1445 2892 Vor.

1138 2916 1155 2955 ξ
1181 2916 1220 2945 10
1245 2913 1395 2952 Omnique
1416 2913 1485 2942 arte
1499 2910 1642 2942 adulatur
1658 2910 1790 2942 Eumeni
