<?xml version="1.0" encoding="UTF-8"?>
<!DOCTYPE html PUBLIC "-//W3C//DTD XHTML 1.0 Transitional//EN"
    "http://www.w3.org/TR/xhtml1/DTD/xhtml1-transitional.dtd">
<html xmlns="http://www.w3.org/1999/xhtml" xml:lang="en" lang="en">
 <head>
  <title>
</title>
<meta http-equiv="Content-Type" content="text/html;charset=utf-8" />
  <meta name='ocr-system' content='tesseract 3.04.00' />
  <meta name='ocr-capabilities' content='ocr_page ocr_carea ocr_par ocr_line ocrx_word'/>
</head>
<body>
  <div class='ocr_page' id='page_1' title='image "./historiaephilipp02just/historiaephilipp02just_0021.png"; bbox 0 0 2174 3424; ppageno 0'>
   <div class='ocr_carea' id='block_1_1' title="bbox 664 372 1264 412">
    <p class='ocr_par' dir='ltr' id='par_1_1' title="bbox 664 372 1264 412">
     <span class='ocr_line' id='line_1_1' title="bbox 664 372 1264 412; baseline -0.002 -2"><span class='ocrx_word' id='word_1_1' title='bbox 664 378 858 410; x_wconf 82' lang='lat' dir='ltr'>JUSTINI</span> <span class='ocrx_word' id='word_1_2' title='bbox 897 379 987 410; x_wconf 79' lang='lat' dir='ltr'>mss.</span> <span class='ocrx_word' id='word_1_3' title='bbox 1020 381 1051 410; x_wconf 83' lang='lat'>1.</span> <span class='ocrx_word' id='word_1_4' title='bbox 1085 381 1192 410; x_wconf 75' lang='lat' dir='ltr'>cAP.</span> <span class='ocrx_word' id='word_1_5' title='bbox 1223 372 1264 412; x_wconf 77' lang='grc'>2.</span> 
     </span>
    </p>
   </div>
   <div class='ocr_carea' id='block_1_2' title="bbox 242 471 950 2967">
    <p class='ocr_par' dir='ltr' id='par_1_2' title="bbox 247 471 943 613">
     <span class='ocr_line' id='line_1_2' title="bbox 248 471 942 515; baseline -0.004 -10"><span class='ocrx_word' id='word_1_6' title='bbox 248 482 394 515; x_wconf 90' lang='lat' dir='ltr'>unquam</span> <span class='ocrx_word' id='word_1_7' title='bbox 420 471 544 504; x_wconf 86' lang='lat' dir='ltr'>victam</span> <span class='ocrx_word' id='word_1_8' title='bbox 569 471 712 510; x_wconf 89' lang='lat' dir='ltr'>scribit;</span> <span class='ocrx_word' id='word_1_9' title='bbox 740 480 852 513; x_wconf 89' lang='lat' dir='ltr'>neque</span> <span class='ocrx_word' id='word_1_10' title='bbox 879 480 942 512; x_wconf 84' lang='lat' dir='ltr'>ego</span> 
     </span>
     <span class='ocr_line' id='line_1_3' title="bbox 247 522 943 563; baseline -0.003 -8"><span class='ocrx_word' id='word_1_11' title='bbox 247 524 349 555; x_wconf 81' lang='lat' dir='ltr'>etiam</span> <span class='ocrx_word' id='word_1_12' title='bbox 379 522 482 554; x_wconf 91' lang='lat' dir='ltr'>credo</span> <span class='ocrx_word' id='word_1_13' title='bbox 505 522 760 554; x_wconf 86' lang='lat' dir='ltr'>Semiramidem</span> <span class='ocrx_word' id='word_1_14' title='bbox 782 531 821 553; x_wconf 86' lang='lat' dir='ltr'>eo</span> <span class='ocrx_word' id='word_1_15' title='bbox 839 532 943 563; x_wconf 85' lang='lat' dir='ltr'>usque</span> 
     </span>
     <span class='ocr_line' id='line_1_4' title="bbox 247 573 899 613; baseline -0.002 -9"><span class='ocrx_word' id='word_1_16' title='bbox 247 573 440 605; x_wconf 85' lang='lat' dir='ltr'>extendisse</span> <span class='ocrx_word' id='word_1_17' title='bbox 456 573 588 613; x_wconf 87' lang='lat' dir='ltr'>imperii</span> <span class='ocrx_word' id='word_1_18' title='bbox 606 573 778 604; x_wconf 54' lang='lat' dir='ltr'>terminos</span> <span class='ocrx_word' id='word_1_19' title='bbox 809 573 899 604; x_wconf 77' lang='lat' dir='ltr'>Glar.</span> 
     </span>
    </p>

    <p class='ocr_par' dir='ltr' id='par_1_3' title="bbox 242 623 948 1765">
     <span class='ocr_line' id='line_1_5' title="bbox 289 623 943 664; baseline 0 -10"><span class='ocrx_word' id='word_1_20' title='bbox 289 624 306 664; x_wconf 56' lang='grc' dir='ltr'><strong>ξ</strong></span> <span class='ocrx_word' id='word_1_21' title='bbox 327 625 348 654; x_wconf 89' lang='grc'>9</span> <span class='ocrx_word' id='word_1_22' title='bbox 371 623 434 654; x_wconf 84' lang='lat' dir='ltr'>Sed</span> <span class='ocrx_word' id='word_1_23' title='bbox 445 626 476 654; x_wconf 85' lang='lat' dir='ltr'>et</span> <span class='ocrx_word' id='word_1_24' title='bbox 493 623 593 654; x_wconf 79' lang='lat' dir='ltr'>Indiae</span> <span class='ocrx_word' id='word_1_25' title='bbox 608 623 718 654; x_wconf 81' lang='lat' dir='ltr'>bellum</span> <span class='ocrx_word' id='word_1_26' title='bbox 733 623 842 654; x_wconf 80' lang='lat' dir='ltr'>intulit</span> <span class='ocrx_word' id='word_1_27' title='bbox 852 634 865 660; x_wconf 88' lang='lat'><em>;</em></span> <span class='ocrx_word' id='word_1_28' title='bbox 886 633 943 663; x_wconf 79' lang='lat' dir='ltr'>quo</span> 
     </span>
     <span class='ocr_line' id='line_1_6' title="bbox 242 673 945 714; baseline 0 -11"><span class='ocrx_word' id='word_1_29' title='bbox 242 676 360 714; x_wconf 81' lang='lat' dir='ltr'>praeter</span> <span class='ocrx_word' id='word_1_30' title='bbox 374 673 472 712; x_wconf 81' lang='lat' dir='ltr'>illam,</span> <span class='ocrx_word' id='word_1_31' title='bbox 495 676 525 704; x_wconf 85' lang='lat' dir='ltr'>et</span> <span class='ocrx_word' id='word_1_32' title='bbox 545 673 758 704; x_wconf 77' lang='lat' dir='ltr'><em>Alexandrum</em></span> <span class='ocrx_word' id='word_1_33' title='bbox 779 673 945 713; x_wconf 79' lang='lat' dir='ltr'>Magnum,</span> 
     </span>
     <span class='ocr_line' id='line_1_7' title="bbox 244 722 943 763; baseline -0.001 -9"><span class='ocrx_word' id='word_1_34' title='bbox 244 732 331 754; x_wconf 83' lang='lat' dir='ltr'>nemo</span> <span class='ocrx_word' id='word_1_35' title='bbox 357 723 505 763; x_wconf 76' lang='lat' dir='ltr'>intravit]</span> <span class='ocrx_word' id='word_1_36' title='bbox 530 722 790 763; x_wconf 79' lang='lat' dir='ltr'>Expeditionem</span> <span class='ocrx_word' id='word_1_37' title='bbox 811 723 943 753; x_wconf 88' lang='lat' dir='ltr'>Hercu-</span> 
     </span>
     <span class='ocr_line' id='line_1_8' title="bbox 244 771 944 812; baseline -0.001 -10"><span class='ocrx_word' id='word_1_38' title='bbox 244 772 285 802; x_wconf 90' lang='lat' dir='ltr'>lis</span> <span class='ocrx_word' id='word_1_39' title='bbox 298 771 353 803; x_wconf 91' lang='lat' dir='ltr'>hic</span> <span class='ocrx_word' id='word_1_40' title='bbox 370 772 498 803; x_wconf 86' lang='lat' dir='ltr'>Noster</span> <span class='ocrx_word' id='word_1_41' title='bbox 513 771 637 803; x_wconf 90' lang='lat' dir='ltr'>oblitus</span> <span class='ocrx_word' id='word_1_42' title='bbox 659 775 724 811; x_wconf 91' lang='lat' dir='ltr'>est,</span> <span class='ocrx_word' id='word_1_43' title='bbox 746 771 804 812; x_wconf 85' lang='lat' dir='ltr'>qui</span> <span class='ocrx_word' id='word_1_44' title='bbox 829 771 944 802; x_wconf 86' lang='lat' dir='ltr'>multis</span> 
     </span>
     <span class='ocr_line' id='line_1_9' title="bbox 245 821 945 863; baseline -0.003 -9"><span class='ocrx_word' id='word_1_45' title='bbox 245 826 324 854; x_wconf 89' lang='lat' dir='ltr'>ante</span> <span class='ocrx_word' id='word_1_46' title='bbox 336 823 458 854; x_wconf 88' lang='lat' dir='ltr'>seculis</span> <span class='ocrx_word' id='word_1_47' title='bbox 473 822 506 853; x_wconf 91' lang='lat' dir='ltr'>id</span> <span class='ocrx_word' id='word_1_48' title='bbox 523 822 697 863; x_wconf 82' lang='lat' dir='ltr'>praestitit,</span> <span class='ocrx_word' id='word_1_49' title='bbox 718 821 806 863; x_wconf 91' lang='lat' dir='ltr'>quod</span> <span class='ocrx_word' id='word_1_50' title='bbox 824 826 945 862; x_wconf 90' lang='lat' dir='ltr'>postea</span> 
     </span>
     <span class='ocr_line' id='line_1_10' title="bbox 245 871 945 913; baseline -0.003 -9"><span class='ocrx_word' id='word_1_51' title='bbox 245 871 453 904; x_wconf 80' lang='lat' dir='ltr'>Alexander.</span> <span class='ocrx_word' id='word_1_52' title='bbox 507 871 623 913; x_wconf 86' lang='lat' dir='ltr'>Atque</span> <span class='ocrx_word' id='word_1_53' title='bbox 660 872 745 903; x_wconf 89' lang='lat' dir='ltr'>adeo</span> <span class='ocrx_word' id='word_1_54' title='bbox 773 871 807 902; x_wconf 92' lang='lat' dir='ltr'>id</span> <span class='ocrx_word' id='word_1_55' title='bbox 843 872 945 902; x_wconf 85' lang='lat' dir='ltr'>miror</span> 
     </span>
     <span class='ocr_line' id='line_1_11' title="bbox 246 924 943 965; baseline -0.001 -11"><span class='ocrx_word' id='word_1_56' title='bbox 246 924 350 954; x_wconf 89' lang='lat' dir='ltr'>etiam</span> <span class='ocrx_word' id='word_1_57' title='bbox 367 924 486 964; x_wconf 87' lang='lat' dir='ltr'>magis,</span> <span class='ocrx_word' id='word_1_58' title='bbox 499 924 588 965; x_wconf 89' lang='lat' dir='ltr'>quod</span> <span class='ocrx_word' id='word_1_59' title='bbox 604 924 677 964; x_wconf 87' lang='lat' dir='ltr'>ipse</span> <span class='ocrx_word' id='word_1_60' title='bbox 692 924 818 956; x_wconf 83' lang='lat' dir='ltr'>Justin.</span> <span class='ocrx_word' id='word_1_61' title='bbox 831 933 897 955; x_wconf 76' lang='grc' dir='ltr'>ΧΠ.</span> <span class='ocrx_word' id='word_1_62' title='bbox 911 927 943 955; x_wconf 84' lang='grc'>7.</span> 
     </span>
     <span class='ocr_line' id='line_1_12' title="bbox 245 973 944 1015; baseline 0 -11"><span class='ocrx_word' id='word_1_63' title='bbox 245 973 358 1005; x_wconf 90' lang='lat' dir='ltr'>dicat:</span> <span class='ocrx_word' id='word_1_64' title='bbox 398 975 407 991; x_wconf 87' lang='lat'>‘</span> <span class='ocrx_word' id='word_1_65' title='bbox 422 974 611 1015; x_wconf 83' lang='lat' dir='ltr'>Peragrata</span> <span class='ocrx_word' id='word_1_66' title='bbox 644 973 757 1013; x_wconf 87' lang='lat' dir='ltr'>India,</span> <span class='ocrx_word' id='word_1_67' title='bbox 794 983 870 1005; x_wconf 88' lang='lat' dir='ltr'>cum</span> <span class='ocrx_word' id='word_1_68' title='bbox 902 973 944 1005; x_wconf 88' lang='lat' dir='ltr'>ad</span> 
     </span>
     <span class='ocr_line' id='line_1_13' title="bbox 244 1023 945 1064; baseline -0.001 -10"><span class='ocrx_word' id='word_1_69' title='bbox 244 1033 362 1054; x_wconf 83' lang='lat' dir='ltr'>saxum</span> <span class='ocrx_word' id='word_1_70' title='bbox 378 1023 471 1054; x_wconf 84' lang='lat' dir='ltr'>mirae</span> <span class='ocrx_word' id='word_1_71' title='bbox 483 1023 677 1064; x_wconf 83' lang='lat' dir='ltr'>asperitatis</span> <span class='ocrx_word' id='word_1_72' title='bbox 692 1028 727 1055; x_wconf 93' lang='lat' dir='ltr'>et</span> <span class='ocrx_word' id='word_1_73' title='bbox 743 1023 945 1064; x_wconf 77' lang='lat' dir='ltr'>altitudinis,</span> 
     </span>
     <span class='ocr_line' id='line_1_14' title="bbox 245 1073 944 1115; baseline 0 -11"><span class='ocrx_word' id='word_1_74' title='bbox 245 1073 281 1104; x_wconf 92' lang='lat' dir='ltr'>in</span> <span class='ocrx_word' id='word_1_75' title='bbox 312 1074 402 1115; x_wconf 90' lang='lat' dir='ltr'>quod</span> <span class='ocrx_word' id='word_1_76' title='bbox 425 1074 524 1105; x_wconf 90' lang='lat' dir='ltr'>multi</span> <span class='ocrx_word' id='word_1_77' title='bbox 553 1074 670 1114; x_wconf 91' lang='lat' dir='ltr'>populi</span> <span class='ocrx_word' id='word_1_78' title='bbox 706 1073 944 1114; x_wconf 85' lang='lat' dir='ltr'>confugerant,</span> 
     </span>
     <span class='ocr_line' id='line_1_15' title="bbox 246 1124 944 1164; baseline 0 -10"><span class='ocrx_word' id='word_1_79' title='bbox 246 1124 468 1164; x_wconf 88' lang='lat' dir='ltr'>pervenisset,</span> <span class='ocrx_word' id='word_1_80' title='bbox 491 1124 668 1164; x_wconf 83' lang='lat' dir='ltr'>cognoscit</span> <span class='ocrx_word' id='word_1_81' title='bbox 692 1124 878 1155; x_wconf 89' lang='lat' dir='ltr'>Herculem</span> <span class='ocrx_word' id='word_1_82' title='bbox 903 1124 944 1155; x_wconf 91' lang='lat' dir='ltr'>ab</span> 
     </span>
     <span class='ocr_line' id='line_1_16' title="bbox 246 1173 946 1214; baseline 0 -10"><span class='ocrx_word' id='word_1_83' title='bbox 246 1174 497 1214; x_wconf 83' lang='lat' dir='ltr'>expugnatione</span> <span class='ocrx_word' id='word_1_84' title='bbox 509 1173 660 1214; x_wconf 87' lang='lat' dir='ltr'>ejusdem</span> <span class='ocrx_word' id='word_1_85' title='bbox 675 1174 746 1205; x_wconf 89' lang='lat' dir='ltr'>saxi</span> <span class='ocrx_word' id='word_1_86' title='bbox 760 1178 861 1205; x_wconf 84' lang='lat' dir='ltr'>terrae</span> <span class='ocrx_word' id='word_1_87' title='bbox 875 1183 946 1205; x_wconf 90' lang='lat' dir='ltr'>mo-</span> 
     </span>
     <span class='ocr_line' id='line_1_17' title="bbox 246 1224 945 1265; baseline 0 -10"><span class='ocrx_word' id='word_1_88' title='bbox 246 1228 284 1255; x_wconf 88' lang='lat' dir='ltr'>tu</span> <span class='ocrx_word' id='word_1_89' title='bbox 301 1224 515 1264; x_wconf 87' lang='lat' dir='ltr'>prohibitum.</span> <span class='ocrx_word' id='word_1_90' title='bbox 561 1224 691 1264; x_wconf 87' lang='lat' dir='ltr'>Captus</span> <span class='ocrx_word' id='word_1_91' title='bbox 712 1224 826 1265; x_wconf 90' lang='lat' dir='ltr'>itaque</span> <span class='ocrx_word' id='word_1_92' title='bbox 851 1224 945 1265; x_wconf 85' lang='lat' dir='ltr'>cupi-</span> 
     </span>
     <span class='ocr_line' id='line_1_18' title="bbox 247 1272 945 1315; baseline 0.001 -10"><span class='ocrx_word' id='word_1_93' title='bbox 247 1274 327 1305; x_wconf 89' lang='lat' dir='ltr'>dine</span> <span class='ocrx_word' id='word_1_94' title='bbox 357 1274 518 1305; x_wconf 86' lang='lat' dir='ltr'>Herculis</span> <span class='ocrx_word' id='word_1_95' title='bbox 558 1278 636 1306; x_wconf 86' lang='lat' dir='ltr'>acta</span> <span class='ocrx_word' id='word_1_96' title='bbox 673 1272 858 1315; x_wconf 87' lang='lat' dir='ltr'>superare,&#39;</span> <span class='ocrx_word' id='word_1_97' title='bbox 882 1277 945 1307; x_wconf 60' lang='lat' dir='ltr'>&amp;cu</span> 
     </span>
     <span class='ocr_line' id='line_1_19' title="bbox 248 1324 946 1365; baseline 0.001 -11"><span class='ocrx_word' id='word_1_98' title='bbox 248 1324 372 1365; x_wconf 85' lang='lat' dir='ltr'>Neque</span> <span class='ocrx_word' id='word_1_99' title='bbox 387 1334 465 1355; x_wconf 88' lang='lat' dir='ltr'>vero</span> <span class='ocrx_word' id='word_1_100' title='bbox 480 1324 638 1356; x_wconf 90' lang='lat' dir='ltr'>Herculis</span> <span class='ocrx_word' id='word_1_101' title='bbox 665 1329 810 1364; x_wconf 90' lang='lat' dir='ltr'>tantum,</span> <span class='ocrx_word' id='word_1_102' title='bbox 835 1324 894 1355; x_wconf 89' lang='lat' dir='ltr'>sed</span> <span class='ocrx_word' id='word_1_103' title='bbox 910 1329 946 1356; x_wconf 92' lang='lat' dir='ltr'>et</span> 
     </span>
     <span class='ocr_line' id='line_1_20' title="bbox 246 1373 946 1415; baseline 0 -10"><span class='ocrx_word' id='word_1_104' title='bbox 246 1374 388 1414; x_wconf 89' lang='lat' dir='ltr'>Bacchi,</span> <span class='ocrx_word' id='word_1_105' title='bbox 416 1374 591 1405; x_wconf 87' lang='lat' dir='ltr'>immemor</span> <span class='ocrx_word' id='word_1_106' title='bbox 612 1373 688 1414; x_wconf 90' lang='lat' dir='ltr'>fuit,</span> <span class='ocrx_word' id='word_1_107' title='bbox 710 1375 805 1415; x_wconf 88' lang='lat' dir='ltr'>cujus</span> <span class='ocrx_word' id='word_1_108' title='bbox 833 1379 946 1406; x_wconf 86' lang='lat' dir='ltr'>tamen</span> 
     </span>
     <span class='ocr_line' id='line_1_21' title="bbox 246 1423 944 1465; baseline 0.004 -10"><span class='ocrx_word' id='word_1_109' title='bbox 246 1424 350 1464; x_wconf 89' lang='lat' dir='ltr'>ipsius</span> <span class='ocrx_word' id='word_1_110' title='bbox 378 1424 422 1455; x_wconf 85' lang='lat' dir='ltr'>ab</span> <span class='ocrx_word' id='word_1_111' title='bbox 445 1434 485 1456; x_wconf 93' lang='lat' dir='ltr'>eo</span> <span class='ocrx_word' id='word_1_112' title='bbox 508 1423 603 1456; x_wconf 91' lang='lat' dir='ltr'>facta</span> <span class='ocrx_word' id='word_1_113' title='bbox 625 1428 678 1456; x_wconf 92' lang='lat' dir='ltr'>est</span> <span class='ocrx_word' id='word_1_114' title='bbox 703 1425 845 1465; x_wconf 89' lang='lat' dir='ltr'>mentio,</span> <span class='ocrx_word' id='word_1_115' title='bbox 871 1426 944 1459; x_wconf 89' lang='lat' dir='ltr'>eod.</span> 
     </span>
     <span class='ocr_line' id='line_1_22' title="bbox 246 1475 945 1517; baseline 0.004 -12"><span class='ocrx_word' id='word_1_116' title='bbox 246 1475 306 1506; x_wconf 91' lang='lat' dir='ltr'>lib.</span> <span class='ocrx_word' id='word_1_117' title='bbox 336 1486 367 1506; x_wconf 91' lang='lat' dir='ltr'>c.</span> <span class='ocrx_word' id='word_1_118' title='bbox 397 1478 428 1506; x_wconf 85' lang='grc'>7.</span> <span class='ocrx_word' id='word_1_119' title='bbox 450 1476 563 1507; x_wconf 90' lang='lat' dir='ltr'>‘Cum</span> <span class='ocrx_word' id='word_1_120' title='bbox 593 1475 635 1506; x_wconf 88' lang='lat' dir='ltr'>ad</span> <span class='ocrx_word' id='word_1_121' title='bbox 670 1476 798 1517; x_wconf 85' lang='lat' dir='ltr'>Nysam</span> <span class='ocrx_word' id='word_1_122' title='bbox 829 1477 945 1509; x_wconf 90' lang='lat' dir='ltr'>urbem</span> 
     </span>
     <span class='ocr_line' id='line_1_23' title="bbox 247 1524 948 1566; baseline 0.003 -11"><span class='ocrx_word' id='word_1_123' title='bbox 247 1524 409 1563; x_wconf 84' lang='lat' dir='ltr'>venisset,</span> <span class='ocrx_word' id='word_1_124' title='bbox 438 1524 617 1566; x_wconf 89' lang='lat' dir='ltr'>oppidanis</span> <span class='ocrx_word' id='word_1_125' title='bbox 637 1535 702 1556; x_wconf 92' lang='lat' dir='ltr'>non</span> <span class='ocrx_word' id='word_1_126' title='bbox 730 1527 948 1566; x_wconf 85' lang='lat' dir='ltr'>repugnanti-</span> 
     </span>
     <span class='ocr_line' id='line_1_24' title="bbox 247 1573 947 1614; baseline 0.003 -10"><span class='ocrx_word' id='word_1_127' title='bbox 247 1573 457 1612; x_wconf 86' lang='lat' dir='ltr'>bus,fiducia</span> <span class='ocrx_word' id='word_1_128' title='bbox 471 1574 644 1614; x_wconf 87' lang='lat' dir='ltr'>religionis</span> <span class='ocrx_word' id='word_1_129' title='bbox 659 1575 774 1605; x_wconf 89' lang='lat' dir='ltr'>Liberi</span> <span class='ocrx_word' id='word_1_130' title='bbox 788 1575 913 1614; x_wconf 81' lang='lat' dir='ltr'>Patris,</span> <span class='ocrx_word' id='word_1_131' title='bbox 928 1586 947 1607; x_wconf 88' lang='lat' dir='ltr'>a</span> 
     </span>
     <span class='ocr_line' id='line_1_25' title="bbox 248 1624 946 1665; baseline 0.001 -10"><span class='ocrx_word' id='word_1_132' title='bbox 248 1633 314 1665; x_wconf 92' lang='lat' dir='ltr'>quo</span> <span class='ocrx_word' id='word_1_133' title='bbox 341 1624 477 1655; x_wconf 88' lang='lat' dir='ltr'>condita</span> <span class='ocrx_word' id='word_1_134' title='bbox 502 1624 581 1655; x_wconf 89' lang='lat' dir='ltr'>urbs</span> <span class='ocrx_word' id='word_1_135' title='bbox 604 1629 691 1664; x_wconf 89' lang='lat' dir='ltr'>erat,</span> <span class='ocrx_word' id='word_1_136' title='bbox 719 1625 810 1665; x_wconf 86' lang='lat' dir='ltr'>parci</span> <span class='ocrx_word' id='word_1_137' title='bbox 830 1626 946 1665; x_wconf 86' lang='lat' dir='ltr'>jussit,</span> 
     </span>
     <span class='ocr_line' id='line_1_26' title="bbox 249 1674 947 1713; baseline 0.001 -8"><span class='ocrx_word' id='word_1_138' title='bbox 249 1675 349 1705; x_wconf 83' lang='lat' dir='ltr'>laetus</span> <span class='ocrx_word' id='word_1_139' title='bbox 363 1684 430 1704; x_wconf 91' lang='lat' dir='ltr'>non</span> <span class='ocrx_word' id='word_1_140' title='bbox 446 1674 600 1705; x_wconf 88' lang='lat' dir='ltr'>militiam</span> <span class='ocrx_word' id='word_1_141' title='bbox 617 1678 760 1713; x_wconf 89' lang='lat' dir='ltr'>tantum,</span> <span class='ocrx_word' id='word_1_142' title='bbox 781 1684 896 1705; x_wconf 89' lang='lat' dir='ltr'>verum</span> <span class='ocrx_word' id='word_1_143' title='bbox 911 1680 947 1706; x_wconf 89' lang='lat' dir='ltr'>et</span> 
     </span>
     <span class='ocr_line' id='line_1_27' title="bbox 249 1723 819 1765; baseline 0 -10"><span class='ocrx_word' id='word_1_144' title='bbox 249 1724 392 1765; x_wconf 86' lang='lat' dir='ltr'>vestigia</span> <span class='ocrx_word' id='word_1_145' title='bbox 409 1734 445 1755; x_wconf 91' lang='lat' dir='ltr'>se</span> <span class='ocrx_word' id='word_1_146' title='bbox 459 1725 524 1754; x_wconf 88' lang='lat' dir='ltr'>Dei</span> <span class='ocrx_word' id='word_1_147' title='bbox 539 1723 716 1756; x_wconf 86' lang='lat' dir='ltr'>secutum.’</span> <span class='ocrx_word' id='word_1_148' title='bbox 742 1724 819 1755; x_wconf 71' lang='lat' dir='ltr'>Fal».</span> 
     </span>
    </p>

    <p class='ocr_par' dir='ltr' id='par_1_4' title="bbox 291 1774 902 1814">
     <span class='ocr_line' id='line_1_28' title="bbox 291 1774 902 1814; baseline 0.003 -10"><span class='ocrx_word' id='word_1_149' title='bbox 291 1774 406 1814; x_wconf 70' lang='lat' dir='ltr'>Indice]</span> <span class='ocrx_word' id='word_1_150' title='bbox 428 1774 520 1805; x_wconf 88' lang='lat' dir='ltr'>Libri</span> <span class='ocrx_word' id='word_1_151' title='bbox 533 1775 649 1814; x_wconf 86' lang='lat' dir='ltr'>script.</span> <span class='ocrx_word' id='word_1_152' title='bbox 667 1774 764 1805; x_wconf 73' lang='lat' dir='ltr'>Indis.</span> <span class='ocrx_word' id='word_1_153' title='bbox 795 1775 902 1806; x_wconf 87' lang='lat' dir='ltr'>Gron.</span> 
     </span>
    </p>

    <p class='ocr_par' dir='ltr' id='par_1_5' title="bbox 247 1823 948 2155">
     <span class='ocr_line' id='line_1_29' title="bbox 291 1823 945 1865; baseline 0.003 -11"><span class='ocrx_word' id='word_1_154' title='bbox 291 1825 309 1864; x_wconf 57' lang='grc' dir='ltr'><strong><em>ξ</em></strong></span> <span class='ocrx_word' id='word_1_155' title='bbox 332 1827 372 1854; x_wconf 92' lang='grc'>10</span> <span class='ocrx_word' id='word_1_156' title='bbox 395 1823 565 1862; x_wconf 71' lang='lat' dir='ltr'>Interfecta</span> <span class='ocrx_word' id='word_1_157' title='bbox 587 1824 647 1864; x_wconf 82' lang='lat' dir='ltr'>est]</span> <span class='ocrx_word' id='word_1_158' title='bbox 699 1824 842 1865; x_wconf 84' lang='lat' dir='ltr'>Injuste.</span> <span class='ocrx_word' id='word_1_159' title='bbox 877 1823 945 1856; x_wconf 89' lang='lat' dir='ltr'>1nf.</span> 
     </span>
     <span class='ocr_line' id='line_1_30' title="bbox 249 1873 948 1915; baseline 0.003 -11"><span class='ocrx_word' id='word_1_160' title='bbox 249 1883 326 1905; x_wconf 75' lang='lat' dir='ltr'>xvr.</span> <span class='ocrx_word' id='word_1_161' title='bbox 353 1876 382 1905; x_wconf 96' lang='lat'>1.</span> <span class='ocrx_word' id='word_1_162' title='bbox 402 1876 434 1905; x_wconf 87' lang='grc'>4.</span> <span class='ocrx_word' id='word_1_163' title='bbox 458 1873 550 1904; x_wconf 88' lang='lat' dir='ltr'>Add.</span> <span class='ocrx_word' id='word_1_164' title='bbox 568 1873 667 1904; x_wconf 87' lang='lat' dir='ltr'>Oros.</span> <span class='ocrx_word' id='word_1_165' title='bbox 687 1883 712 1906; x_wconf 76' lang='grc' dir='ltr'>Ι.</span> <span class='ocrx_word' id='word_1_166' title='bbox 733 1877 765 1905; x_wconf 85' lang='grc'>4.</span> <span class='ocrx_word' id='word_1_167' title='bbox 801 1874 948 1915; x_wconf 83' lang='lat' dir='ltr'>August.</span> 
     </span>
     <span class='ocr_line' id='line_1_31' title="bbox 248 1924 947 1964; baseline 0 -9"><span class='ocrx_word' id='word_1_168' title='bbox 248 1924 323 1956; x_wconf 87' lang='lat' dir='ltr'>Civ.</span> <span class='ocrx_word' id='word_1_169' title='bbox 350 1925 397 1957; x_wconf 88' lang='lat' dir='ltr'>D.</span> <span class='ocrx_word' id='word_1_170' title='bbox 422 1933 530 1955; x_wconf 78' lang='lat' dir='ltr'>xvnl.</span> <span class='ocrx_word' id='word_1_171' title='bbox 557 1926 589 1954; x_wconf 84' lang='lat'>2.</span> <span class='ocrx_word' id='word_1_172' title='bbox 626 1924 708 1964; x_wconf 90' lang='lat' dir='ltr'>Ejus</span> <span class='ocrx_word' id='word_1_173' title='bbox 736 1924 947 1964; x_wconf 83' lang='lat' dir='ltr'>epitaphium</span> 
     </span>
     <span class='ocr_line' id='line_1_32' title="bbox 247 1972 947 2015; baseline 0.001 -10"><span class='ocrx_word' id='word_1_174' title='bbox 247 1974 350 2006; x_wconf 88' lang='lat' dir='ltr'>habet</span> <span class='ocrx_word' id='word_1_175' title='bbox 366 1973 458 2005; x_wconf 90' lang='lat' dir='ltr'>Plut.</span> <span class='ocrx_word' id='word_1_176' title='bbox 476 1973 508 2004; x_wconf 90' lang='lat' dir='ltr'>in</span> <span class='ocrx_word' id='word_1_177' title='bbox 524 1972 661 2014; x_wconf 88' lang='lat' dir='ltr'>Apoph.</span> <span class='ocrx_word' id='word_1_178' title='bbox 677 1979 713 2015; x_wconf 88' lang='lat' dir='ltr'>et</span> <span class='ocrx_word' id='word_1_179' title='bbox 727 1974 822 2006; x_wconf 92' lang='lat' dir='ltr'>Stob.</span> <span class='ocrx_word' id='word_1_180' title='bbox 839 1976 947 2006; x_wconf 89' lang='lat' dir='ltr'>Serm.</span> 
     </span>
     <span class='ocr_line' id='line_1_33' title="bbox 250 2024 947 2056; baseline 0.001 -1"><span class='ocrx_word' id='word_1_181' title='bbox 250 2034 287 2055; x_wconf 87' lang='lat' dir='ltr'>x.</span> <span class='ocrx_word' id='word_1_182' title='bbox 305 2024 434 2055; x_wconf 89' lang='lat' dir='ltr'>Herod.</span> <span class='ocrx_word' id='word_1_183' title='bbox 451 2028 564 2055; x_wconf 89' lang='lat' dir='ltr'>tamen</span> <span class='ocrx_word' id='word_1_184' title='bbox 587 2033 611 2055; x_wconf 93' lang='lat'>1.</span> <span class='ocrx_word' id='word_1_185' title='bbox 631 2027 705 2055; x_wconf 82' lang='lat'>178.</span> <span class='ocrx_word' id='word_1_186' title='bbox 731 2025 865 2056; x_wconf 88' lang='lat' dir='ltr'>Nitocri</span> <span class='ocrx_word' id='word_1_187' title='bbox 889 2026 947 2056; x_wconf 90' lang='lat' dir='ltr'>tri-</span> 
     </span>
     <span class='ocr_line' id='line_1_34' title="bbox 248 2073 945 2115; baseline 0.003 -10"><span class='ocrx_word' id='word_1_188' title='bbox 248 2074 334 2114; x_wconf 91' lang='lat' dir='ltr'>buit,</span> <span class='ocrx_word' id='word_1_189' title='bbox 357 2083 433 2115; x_wconf 84' lang='lat' dir='ltr'>quae</span> <span class='ocrx_word' id='word_1_190' title='bbox 457 2073 680 2105; x_wconf 85' lang='lat' dir='ltr'>Semiramide</span> <span class='ocrx_word' id='word_1_191' title='bbox 697 2074 867 2114; x_wconf 83' lang='lat' dir='ltr'>posterior</span> <span class='ocrx_word' id='word_1_192' title='bbox 882 2080 945 2107; x_wconf 89' lang='lat' dir='ltr'>est.</span> 
     </span>
     <span class='ocr_line' id='line_1_35' title="bbox 253 2124 352 2155; baseline 0 -1"><span class='ocrx_word' id='word_1_193' title='bbox 253 2124 352 2155; x_wconf 81' lang='lat' dir='ltr'>Rern.</span> 
     </span>
    </p>

    <p class='ocr_par' dir='ltr' id='par_1_6' title="bbox 247 2173 950 2967">
     <span class='ocr_line' id='line_1_36' title="bbox 290 2173 947 2214; baseline 0.003 -10"><span class='ocrx_word' id='word_1_194' title='bbox 290 2174 424 2205; x_wconf 80' lang='lat' dir='ltr'>Duoset</span> <span class='ocrx_word' id='word_1_195' title='bbox 441 2173 534 2214; x_wconf 72' lang='lat' dir='ltr'>XL]</span> <span class='ocrx_word' id='word_1_196' title='bbox 568 2173 702 2206; x_wconf 86' lang='lat' dir='ltr'>Praeter</span> <span class='ocrx_word' id='word_1_197' title='bbox 731 2183 833 2205; x_wconf 87' lang='lat' dir='ltr'>unum</span> <span class='ocrx_word' id='word_1_198' title='bbox 862 2175 947 2207; x_wconf 84' lang='lat' dir='ltr'>Mss.</span> 
     </span>
     <span class='ocr_line' id='line_1_37' title="bbox 248 2223 947 2265; baseline 0.001 -10"><span class='ocrx_word' id='word_1_199' title='bbox 248 2233 364 2256; x_wconf 88' lang='lat' dir='ltr'>omnes</span> <span class='ocrx_word' id='word_1_200' title='bbox 375 2225 433 2255; x_wconf 83' lang='lat' dir='ltr'>duo</span> <span class='ocrx_word' id='word_1_201' title='bbox 448 2228 478 2255; x_wconf 85' lang='lat' dir='ltr'>et</span> <span class='ocrx_word' id='word_1_202' title='bbox 490 2223 647 2264; x_wconf 56' lang='lat' dir='ltr'>triginta:</span> <span class='ocrx_word' id='word_1_203' title='bbox 667 2225 726 2255; x_wconf 84' lang='lat' dir='ltr'>duo</span> <span class='ocrx_word' id='word_1_204' title='bbox 738 2225 874 2265; x_wconf 88' lang='lat' dir='ltr'>antique</span> <span class='ocrx_word' id='word_1_205' title='bbox 887 2235 947 2265; x_wconf 88' lang='lat' dir='ltr'>pro</span> 
     </span>
     <span class='ocr_line' id='line_1_38' title="bbox 249 2273 948 2315; baseline 0 -10"><span class='ocrx_word' id='word_1_206' title='bbox 249 2275 334 2306; x_wconf 74' lang='lat' dir='ltr'>duos.</span> <span class='ocrx_word' id='word_1_207' title='bbox 378 2275 422 2305; x_wconf 93' lang='lat' dir='ltr'>Et</span> <span class='ocrx_word' id='word_1_208' title='bbox 437 2274 550 2305; x_wconf 82' lang='lat' dir='ltr'>statim</span> <span class='ocrx_word' id='word_1_209' title='bbox 567 2273 701 2315; x_wconf 91' lang='lat' dir='ltr'>quidam</span> <span class='ocrx_word' id='word_1_210' title='bbox 718 2278 804 2305; x_wconf 87' lang='lat' dir='ltr'>vett.</span> <span class='ocrx_word' id='word_1_211' title='bbox 816 2284 948 2314; x_wconf 83' lang='lat' dir='ltr'>regnum</span> 
     </span>
     <span class='ocr_line' id='line_1_39' title="bbox 247 2324 949 2366; baseline 0 -10"><span class='ocrx_word' id='word_1_212' title='bbox 247 2325 369 2365; x_wconf 72' lang='lat' dir='ltr'>potita.-</span> <span class='ocrx_word' id='word_1_213' title='bbox 385 2324 554 2366; x_wconf 90' lang='lat' dir='ltr'>quomodo</span> <span class='ocrx_word' id='word_1_214' title='bbox 564 2324 621 2356; x_wconf 89' lang='lat' dir='ltr'>lib.</span> <span class='ocrx_word' id='word_1_215' title='bbox 638 2333 706 2356; x_wconf 77' lang='grc' dir='ltr'>ΧΠ.</span> <span class='ocrx_word' id='word_1_216' title='bbox 720 2325 729 2342; x_wconf 69' lang='lat'>⁶</span> <span class='ocrx_word' id='word_1_217' title='bbox 743 2325 810 2357; x_wconf 85' lang='lat' dir='ltr'>Qui</span> <span class='ocrx_word' id='word_1_218' title='bbox 827 2329 949 2365; x_wconf 88' lang='lat' dir='ltr'>postea</span> 
     </span>
     <span class='ocr_line' id='line_1_40' title="bbox 249 2374 946 2415; baseline 0 -10"><span class='ocrx_word' id='word_1_219' title='bbox 249 2384 390 2414; x_wconf 87' lang='lat' dir='ltr'>regnum</span> <span class='ocrx_word' id='word_1_220' title='bbox 404 2374 566 2406; x_wconf 83' lang='lat' dir='ltr'>Indorum</span> <span class='ocrx_word' id='word_1_221' title='bbox 583 2374 712 2415; x_wconf 89' lang='lat' dir='ltr'>potitus</span> <span class='ocrx_word' id='word_1_222' title='bbox 725 2378 778 2405; x_wconf 86' lang='lat' dir='ltr'>est</span> <span class='ocrx_word' id='word_1_223' title='bbox 791 2374 812 2405; x_wconf 87' lang='lat'>:’</span> <span class='ocrx_word' id='word_1_224' title='bbox 836 2380 870 2406; x_wconf 92' lang='lat' dir='ltr'>et</span> <span class='ocrx_word' id='word_1_225' title='bbox 887 2375 946 2406; x_wconf 94' lang='lat' dir='ltr'>lib.</span> 
     </span>
     <span class='ocr_line' id='line_1_41' title="bbox 249 2423 948 2456; baseline 0.001 -2"><span class='ocrx_word' id='word_1_226' title='bbox 249 2433 299 2456; x_wconf 80' lang='lat' dir='ltr'>vr.</span> <span class='ocrx_word' id='word_1_227' title='bbox 323 2424 332 2442; x_wconf 92' lang='lat'>‘</span> <span class='ocrx_word' id='word_1_228' title='bbox 349 2424 458 2456; x_wconf 89' lang='lat' dir='ltr'>Potiti</span> <span class='ocrx_word' id='word_1_229' title='bbox 473 2424 648 2455; x_wconf 88' lang='lat' dir='ltr'>victoriam</span> <span class='ocrx_word' id='word_1_230' title='bbox 662 2423 681 2456; x_wconf 86' lang='lat'>:&#39;</span> <span class='ocrx_word' id='word_1_231' title='bbox 697 2429 732 2455; x_wconf 90' lang='lat' dir='ltr'>et</span> <span class='ocrx_word' id='word_1_232' title='bbox 746 2423 804 2455; x_wconf 93' lang='lat' dir='ltr'>lib.</span> <span class='ocrx_word' id='word_1_233' title='bbox 820 2433 856 2455; x_wconf 83' lang='lat' dir='ltr'>x.</span> <span class='ocrx_word' id='word_1_234' title='bbox 869 2424 878 2441; x_wconf 91' lang='lat'>‘</span> <span class='ocrx_word' id='word_1_235' title='bbox 889 2424 948 2455; x_wconf 93' lang='lat' dir='ltr'>Ul-</span> 
     </span>
     <span class='ocr_line' id='line_1_42' title="bbox 249 2474 948 2515; baseline 0 -10"><span class='ocrx_word' id='word_1_236' title='bbox 249 2474 375 2506; x_wconf 89' lang='lat' dir='ltr'>tionem</span> <span class='ocrx_word' id='word_1_237' title='bbox 400 2475 510 2515; x_wconf 87' lang='lat' dir='ltr'>potita</span> <span class='ocrx_word' id='word_1_238' title='bbox 534 2474 553 2505; x_wconf 88' lang='lat'>:’</span> <span class='ocrx_word' id='word_1_239' title='bbox 575 2478 611 2506; x_wconf 89' lang='lat' dir='ltr'>et</span> <span class='ocrx_word' id='word_1_240' title='bbox 627 2474 685 2505; x_wconf 89' lang='lat' dir='ltr'>lib.</span> <span class='ocrx_word' id='word_1_241' title='bbox 701 2483 844 2505; x_wconf 84' lang='lat' dir='ltr'>xxxvn.</span> <span class='ocrx_word' id='word_1_242' title='bbox 867 2474 876 2491; x_wconf 88' lang='lat'>‘</span> <span class='ocrx_word' id='word_1_243' title='bbox 894 2475 948 2505; x_wconf 93' lang='lat' dir='ltr'>Ne</span> 
     </span>
     <span class='ocr_line' id='line_1_43' title="bbox 249 2524 949 2565; baseline 0 -10"><span class='ocrx_word' id='word_1_244' title='bbox 249 2533 319 2555; x_wconf 89' lang='lat' dir='ltr'>non</span> <span class='ocrx_word' id='word_1_245' title='bbox 334 2524 498 2556; x_wconf 88' lang='lat' dir='ltr'>diutinam</span> <span class='ocrx_word' id='word_1_246' title='bbox 513 2524 838 2556; x_wconf 82' lang='lat' dir='ltr'>administrationem</span> <span class='ocrx_word' id='word_1_247' title='bbox 854 2524 949 2565; x_wconf 87' lang='lat' dir='ltr'>regni</span> 
     </span>
     <span class='ocr_line' id='line_1_44' title="bbox 250 2574 949 2616; baseline 0 -11"><span class='ocrx_word' id='word_1_248' title='bbox 250 2574 439 2614; x_wconf 68' lang='lat' dir='ltr'>potiretur:</span> <span class='ocrx_word' id='word_1_249' title='bbox 485 2575 566 2606; x_wconf 89' lang='lat' dir='ltr'>Vid.</span> <span class='ocrx_word' id='word_1_250' title='bbox 588 2575 698 2606; x_wconf 89' lang='lat' dir='ltr'>Prisc.</span> <span class='ocrx_word' id='word_1_251' title='bbox 714 2583 820 2607; x_wconf 84' lang='lat' dir='ltr'>xvm.</span> <span class='ocrx_word' id='word_1_252' title='bbox 835 2575 949 2616; x_wconf 89' lang='lat' dir='ltr'>quiex</span> 
     </span>
     <span class='ocr_line' id='line_1_45' title="bbox 250 2623 949 2665; baseline 0.001 -10"><span class='ocrx_word' id='word_1_253' title='bbox 250 2623 331 2664; x_wconf 85' lang='lat' dir='ltr'>Jug.</span> <span class='ocrx_word' id='word_1_254' title='bbox 345 2624 424 2655; x_wconf 91' lang='lat' dir='ltr'>Sall.</span> <span class='ocrx_word' id='word_1_255' title='bbox 442 2623 566 2664; x_wconf 84' lang='lat' dir='ltr'>adfert,</span> <span class='ocrx_word' id='word_1_256' title='bbox 587 2624 596 2641; x_wconf 90' lang='lat'>‘</span> <span class='ocrx_word' id='word_1_257' title='bbox 611 2624 810 2656; x_wconf 87' lang='lat' dir='ltr'>Adherbalis</span> <span class='ocrx_word' id='word_1_258' title='bbox 824 2625 949 2665; x_wconf 88' lang='lat' dir='ltr'>potire-</span> 
     </span>
     <span class='ocr_line' id='line_1_46' title="bbox 251 2675 950 2715; baseline 0.001 -10"><span class='ocrx_word' id='word_1_259' title='bbox 251 2677 337 2705; x_wconf 88' lang='lat' dir='ltr'>tur:’</span> <span class='ocrx_word' id='word_1_260' title='bbox 361 2683 425 2715; x_wconf 88' lang='lat' dir='ltr'>quo</span> <span class='ocrx_word' id='word_1_261' title='bbox 449 2675 470 2705; x_wconf 89' lang='lat' dir='ltr'>l.</span> <span class='ocrx_word' id='word_1_262' title='bbox 494 2678 591 2706; x_wconf 85' lang='lat' dir='ltr'>vetus</span> <span class='ocrx_word' id='word_1_263' title='bbox 621 2675 698 2706; x_wconf 87' lang='lat' dir='ltr'>cod.</span> <span class='ocrx_word' id='word_1_264' title='bbox 719 2675 870 2706; x_wconf 88' lang='lat' dir='ltr'>Sallustii</span> <span class='ocrx_word' id='word_1_265' title='bbox 891 2675 950 2706; x_wconf 89' lang='lat' dir='ltr'>ha-</span> 
     </span>
     <span class='ocr_line' id='line_1_47' title="bbox 251 2722 949 2765; baseline 0.001 -11"><span class='ocrx_word' id='word_1_266' title='bbox 251 2722 312 2754; x_wconf 90' lang='lat' dir='ltr'>bet</span> <span class='ocrx_word' id='word_1_267' title='bbox 323 2722 540 2755; x_wconf 80' lang='lat' dir='ltr'>Adherbalem.</span> <span class='ocrx_word' id='word_1_268' title='bbox 555 2725 719 2765; x_wconf 83' lang='lat' dir='ltr'>Bongars.</span> <span class='ocrx_word' id='word_1_269' title='bbox 752 2724 831 2755; x_wconf 90' lang='lat' dir='ltr'>Vid.</span> <span class='ocrx_word' id='word_1_270' title='bbox 845 2724 949 2755; x_wconf 89' lang='lat' dir='ltr'>etiam</span> 
     </span>
     <span class='ocr_line' id='line_1_48' title="bbox 251 2773 950 2806; baseline 0 -2"><span class='ocrx_word' id='word_1_271' title='bbox 251 2773 329 2804; x_wconf 90' lang='lat' dir='ltr'>Ind.</span> <span class='ocrx_word' id='word_1_272' title='bbox 355 2775 390 2805; x_wconf 89' lang='lat' dir='ltr'>in</span> <span class='ocrx_word' id='word_1_273' title='bbox 413 2774 528 2806; x_wconf 72' lang='lat' dir='ltr'>Potiri.</span> <span class='ocrx_word' id='word_1_274' title='bbox 564 2775 770 2806; x_wconf 86' lang='lat' dir='ltr'>Berneccer.</span> <span class='ocrx_word' id='word_1_275' title='bbox 815 2775 884 2805; x_wconf 88' lang='lat' dir='ltr'>Ms.</span> <span class='ocrx_word' id='word_1_276' title='bbox 912 2775 950 2805; x_wconf 92' lang='lat' dir='ltr'>C.</span> 
     </span>
     <span class='ocr_line' id='line_1_49' title="bbox 255 2823 950 2865; baseline 0.001 -11"><span class='ocrx_word' id='word_1_277' title='bbox 255 2823 294 2855; x_wconf 88' lang='lat' dir='ltr'>C.</span> <span class='ocrx_word' id='word_1_278' title='bbox 321 2824 405 2855; x_wconf 90' lang='lat' dir='ltr'>Coll.</span> <span class='ocrx_word' id='word_1_279' title='bbox 434 2828 470 2855; x_wconf 85' lang='lat' dir='ltr'>et</span> <span class='ocrx_word' id='word_1_280' title='bbox 494 2825 546 2855; x_wconf 91' lang='lat' dir='ltr'>W.</span> <span class='ocrx_word' id='word_1_281' title='bbox 569 2825 691 2865; x_wconf 85' lang='lat' dir='ltr'>legunt</span> <span class='ocrx_word' id='word_1_282' title='bbox 719 2825 854 2864; x_wconf 81' lang='lat' dir='ltr'>triginta</span> <span class='ocrx_word' id='word_1_283' title='bbox 880 2826 950 2856; x_wconf 80' lang='lat' dir='ltr'>duo.</span> 
     </span>
     <span class='ocr_line' id='line_1_50' title="bbox 255 2873 950 2916; baseline 0.003 -12"><span class='ocrx_word' id='word_1_284' title='bbox 255 2873 366 2906; x_wconf 87' lang='lat' dir='ltr'>Oxou.</span> <span class='ocrx_word' id='word_1_285' title='bbox 413 2874 496 2906; x_wconf 86' lang='lat' dir='ltr'>Cum</span> <span class='ocrx_word' id='word_1_286' title='bbox 519 2875 605 2906; x_wconf 87' lang='lat' dir='ltr'>Mss.</span> <span class='ocrx_word' id='word_1_287' title='bbox 628 2876 738 2915; x_wconf 86' lang='lat' dir='ltr'>Bong.</span> <span class='ocrx_word' id='word_1_288' title='bbox 762 2875 819 2916; x_wconf 89' lang='lat' dir='ltr'>qui</span> <span class='ocrx_word' id='word_1_289' title='bbox 835 2885 950 2906; x_wconf 88' lang='lat' dir='ltr'>omnes</span> 
     </span>
     <span class='ocr_line' id='line_1_51' title="bbox 254 2925 950 2967; baseline 0.001 -12"><span class='ocrx_word' id='word_1_290' title='bbox 254 2928 380 2963; x_wconf 85' lang='lat' dir='ltr'>praeter</span> <span class='ocrx_word' id='word_1_291' title='bbox 396 2933 508 2967; x_wconf 89' lang='lat' dir='ltr'>unum,</span> <span class='ocrx_word' id='word_1_292' title='bbox 535 2926 593 2956; x_wconf 80' lang='lat' dir='ltr'>duo</span> <span class='ocrx_word' id='word_1_293' title='bbox 619 2929 649 2957; x_wconf 84' lang='lat' dir='ltr'>et</span> <span class='ocrx_word' id='word_1_294' title='bbox 672 2925 817 2967; x_wconf 76' lang='lat' dir='ltr'>triginta,</span> <span class='ocrx_word' id='word_1_295' title='bbox 834 2925 950 2967; x_wconf 82' lang='lat' dir='ltr'>Angli-</span> 
     </span>
    </p>
   </div>
   <div class='ocr_carea' id='block_1_3' title="bbox 1606 371 1692 412">
    <p class='ocr_par' dir='ltr' id='par_1_7' title="bbox 1606 371 1692 412">
     <span class='ocr_line' id='line_1_52' title="bbox 1606 371 1692 412; baseline 0 0"><span class='ocrx_word' id='word_1_296' title='bbox 1606 371 1692 412; x_wconf 72' lang='lat'>623</span> 
     </span>
    </p>
   </div>
   <div class='ocr_carea' id='block_1_4' title="bbox 991 472 1700 2965">
    <p class='ocr_par' dir='ltr' id='par_1_8' title="bbox 994 472 1696 805">
     <span class='ocr_line' id='line_1_53' title="bbox 996 472 1692 515; baseline 0.001 -12"><span class='ocrx_word' id='word_1_297' title='bbox 996 472 1071 503; x_wconf 87' lang='lat' dir='ltr'>cani</span> <span class='ocrx_word' id='word_1_298' title='bbox 1109 473 1286 512; x_wconf 84' lang='lat' dir='ltr'>accedant,</span> <span class='ocrx_word' id='word_1_299' title='bbox 1316 473 1350 504; x_wconf 87' lang='lat' dir='ltr'>in</span> <span class='ocrx_word' id='word_1_300' title='bbox 1384 474 1503 515; x_wconf 84' lang='lat' dir='ltr'>quibus</span> <span class='ocrx_word' id='word_1_301' title='bbox 1533 474 1692 506; x_wconf 86' lang='lat' dir='ltr'>scribitur</span> 
     </span>
     <span class='ocr_line' id='line_1_54' title="bbox 995 522 1693 563; baseline 0.004 -11"><span class='ocrx_word' id='word_1_302' title='bbox 995 522 1130 561; x_wconf 78' lang='lat' dir='ltr'>triginta</span> <span class='ocrx_word' id='word_1_303' title='bbox 1158 524 1231 562; x_wconf 82' lang='lat' dir='ltr'>duo,</span> <span class='ocrx_word' id='word_1_304' title='bbox 1266 532 1332 553; x_wconf 89' lang='lat' dir='ltr'>non</span> <span class='ocrx_word' id='word_1_305' title='bbox 1371 524 1482 563; x_wconf 83' lang='lat' dir='ltr'>video,</span> <span class='ocrx_word' id='word_1_306' title='bbox 1505 534 1564 555; x_wconf 87' lang='lat' dir='ltr'>cur</span> <span class='ocrx_word' id='word_1_307' title='bbox 1588 524 1621 555; x_wconf 91' lang='lat' dir='ltr'>id</span> <span class='ocrx_word' id='word_1_308' title='bbox 1648 525 1693 555; x_wconf 89' lang='lat' dir='ltr'>sit</span> 
     </span>
     <span class='ocr_line' id='line_1_55' title="bbox 996 572 1692 612; baseline 0.003 -10"><span class='ocrx_word' id='word_1_309' title='bbox 996 572 1235 612; x_wconf 83' lang='lat' dir='ltr'>respuendum.</span> <span class='ocrx_word' id='word_1_310' title='bbox 1280 572 1493 604; x_wconf 86' lang='lat' dir='ltr'>Dissensisse</span> <span class='ocrx_word' id='word_1_311' title='bbox 1532 574 1564 604; x_wconf 91' lang='lat' dir='ltr'>in</span> <span class='ocrx_word' id='word_1_312' title='bbox 1597 573 1692 604; x_wconf 86' lang='lat' dir='ltr'>annis</span> 
     </span>
     <span class='ocr_line' id='line_1_56' title="bbox 994 622 1695 663; baseline 0.003 -11"><span class='ocrx_word' id='word_1_313' title='bbox 994 622 1127 661; x_wconf 89' lang='lat' dir='ltr'>imperii</span> <span class='ocrx_word' id='word_1_314' title='bbox 1145 622 1374 653; x_wconf 88' lang='lat' dir='ltr'>Semiramidis</span> <span class='ocrx_word' id='word_1_315' title='bbox 1388 623 1534 663; x_wconf 82' lang='lat' dir='ltr'>Trogum</span> <span class='ocrx_word' id='word_1_316' title='bbox 1552 623 1593 653; x_wconf 90' lang='lat' dir='ltr'>ab</span> <span class='ocrx_word' id='word_1_317' title='bbox 1608 623 1695 662; x_wconf 91' lang='lat' dir='ltr'>aliis,</span> 
     </span>
     <span class='ocr_line' id='line_1_57' title="bbox 996 672 1695 713; baseline 0.003 -10"><span class='ocrx_word' id='word_1_318' title='bbox 996 672 1078 703; x_wconf 87' lang='lat' dir='ltr'>nihil</span> <span class='ocrx_word' id='word_1_319' title='bbox 1104 672 1193 711; x_wconf 88' lang='lat' dir='ltr'>miri,</span> <span class='ocrx_word' id='word_1_320' title='bbox 1213 682 1287 703; x_wconf 89' lang='lat' dir='ltr'>cum</span> <span class='ocrx_word' id='word_1_321' title='bbox 1305 672 1470 713; x_wconf 89' lang='lat' dir='ltr'>quidquid</span> <span class='ocrx_word' id='word_1_322' title='bbox 1488 672 1530 703; x_wconf 89' lang='lat' dir='ltr'>de</span> <span class='ocrx_word' id='word_1_323' title='bbox 1546 673 1636 704; x_wconf 91' lang='lat' dir='ltr'>Nino</span> <span class='ocrx_word' id='word_1_324' title='bbox 1658 678 1695 705; x_wconf 86' lang='lat' dir='ltr'>et</span> 
     </span>
     <span class='ocr_line' id='line_1_58' title="bbox 996 723 1696 756; baseline 0.001 -2"><span class='ocrx_word' id='word_1_325' title='bbox 996 723 1216 754; x_wconf 89' lang='lat' dir='ltr'>Semiramide</span> <span class='ocrx_word' id='word_1_326' title='bbox 1254 723 1400 755; x_wconf 86' lang='lat' dir='ltr'>traditur</span> <span class='ocrx_word' id='word_1_327' title='bbox 1429 724 1474 754; x_wconf 88' lang='lat' dir='ltr'>sit</span> <span class='ocrx_word' id='word_1_328' title='bbox 1509 724 1696 756; x_wconf 88' lang='lat' dir='ltr'>incertissi-</span> 
     </span>
     <span class='ocr_line' id='line_1_59' title="bbox 995 775 1232 805; baseline 0.008 -2"><span class='ocrx_word' id='word_1_329' title='bbox 995 783 1097 804; x_wconf 89' lang='lat' dir='ltr'>mum.</span> <span class='ocrx_word' id='word_1_330' title='bbox 1125 775 1232 805; x_wconf 83' lang='lat' dir='ltr'>Graev.</span> 
     </span>
    </p>

    <p class='ocr_par' dir='ltr' id='par_1_9' title="bbox 995 823 1695 963">
     <span class='ocr_line' id='line_1_60' title="bbox 1038 823 1692 864; baseline 0.003 -11"><span class='ocrx_word' id='word_1_331' title='bbox 1038 824 1056 863; x_wconf 57' lang='grc' dir='ltr'><strong><em>ξ</em></strong></span> <span class='ocrx_word' id='word_1_332' title='bbox 1080 826 1119 853; x_wconf 92' lang='lat'>11</span> <span class='ocrx_word' id='word_1_333' title='bbox 1155 823 1334 862; x_wconf 82' lang='lat' dir='ltr'>Elaborato,</span> <span class='ocrx_word' id='word_1_334' title='bbox 1370 823 1439 863; x_wconf 66' lang='lat' dir='ltr'>Bra]</span> <span class='ocrx_word' id='word_1_335' title='bbox 1475 823 1562 854; x_wconf 90' lang='lat' dir='ltr'>Saxo</span> <span class='ocrx_word' id='word_1_336' title='bbox 1587 832 1622 855; x_wconf 83' lang='lat' dir='ltr'>x.</span> <span class='ocrx_word' id='word_1_337' title='bbox 1659 834 1692 864; x_wconf 92' lang='lat' dir='ltr'>p.</span> 
     </span>
     <span class='ocr_line' id='line_1_61' title="bbox 995 872 1695 914; baseline 0.003 -11"><span class='ocrx_word' id='word_1_338' title='bbox 995 875 1068 905; x_wconf 82' lang='lat'>203.</span> <span class='ocrx_word' id='word_1_339' title='bbox 1086 872 1160 904; x_wconf 88' lang='lat' dir='ltr'>init.</span> <span class='ocrx_word' id='word_1_340' title='bbox 1189 875 1197 890; x_wconf 94' lang='lat'>‘</span> <span class='ocrx_word' id='word_1_341' title='bbox 1210 874 1380 914; x_wconf 86' lang='lat' dir='ltr'>Majorum</span> <span class='ocrx_word' id='word_1_342' title='bbox 1398 873 1526 904; x_wconf 83' lang='lat' dir='ltr'>virtute</span> <span class='ocrx_word' id='word_1_343' title='bbox 1544 874 1695 905; x_wconf 88' lang='lat' dir='ltr'>elabora-</span> 
     </span>
     <span class='ocr_line' id='line_1_62' title="bbox 996 922 1409 963; baseline 0.002 -10"><span class='ocrx_word' id='word_1_344' title='bbox 996 927 1066 953; x_wconf 88' lang='lat' dir='ltr'>tum</span> <span class='ocrx_word' id='word_1_345' title='bbox 1082 922 1193 953; x_wconf 90' lang='lat' dir='ltr'>finivit</span> <span class='ocrx_word' id='word_1_346' title='bbox 1208 923 1409 963; x_wconf 89' lang='lat' dir='ltr'>imperium.’</span> 
     </span>
    </p>

    <p class='ocr_par' dir='ltr' id='par_1_10' title="bbox 991 974 1700 2965">
     <span class='ocr_line' id='line_1_63' title="bbox 1038 974 1695 1015; baseline 0.003 -12"><span class='ocrx_word' id='word_1_347' title='bbox 1038 974 1055 1013; x_wconf 50' lang='grc' dir='ltr'>ᾧ</span> <span class='ocrx_word' id='word_1_348' title='bbox 1080 975 1118 1003; x_wconf 86' lang='grc'>13</span> <span class='ocrx_word' id='word_1_349' title='bbox 1142 974 1278 1014; x_wconf 81' lang='lat' dir='ltr'>Assyrii,</span> <span class='ocrx_word' id='word_1_350' title='bbox 1305 974 1358 1014; x_wconf 84' lang='lat' dir='ltr'>qui</span> <span class='ocrx_word' id='word_1_351' title='bbox 1376 976 1485 1014; x_wconf 82' lang='lat' dir='ltr'>postea</span> <span class='ocrx_word' id='word_1_352' title='bbox 1510 974 1587 1015; x_wconf 77' lang='lat' dir='ltr'>Syri</span> <span class='ocrx_word' id='word_1_353' title='bbox 1601 974 1695 1015; x_wconf 79' lang='lat' dir='ltr'>dicti]</span> 
     </span>
     <span class='ocr_line' id='line_1_64' title="bbox 995 1023 1697 1064; baseline 0.003 -10"><span class='ocrx_word' id='word_1_354' title='bbox 995 1023 1069 1054; x_wconf 76' lang='lat' dir='ltr'>Iino</span> <span class='ocrx_word' id='word_1_355' title='bbox 1084 1023 1172 1063; x_wconf 77' lang='lat' dir='ltr'>Syri,</span> <span class='ocrx_word' id='word_1_356' title='bbox 1187 1023 1240 1064; x_wconf 83' lang='lat' dir='ltr'>qui</span> <span class='ocrx_word' id='word_1_357' title='bbox 1254 1027 1359 1064; x_wconf 82' lang='lat' dir='ltr'>postea</span> <span class='ocrx_word' id='word_1_358' title='bbox 1374 1023 1500 1064; x_wconf 76' lang='lat' dir='ltr'>Assyrii</span> <span class='ocrx_word' id='word_1_359' title='bbox 1521 1025 1609 1056; x_wconf 77' lang='lat' dir='ltr'>dicti.</span> <span class='ocrx_word' id='word_1_360' title='bbox 1636 1025 1697 1056; x_wconf 92' lang='lat' dir='ltr'>Ni-</span> 
     </span>
     <span class='ocr_line' id='line_1_65' title="bbox 994 1073 1694 1114; baseline 0.004 -11"><span class='ocrx_word' id='word_1_361' title='bbox 994 1073 1042 1103; x_wconf 88' lang='lat' dir='ltr'>hil</span> <span class='ocrx_word' id='word_1_362' title='bbox 1058 1073 1169 1104; x_wconf 87' lang='lat' dir='ltr'>verius</span> <span class='ocrx_word' id='word_1_363' title='bbox 1190 1073 1323 1114; x_wconf 89' lang='lat' dir='ltr'>judicio</span> <span class='ocrx_word' id='word_1_364' title='bbox 1343 1073 1498 1105; x_wconf 90' lang='lat' dir='ltr'>Salmasii</span> <span class='ocrx_word' id='word_1_365' title='bbox 1527 1075 1561 1105; x_wconf 90' lang='lat' dir='ltr'>in</span> <span class='ocrx_word' id='word_1_366' title='bbox 1588 1075 1694 1106; x_wconf 90' lang='lat' dir='ltr'>Solin.</span> 
     </span>
     <span class='ocr_line' id='line_1_66' title="bbox 996 1123 1697 1163; baseline 0.003 -9"><span class='ocrx_word' id='word_1_367' title='bbox 996 1126 1091 1156; x_wconf 83' lang='lat'>1228.</span> <span class='ocrx_word' id='word_1_368' title='bbox 1106 1123 1148 1154; x_wconf 89' lang='lat' dir='ltr'>A.</span> <span class='ocrx_word' id='word_1_369' title='bbox 1167 1126 1196 1155; x_wconf 92' lang='lat' dir='ltr'>l.</span> <span class='ocrx_word' id='word_1_370' title='bbox 1229 1124 1310 1163; x_wconf 90' lang='lat' dir='ltr'>Sed,</span> <span class='ocrx_word' id='word_1_371' title='bbox 1333 1124 1432 1156; x_wconf 86' lang='lat' dir='ltr'>codd.</span> <span class='ocrx_word' id='word_1_372' title='bbox 1457 1125 1542 1156; x_wconf 86' lang='lat' dir='ltr'>Mss.</span> <span class='ocrx_word' id='word_1_373' title='bbox 1559 1135 1697 1157; x_wconf 90' lang='lat' dir='ltr'>consen-</span> 
     </span>
     <span class='ocr_line' id='line_1_67' title="bbox 997 1174 1692 1214; baseline 0.003 -10"><span class='ocrx_word' id='word_1_374' title='bbox 997 1183 1070 1204; x_wconf 87' lang='lat' dir='ltr'>sum</span> <span class='ocrx_word' id='word_1_375' title='bbox 1097 1178 1247 1214; x_wconf 87' lang='lat' dir='ltr'>secutus,</span> <span class='ocrx_word' id='word_1_376' title='bbox 1271 1174 1354 1205; x_wconf 89' lang='lat' dir='ltr'>nihil</span> <span class='ocrx_word' id='word_1_377' title='bbox 1377 1175 1574 1206; x_wconf 86' lang='lat' dir='ltr'>mutandum</span> <span class='ocrx_word' id='word_1_378' title='bbox 1591 1175 1692 1214; x_wconf 82' lang='lat' dir='ltr'>duxi;</span> 
     </span>
     <span class='ocr_line' id='line_1_68' title="bbox 996 1222 1696 1266; baseline 0.003 -12"><span class='ocrx_word' id='word_1_379' title='bbox 996 1223 1110 1264; x_wconf 86' lang='lat' dir='ltr'>potius</span> <span class='ocrx_word' id='word_1_380' title='bbox 1134 1228 1186 1254; x_wconf 89' lang='lat' dir='ltr'>est</span> <span class='ocrx_word' id='word_1_381' title='bbox 1210 1229 1248 1254; x_wconf 93' lang='lat' dir='ltr'>ut</span> <span class='ocrx_word' id='word_1_382' title='bbox 1266 1222 1403 1255; x_wconf 88' lang='lat' dir='ltr'>Autoris</span> <span class='ocrx_word' id='word_1_383' title='bbox 1423 1224 1582 1265; x_wconf 86' lang='grc' dir='ltr'>παρόραμα</span> <span class='ocrx_word' id='word_1_384' title='bbox 1596 1235 1696 1266; x_wconf 88' lang='lat' dir='ltr'>quam</span> 
     </span>
     <span class='ocr_line' id='line_1_69' title="bbox 996 1274 1697 1305; baseline 0 -1"><span class='ocrx_word' id='word_1_385' title='bbox 996 1274 1210 1305; x_wconf 90' lang='lat' dir='ltr'>librariorum</span> <span class='ocrx_word' id='word_1_386' title='bbox 1233 1274 1424 1305; x_wconf 87' lang='lat' dir='ltr'>credamus.</span> <span class='ocrx_word' id='word_1_387' title='bbox 1479 1274 1559 1305; x_wconf 84' lang='lat' dir='ltr'>Vid.</span> <span class='ocrx_word' id='word_1_388' title='bbox 1584 1279 1697 1305; x_wconf 78' lang='lat' dir='ltr'>tamen</span> 
     </span>
     <span class='ocr_line' id='line_1_70' title="bbox 995 1322 1697 1364; baseline 0.003 -10"><span class='ocrx_word' id='word_1_389' title='bbox 995 1323 1119 1363; x_wconf 83' lang='lat' dir='ltr'>Scalig.</span> <span class='ocrx_word' id='word_1_390' title='bbox 1147 1323 1181 1353; x_wconf 90' lang='lat' dir='ltr'>in</span> <span class='ocrx_word' id='word_1_391' title='bbox 1197 1322 1376 1354; x_wconf 89' lang='lat' dir='ltr'>Animadv.</span> <span class='ocrx_word' id='word_1_392' title='bbox 1392 1323 1433 1354; x_wconf 85' lang='lat' dir='ltr'>ad</span> <span class='ocrx_word' id='word_1_393' title='bbox 1449 1323 1575 1355; x_wconf 87' lang='lat' dir='ltr'>Euseb.</span> <span class='ocrx_word' id='word_1_394' title='bbox 1594 1334 1626 1364; x_wconf 84' lang='lat' dir='ltr'>p.</span> <span class='ocrx_word' id='word_1_395' title='bbox 1643 1327 1697 1356; x_wconf 79' lang='lat'>24.</span> 
     </span>
     <span class='ocr_line' id='line_1_71' title="bbox 995 1372 1697 1414; baseline 0.001 -10"><span class='ocrx_word' id='word_1_396' title='bbox 995 1372 1019 1406; x_wconf 90' lang='lat' dir='ltr'>f.</span> <span class='ocrx_word' id='word_1_397' title='bbox 1035 1377 1066 1405; x_wconf 93' lang='lat'>1.</span> <span class='ocrx_word' id='word_1_398' title='bbox 1081 1378 1117 1405; x_wconf 87' lang='lat' dir='ltr'>et</span> <span class='ocrx_word' id='word_1_399' title='bbox 1130 1373 1263 1405; x_wconf 87' lang='lat' dir='ltr'>Selden.</span> <span class='ocrx_word' id='word_1_400' title='bbox 1285 1373 1328 1404; x_wconf 87' lang='lat' dir='ltr'>de</span> <span class='ocrx_word' id='word_1_401' title='bbox 1352 1373 1429 1404; x_wconf 89' lang='lat' dir='ltr'>Diis</span> <span class='ocrx_word' id='word_1_402' title='bbox 1452 1373 1544 1414; x_wconf 80' lang='lat' dir='ltr'>Syris</span> <span class='ocrx_word' id='word_1_403' title='bbox 1561 1374 1697 1414; x_wconf 88' lang='lat' dir='ltr'>Proleg.</span> 
     </span>
     <span class='ocr_line' id='line_1_72' title="bbox 996 1422 1696 1464; baseline 0 -10"><span class='ocrx_word' id='word_1_404' title='bbox 996 1433 1031 1464; x_wconf 88' lang='lat' dir='ltr'>p.</span> <span class='ocrx_word' id='word_1_405' title='bbox 1047 1426 1078 1454; x_wconf 86' lang='grc'>4.</span> <span class='ocrx_word' id='word_1_406' title='bbox 1091 1422 1116 1454; x_wconf 91' lang='lat' dir='ltr'>f.</span> <span class='ocrx_word' id='word_1_407' title='bbox 1134 1424 1278 1454; x_wconf 89' lang='lat' dir='ltr'>Hieron.</span> <span class='ocrx_word' id='word_1_408' title='bbox 1291 1423 1324 1454; x_wconf 93' lang='lat' dir='ltr'>in</span> <span class='ocrx_word' id='word_1_409' title='bbox 1339 1431 1417 1454; x_wconf 79' lang='lat' dir='ltr'>xlx.</span> <span class='ocrx_word' id='word_1_410' title='bbox 1433 1423 1545 1454; x_wconf 85' lang='lat' dir='ltr'>Iesaia</span> <span class='ocrx_word' id='word_1_411' title='bbox 1558 1435 1566 1455; x_wconf 78' lang='lat' dir='ltr'>z</span> <span class='ocrx_word' id='word_1_412' title='bbox 1581 1424 1589 1440; x_wconf 88' lang='lat'>‘</span> <span class='ocrx_word' id='word_1_413' title='bbox 1602 1424 1696 1456; x_wconf 83' lang='lat' dir='ltr'>Quos</span> 
     </span>
     <span class='ocr_line' id='line_1_73' title="bbox 996 1473 1699 1515; baseline -0.001 -12"><span class='ocrx_word' id='word_1_414' title='bbox 996 1478 1131 1505; x_wconf 88' lang='lat' dir='ltr'>veteres</span> <span class='ocrx_word' id='word_1_415' title='bbox 1155 1473 1322 1515; x_wconf 89' lang='lat' dir='ltr'>Assyrios,</span> <span class='ocrx_word' id='word_1_416' title='bbox 1342 1484 1431 1505; x_wconf 91' lang='lat' dir='ltr'>nunc</span> <span class='ocrx_word' id='word_1_417' title='bbox 1454 1484 1611 1505; x_wconf 86' lang='lat' dir='ltr'>vocamus</span> <span class='ocrx_word' id='word_1_418' title='bbox 1638 1474 1699 1515; x_wconf 85' lang='lat' dir='ltr'>Sy.</span> 
     </span>
     <span class='ocr_line' id='line_1_74' title="bbox 996 1523 1698 1556; baseline 0.001 -2"><span class='ocrx_word' id='word_1_419' title='bbox 996 1523 1075 1555; x_wconf 69' lang='lat'>1&#39;080’</span> <span class='ocrx_word' id='word_1_420' title='bbox 1112 1525 1297 1556; x_wconf 82' lang='lat' dir='ltr'>Berneccer.</span> <span class='ocrx_word' id='word_1_421' title='bbox 1342 1525 1419 1556; x_wconf 93' lang='lat' dir='ltr'>Hoc</span> <span class='ocrx_word' id='word_1_422' title='bbox 1447 1530 1501 1555; x_wconf 83' lang='lat' dir='ltr'>est</span> <span class='ocrx_word' id='word_1_423' title='bbox 1528 1534 1698 1555; x_wconf 86' lang='lat' dir='ltr'>commen-</span> 
     </span>
     <span class='ocr_line' id='line_1_75' title="bbox 998 1574 1696 1616; baseline 0 -11"><span class='ocrx_word' id='word_1_424' title='bbox 998 1578 1068 1605; x_wconf 87' lang='lat' dir='ltr'>tum</span> <span class='ocrx_word' id='word_1_425' title='bbox 1098 1575 1237 1615; x_wconf 85' lang='lat' dir='ltr'>Ctesiae,</span> <span class='ocrx_word' id='word_1_426' title='bbox 1270 1585 1335 1616; x_wconf 88' lang='lat' dir='ltr'>quo</span> <span class='ocrx_word' id='word_1_427' title='bbox 1359 1579 1468 1606; x_wconf 84' lang='lat' dir='ltr'>totum</span> <span class='ocrx_word' id='word_1_428' title='bbox 1492 1574 1564 1605; x_wconf 79' lang='lat' dir='ltr'>fere</span> <span class='ocrx_word' id='word_1_429' title='bbox 1581 1575 1696 1606; x_wconf 87' lang='lat' dir='ltr'>orbem</span> 
     </span>
     <span class='ocr_line' id='line_1_76' title="bbox 997 1622 1699 1664; baseline 0.003 -11"><span class='ocrx_word' id='word_1_430' title='bbox 997 1622 1188 1655; x_wconf 85' lang='lat' dir='ltr'>fascinavit.</span> <span class='ocrx_word' id='word_1_431' title='bbox 1232 1625 1353 1655; x_wconf 76' lang='lat' dir='ltr'>Verius</span> <span class='ocrx_word' id='word_1_432' title='bbox 1370 1624 1497 1655; x_wconf 88' lang='lat' dir='ltr'>Herod.</span> <span class='ocrx_word' id='word_1_433' title='bbox 1515 1634 1540 1655; x_wconf 92' lang='lat'>1.</span> <span class='ocrx_word' id='word_1_434' title='bbox 1554 1627 1605 1655; x_wconf 84' lang='lat'>95.</span> <span class='ocrx_word' id='word_1_435' title='bbox 1622 1634 1699 1664; x_wconf 92' lang='lat' dir='ltr'>pro-</span> 
     </span>
     <span class='ocr_line' id='line_1_77' title="bbox 997 1673 1697 1714; baseline 0.003 -11"><span class='ocrx_word' id='word_1_436' title='bbox 997 1673 1084 1704; x_wconf 89' lang='lat' dir='ltr'>didit</span> <span class='ocrx_word' id='word_1_437' title='bbox 1099 1673 1257 1714; x_wconf 88' lang='lat' dir='ltr'>Assyrios</span> <span class='ocrx_word' id='word_1_438' title='bbox 1284 1673 1375 1705; x_wconf 80' lang='lat' dir='ltr'>Asiae</span> <span class='ocrx_word' id='word_1_439' title='bbox 1402 1674 1568 1714; x_wconf 83' lang='lat' dir='ltr'>superiori</span> <span class='ocrx_word' id='word_1_440' title='bbox 1592 1675 1697 1714; x_wconf 89' lang='lat' dir='ltr'>impe-</span> 
     </span>
     <span class='ocr_line' id='line_1_78' title="bbox 997 1723 1696 1764; baseline 0 -10"><span class='ocrx_word' id='word_1_441' title='bbox 997 1733 1088 1754; x_wconf 88' lang='lat' dir='ltr'>rasse</span> <span class='ocrx_word' id='word_1_442' title='bbox 1106 1733 1208 1754; x_wconf 91' lang='lat' dir='ltr'>annos</span> <span class='ocrx_word' id='word_1_443' title='bbox 1231 1726 1305 1754; x_wconf 86' lang='grc'><strong>520.</strong></span> <span class='ocrx_word' id='word_1_444' title='bbox 1324 1733 1399 1754; x_wconf 90' lang='lat' dir='ltr'>cum</span> <span class='ocrx_word' id='word_1_445' title='bbox 1425 1723 1520 1754; x_wconf 88' lang='lat' dir='ltr'>Medi</span> <span class='ocrx_word' id='word_1_446' title='bbox 1538 1724 1637 1764; x_wconf 89' lang='lat' dir='ltr'>primi</span> <span class='ocrx_word' id='word_1_447' title='bbox 1654 1724 1696 1754; x_wconf 86' lang='lat' dir='ltr'>ab</span> 
     </span>
     <span class='ocr_line' id='line_1_79' title="bbox 998 1773 1697 1814; baseline 0.001 -11"><span class='ocrx_word' id='word_1_448' title='bbox 998 1773 1037 1804; x_wconf 88' lang='lat' dir='ltr'>iis</span> <span class='ocrx_word' id='word_1_449' title='bbox 1067 1773 1214 1805; x_wconf 81' lang='lat' dir='ltr'>deficere</span> <span class='ocrx_word' id='word_1_450' title='bbox 1240 1773 1416 1813; x_wconf 84' lang='lat' dir='ltr'>coeperint.</span> <span class='ocrx_word' id='word_1_451' title='bbox 1460 1773 1538 1804; x_wconf 89' lang='lat' dir='ltr'>Hoc</span> <span class='ocrx_word' id='word_1_452' title='bbox 1563 1778 1697 1814; x_wconf 89' lang='lat' dir='ltr'>tempus</span> 
     </span>
     <span class='ocr_line' id='line_1_80' title="bbox 997 1822 1698 1863; baseline 0.001 -9"><span class='ocrx_word' id='word_1_453' title='bbox 997 1823 1119 1854; x_wconf 92' lang='lat' dir='ltr'>incidit</span> <span class='ocrx_word' id='word_1_454' title='bbox 1134 1824 1168 1854; x_wconf 91' lang='lat' dir='ltr'>in</span> <span class='ocrx_word' id='word_1_455' title='bbox 1182 1824 1365 1863; x_wconf 87' lang='lat' dir='ltr'>Trojanum</span> <span class='ocrx_word' id='word_1_456' title='bbox 1382 1822 1520 1863; x_wconf 88' lang='lat' dir='ltr'>bellum,</span> <span class='ocrx_word' id='word_1_457' title='bbox 1541 1834 1616 1855; x_wconf 89' lang='lat' dir='ltr'>cum</span> <span class='ocrx_word' id='word_1_458' title='bbox 1639 1824 1698 1856; x_wconf 85' lang='lat' dir='ltr'>Gi-</span> 
     </span>
     <span class='ocr_line' id='line_1_81' title="bbox 1000 1874 1697 1915; baseline 0 -9"><span class='ocrx_word' id='word_1_459' title='bbox 1000 1875 1086 1906; x_wconf 88' lang='lat' dir='ltr'>deon</span> <span class='ocrx_word' id='word_1_460' title='bbox 1098 1874 1206 1915; x_wconf 82' lang='lat' dir='ltr'>judex</span> <span class='ocrx_word' id='word_1_461' title='bbox 1224 1874 1379 1905; x_wconf 76' lang='lat' dir='ltr'>Hebraeis</span> <span class='ocrx_word' id='word_1_462' title='bbox 1396 1879 1573 1913; x_wconf 86' lang='lat' dir='ltr'>praeesset.</span> <span class='ocrx_word' id='word_1_463' title='bbox 1606 1875 1697 1906; x_wconf 88' lang='lat' dir='ltr'>Hinc</span> 
     </span>
     <span class='ocr_line' id='line_1_82' title="bbox 997 1924 1698 1966; baseline 0 -10"><span class='ocrx_word' id='word_1_464' title='bbox 997 1930 1033 1956; x_wconf 91' lang='lat' dir='ltr'>et</span> <span class='ocrx_word' id='word_1_465' title='bbox 1048 1924 1257 1965; x_wconf 85' lang='lat' dir='ltr'>Porphyrius</span> <span class='ocrx_word' id='word_1_466' title='bbox 1282 1934 1336 1964; x_wconf 89' lang='lat' dir='ltr'>ap.</span> <span class='ocrx_word' id='word_1_467' title='bbox 1368 1924 1492 1955; x_wconf 89' lang='lat' dir='ltr'>Enseb.</span> <span class='ocrx_word' id='word_1_468' title='bbox 1515 1924 1558 1955; x_wconf 91' lang='lat' dir='ltr'>de</span> <span class='ocrx_word' id='word_1_469' title='bbox 1581 1925 1698 1966; x_wconf 88' lang='lat' dir='ltr'>Praep.</span> 
     </span>
     <span class='ocr_line' id='line_1_83' title="bbox 997 1974 1698 2014; baseline 0.001 -9"><span class='ocrx_word' id='word_1_470' title='bbox 997 1976 1127 2014; x_wconf 84' lang='lat' dir='ltr'>Evang.</span> <span class='ocrx_word' id='word_1_471' title='bbox 1149 1974 1377 2005; x_wconf 88' lang='lat' dir='ltr'>Semiramidis</span> <span class='ocrx_word' id='word_1_472' title='bbox 1394 1979 1537 2005; x_wconf 86' lang='lat' dir='ltr'>matrem</span> <span class='ocrx_word' id='word_1_473' title='bbox 1554 1975 1596 2005; x_wconf 87' lang='lat' dir='ltr'>ad</span> <span class='ocrx_word' id='word_1_474' title='bbox 1612 1976 1698 2006; x_wconf 89' lang='lat' dir='ltr'>Tro-</span> 
     </span>
     <span class='ocr_line' id='line_1_84' title="bbox 992 2024 1698 2066; baseline 0 -10"><span class='ocrx_word' id='word_1_475' title='bbox 992 2026 1076 2066; x_wconf 87' lang='lat' dir='ltr'>jana</span> <span class='ocrx_word' id='word_1_476' title='bbox 1104 2024 1210 2056; x_wconf 85' lang='lat' dir='ltr'>refert</span> <span class='ocrx_word' id='word_1_477' title='bbox 1238 2029 1403 2065; x_wconf 84' lang='lat' dir='ltr'>tempora.</span> <span class='ocrx_word' id='word_1_478' title='bbox 1450 2026 1547 2056; x_wconf 85' lang='lat' dir='ltr'>Illam</span> <span class='ocrx_word' id='word_1_479' title='bbox 1567 2026 1698 2057; x_wconf 89' lang='lat' dir='ltr'>Herod.</span> 
     </span>
     <span class='ocr_line' id='line_1_85' title="bbox 998 2075 1698 2108; baseline 0 -1"><span class='ocrx_word' id='word_1_480' title='bbox 998 2075 1117 2107; x_wconf 90' lang='lat' dir='ltr'>scribit</span> <span class='ocrx_word' id='word_1_481' title='bbox 1144 2084 1169 2106; x_wconf 87' lang='lat'>1.</span> <span class='ocrx_word' id='word_1_482' title='bbox 1199 2078 1272 2106; x_wconf 76' lang='lat'>184.</span> <span class='ocrx_word' id='word_1_483' title='bbox 1296 2080 1376 2106; x_wconf 90' lang='lat' dir='ltr'>ante</span> <span class='ocrx_word' id='word_1_484' title='bbox 1397 2075 1558 2107; x_wconf 88' lang='lat' dir='ltr'>Nitocrin</span> <span class='ocrx_word' id='word_1_485' title='bbox 1574 2076 1698 2108; x_wconf 86' lang='lat' dir='ltr'>vixisse</span> 
     </span>
     <span class='ocr_line' id='line_1_86' title="bbox 998 2125 1699 2167; baseline 0.003 -11"><span class='ocrx_word' id='word_1_486' title='bbox 998 2129 1117 2157; x_wconf 88' lang='lat' dir='ltr'>aetates</span> <span class='ocrx_word' id='word_1_487' title='bbox 1146 2129 1179 2156; x_wconf 85' lang='lat'>5.</span> <span class='ocrx_word' id='word_1_488' title='bbox 1216 2136 1290 2167; x_wconf 85' lang='lat' dir='ltr'>quae</span> <span class='ocrx_word' id='word_1_489' title='bbox 1318 2125 1467 2157; x_wconf 90' lang='lat' dir='ltr'>nondum</span> <span class='ocrx_word' id='word_1_490' title='bbox 1494 2136 1597 2157; x_wconf 88' lang='lat' dir='ltr'>annos</span> <span class='ocrx_word' id='word_1_491' title='bbox 1623 2129 1699 2158; x_wconf 91' lang='grc'><strong>200.</strong></span> 
     </span>
     <span class='ocr_line' id='line_1_87' title="bbox 998 2175 1699 2207; baseline 0.001 -1"><span class='ocrx_word' id='word_1_492' title='bbox 998 2175 1194 2207; x_wconf 90' lang='lat' dir='ltr'>conficiunt.</span> <span class='ocrx_word' id='word_1_493' title='bbox 1253 2176 1406 2207; x_wconf 89' lang='lat' dir='ltr'>Nitocris</span> <span class='ocrx_word' id='word_1_494' title='bbox 1445 2180 1558 2207; x_wconf 91' lang='lat' dir='ltr'>autem</span> <span class='ocrx_word' id='word_1_495' title='bbox 1590 2181 1699 2207; x_wconf 86' lang='lat' dir='ltr'>mater</span> 
     </span>
     <span class='ocr_line' id='line_1_88' title="bbox 996 2224 1698 2267; baseline 0.003 -12"><span class='ocrx_word' id='word_1_496' title='bbox 996 2224 1060 2256; x_wconf 87' lang='lat' dir='ltr'>fuit</span> <span class='ocrx_word' id='word_1_497' title='bbox 1074 2225 1235 2266; x_wconf 89' lang='lat' dir='ltr'>Labyniti</span> <span class='ocrx_word' id='word_1_498' title='bbox 1251 2226 1339 2266; x_wconf 83' lang='lat' dir='ltr'>regis</span> <span class='ocrx_word' id='word_1_499' title='bbox 1353 2225 1627 2267; x_wconf 85' lang='lat' dir='ltr'>Babyloniorum,</span> <span class='ocrx_word' id='word_1_500' title='bbox 1642 2236 1698 2258; x_wconf 91' lang='lat' dir='ltr'>cu-</span> 
     </span>
     <span class='ocr_line' id='line_1_89' title="bbox 991 2274 1699 2316; baseline 0.001 -11"><span class='ocrx_word' id='word_1_501' title='bbox 991 2275 1051 2315; x_wconf 91' lang='lat' dir='ltr'>jus</span> <span class='ocrx_word' id='word_1_502' title='bbox 1079 2279 1231 2315; x_wconf 87' lang='lat' dir='ltr'>tempore</span> <span class='ocrx_word' id='word_1_503' title='bbox 1266 2275 1423 2316; x_wconf 89' lang='lat' dir='ltr'>Babylon</span> <span class='ocrx_word' id='word_1_504' title='bbox 1459 2280 1560 2316; x_wconf 91' lang='lat' dir='ltr'>capta</span> <span class='ocrx_word' id='word_1_505' title='bbox 1589 2274 1654 2314; x_wconf 81' lang='lat' dir='ltr'>fuit</span> <span class='ocrx_word' id='word_1_506' title='bbox 1679 2285 1699 2306; x_wconf 89' lang='lat' dir='ltr'>a</span> 
     </span>
     <span class='ocr_line' id='line_1_90' title="bbox 998 2324 1699 2366; baseline 0.001 -11"><span class='ocrx_word' id='word_1_507' title='bbox 998 2325 1098 2365; x_wconf 88' lang='lat' dir='ltr'>Cyro.</span> <span class='ocrx_word' id='word_1_508' title='bbox 1142 2325 1208 2355; x_wconf 90' lang='lat' dir='ltr'>Illa</span> <span class='ocrx_word' id='word_1_509' title='bbox 1228 2324 1347 2356; x_wconf 86' lang='lat' dir='ltr'>falsam</span> <span class='ocrx_word' id='word_1_510' title='bbox 1364 2324 1579 2365; x_wconf 87' lang='lat' dir='ltr'>Assyriorum</span> <span class='ocrx_word' id='word_1_511' title='bbox 1605 2325 1699 2366; x_wconf 85' lang='lat' dir='ltr'>regni</span> 
     </span>
     <span class='ocr_line' id='line_1_91' title="bbox 999 2374 1699 2416; baseline 0.001 -11"><span class='ocrx_word' id='word_1_512' title='bbox 999 2374 1235 2415; x_wconf 79' lang='lat' dir='ltr'>antiquitatem</span> <span class='ocrx_word' id='word_1_513' title='bbox 1253 2375 1378 2415; x_wconf 88' lang='lat' dir='ltr'>primus</span> <span class='ocrx_word' id='word_1_514' title='bbox 1392 2375 1601 2416; x_wconf 84' lang='lat' dir='ltr'>impugnavit</span> <span class='ocrx_word' id='word_1_515' title='bbox 1612 2375 1699 2406; x_wconf 90' lang='lat' dir='ltr'>Her-</span> 
     </span>
     <span class='ocr_line' id='line_1_92' title="bbox 997 2425 1698 2466; baseline -0.001 -10"><span class='ocrx_word' id='word_1_516' title='bbox 997 2435 1110 2457; x_wconf 89' lang='lat' dir='ltr'>mann.</span> <span class='ocrx_word' id='word_1_517' title='bbox 1127 2425 1289 2466; x_wconf 82' lang='lat' dir='ltr'>Conring.</span> <span class='ocrx_word' id='word_1_518' title='bbox 1316 2426 1428 2456; x_wconf 88' lang='lat' dir='ltr'>lumen</span> <span class='ocrx_word' id='word_1_519' title='bbox 1443 2425 1648 2465; x_wconf 70' lang='lat' dir='ltr'>Germaniae,</span> <span class='ocrx_word' id='word_1_520' title='bbox 1664 2425 1698 2456; x_wconf 88' lang='lat' dir='ltr'>in</span> 
     </span>
     <span class='ocr_line' id='line_1_93' title="bbox 999 2475 1699 2516; baseline 0 -10"><span class='ocrx_word' id='word_1_521' title='bbox 999 2475 1210 2507; x_wconf 87' lang='lat' dir='ltr'>Adversariis</span> <span class='ocrx_word' id='word_1_522' title='bbox 1223 2476 1480 2516; x_wconf 84' lang='lat' dir='ltr'>Chronologicis</span> <span class='ocrx_word' id='word_1_523' title='bbox 1496 2476 1538 2506; x_wconf 89' lang='lat' dir='ltr'>de</span> <span class='ocrx_word' id='word_1_524' title='bbox 1556 2475 1645 2506; x_wconf 75' lang='lat' dir='ltr'>Asiae</span> <span class='ocrx_word' id='word_1_525' title='bbox 1663 2480 1699 2507; x_wconf 89' lang='lat' dir='ltr'>et</span> 
     </span>
     <span class='ocr_line' id='line_1_94' title="bbox 997 2525 1698 2566; baseline 0.001 -11"><span class='ocrx_word' id='word_1_526' title='bbox 997 2525 1135 2565; x_wconf 82' lang='lat' dir='ltr'>AEgypti</span> <span class='ocrx_word' id='word_1_527' title='bbox 1146 2525 1382 2566; x_wconf 87' lang='lat' dir='ltr'>antiquissimis</span> <span class='ocrx_word' id='word_1_528' title='bbox 1395 2525 1572 2566; x_wconf 81' lang='lat' dir='ltr'>Dynastiis</span> <span class='ocrx_word' id='word_1_529' title='bbox 1586 2537 1594 2563; x_wconf 84' lang='lat'><em>3</em></span> <span class='ocrx_word' id='word_1_530' title='bbox 1609 2530 1698 2566; x_wconf 86' lang='lat' dir='ltr'>post-</span> 
     </span>
     <span class='ocr_line' id='line_1_95' title="bbox 999 2575 1698 2615; baseline 0 -10"><span class='ocrx_word' id='word_1_531' title='bbox 999 2584 1040 2605; x_wconf 91' lang='lat' dir='ltr'>ea</span> <span class='ocrx_word' id='word_1_532' title='bbox 1069 2584 1209 2615; x_wconf 86' lang='lat' dir='ltr'>magnus</span> <span class='ocrx_word' id='word_1_533' title='bbox 1247 2576 1365 2606; x_wconf 86' lang='lat' dir='ltr'>Usser.</span> <span class='ocrx_word' id='word_1_534' title='bbox 1401 2575 1631 2606; x_wconf 87' lang='lat' dir='ltr'>Armachanus</span> <span class='ocrx_word' id='word_1_535' title='bbox 1663 2576 1698 2605; x_wconf 89' lang='lat' dir='ltr'>in</span> 
     </span>
     <span class='ocr_line' id='line_1_96' title="bbox 998 2623 1700 2663; baseline 0 -8"><span class='ocrx_word' id='word_1_536' title='bbox 998 2623 1186 2655; x_wconf 82' lang='lat' dir='ltr'>Annalibus</span> <span class='ocrx_word' id='word_1_537' title='bbox 1198 2625 1279 2656; x_wconf 82' lang='lat' dir='ltr'>Vet.</span> <span class='ocrx_word' id='word_1_538' title='bbox 1296 2624 1390 2655; x_wconf 85' lang='lat' dir='ltr'>Foed.</span> <span class='ocrx_word' id='word_1_539' title='bbox 1407 2624 1649 2663; x_wconf 83' lang='lat' dir='ltr'>labefactavit3</span> <span class='ocrx_word' id='word_1_540' title='bbox 1665 2629 1700 2655; x_wconf 84' lang='lat' dir='ltr'>et</span> 
     </span>
     <span class='ocr_line' id='line_1_97' title="bbox 999 2674 1698 2706; baseline -0.003 0"><span class='ocrx_word' id='word_1_541' title='bbox 999 2674 1136 2706; x_wconf 89' lang='lat' dir='ltr'>tandem</span> <span class='ocrx_word' id='word_1_542' title='bbox 1153 2674 1279 2705; x_wconf 87' lang='lat' dir='ltr'>evertit</span> <span class='ocrx_word' id='word_1_543' title='bbox 1303 2674 1442 2705; x_wconf 87' lang='lat' dir='ltr'>illustris</span> <span class='ocrx_word' id='word_1_544' title='bbox 1465 2675 1648 2704; x_wconf 71' lang='lat' dir='ltr'>Marsuam.</span> <span class='ocrx_word' id='word_1_545' title='bbox 1664 2674 1698 2704; x_wconf 89' lang='lat' dir='ltr'>in</span> 
     </span>
     <span class='ocr_line' id='line_1_98' title="bbox 1000 2723 1699 2764; baseline -0.004 -7"><span class='ocrx_word' id='word_1_546' title='bbox 1000 2726 1137 2757; x_wconf 90' lang='lat' dir='ltr'>Canone</span> <span class='ocrx_word' id='word_1_547' title='bbox 1155 2725 1313 2756; x_wconf 90' lang='lat' dir='ltr'>Chronol.</span> <span class='ocrx_word' id='word_1_548' title='bbox 1339 2724 1348 2741; x_wconf 88' lang='lat'>‘</span> <span class='ocrx_word' id='word_1_549' title='bbox 1362 2725 1481 2764; x_wconf 89' lang='lat' dir='ltr'>Syrus&#39;</span> <span class='ocrx_word' id='word_1_550' title='bbox 1510 2728 1546 2755; x_wconf 86' lang='lat' dir='ltr'>ct</span> <span class='ocrx_word' id='word_1_551' title='bbox 1569 2724 1579 2741; x_wconf 86' lang='lat'>‘</span> <span class='ocrx_word' id='word_1_552' title='bbox 1594 2723 1699 2763; x_wconf 87' lang='lat' dir='ltr'>Assy-</span> 
     </span>
     <span class='ocr_line' id='line_1_99' title="bbox 999 2773 1700 2814; baseline -0.003 -8"><span class='ocrx_word' id='word_1_553' title='bbox 999 2774 1088 2806; x_wconf 85' lang='lat' dir='ltr'>rius&#39;</span> <span class='ocrx_word' id='word_1_554' title='bbox 1115 2774 1229 2805; x_wconf 60' lang='lat' dir='ltr'>Graeci</span> <span class='ocrx_word' id='word_1_555' title='bbox 1252 2778 1286 2804; x_wconf 90' lang='lat' dir='ltr'>et</span> <span class='ocrx_word' id='word_1_556' title='bbox 1304 2774 1415 2805; x_wconf 86' lang='lat' dir='ltr'>Latini</span> <span class='ocrx_word' id='word_1_557' title='bbox 1431 2783 1524 2814; x_wconf 85' lang='lat' dir='ltr'>saepe</span> <span class='ocrx_word' id='word_1_558' title='bbox 1541 2773 1700 2805; x_wconf 90' lang='lat' dir='ltr'>confude-</span> 
     </span>
     <span class='ocr_line' id='line_1_100' title="bbox 999 2823 1699 2864; baseline -0.001 -8"><span class='ocrx_word' id='word_1_559' title='bbox 999 2829 1091 2864; x_wconf 89' lang='lat' dir='ltr'>runt,</span> <span class='ocrx_word' id='word_1_560' title='bbox 1108 2828 1146 2855; x_wconf 91' lang='lat' dir='ltr'>ut</span> <span class='ocrx_word' id='word_1_561' title='bbox 1168 2828 1203 2855; x_wconf 87' lang='lat' dir='ltr'>et</span> <span class='ocrx_word' id='word_1_562' title='bbox 1225 2823 1366 2854; x_wconf 83' lang='lat' dir='ltr'>Salmas.</span> <span class='ocrx_word' id='word_1_563' title='bbox 1395 2829 1430 2855; x_wconf 92' lang='lat' dir='ltr'>et</span> <span class='ocrx_word' id='word_1_564' title='bbox 1452 2824 1614 2855; x_wconf 81' lang='lat' dir='ltr'>Bochart.</span> <span class='ocrx_word' id='word_1_565' title='bbox 1641 2824 1699 2855; x_wconf 88' lang='lat' dir='ltr'>do-</span> 
     </span>
     <span class='ocr_line' id='line_1_101' title="bbox 1000 2873 1697 2914; baseline -0.003 -8"><span class='ocrx_word' id='word_1_566' title='bbox 1000 2878 1154 2906; x_wconf 86' lang='lat' dir='ltr'>cuerunt.</span> <span class='ocrx_word' id='word_1_567' title='bbox 1208 2873 1275 2904; x_wconf 90' lang='lat' dir='ltr'>Sed</span> <span class='ocrx_word' id='word_1_568' title='bbox 1305 2874 1412 2913; x_wconf 81' lang='lat' dir='ltr'>Syriae</span> <span class='ocrx_word' id='word_1_569' title='bbox 1448 2883 1569 2904; x_wconf 86' lang='lat' dir='ltr'>nomen</span> <span class='ocrx_word' id='word_1_570' title='bbox 1597 2874 1697 2914; x_wconf 84' lang='lat' dir='ltr'>longe</span> 
     </span>
     <span class='ocr_line' id='line_1_102' title="bbox 1000 2923 1696 2965; baseline -0.004 -8"><span class='ocrx_word' id='word_1_571' title='bbox 1000 2924 1168 2957; x_wconf 85' lang='lat' dir='ltr'>recentius</span> <span class='ocrx_word' id='word_1_572' title='bbox 1196 2928 1261 2964; x_wconf 87' lang='lat' dir='ltr'>est,</span> <span class='ocrx_word' id='word_1_573' title='bbox 1290 2933 1389 2965; x_wconf 87' lang='lat' dir='ltr'>quam</span> <span class='ocrx_word' id='word_1_574' title='bbox 1414 2923 1574 2965; x_wconf 71' lang='lat' dir='ltr'>Assyriae.</span> <span class='ocrx_word' id='word_1_575' title='bbox 1619 2923 1696 2963; x_wconf 86' lang='lat' dir='ltr'>Syri</span> 
     </span>
    </p>
   </div>
  </div>
 </body>
</html>
