2101 3419
355 353 441 394 906

354 460 456 486 natus
471 458 524 485 est
539 454 670 486 Vocula
692 463 746 494 ap.
761 453 860 485 eund.
877 454 923 485 H.
939 463 988 486 1v.
1003 457 1055 486 56.

355 511 391 536 et
408 505 592 536 declinavit
613 505 795 536 Eteonicus
820 515 875 545 ap.
898 505 988 536 Xen.
1007 505 1053 536 H.

357 556 524 588 Graec.11.
543 565 594 596 pr.
622 556 672 586 ΙιΙ.

400 605 566 645 Cogitata]
603 605 839 646 Conjurationi
867 609 902 636 et
927 605 1056 636 insidiis

355 657 418 687 hoc
445 656 540 687 verbi
565 657 741 697 competit.
787 657 882 687 Suet.
906 656 985 688 Tib.
1003 659 1054 688 19.

354 706 565 737 ‘Tormentis
588 715 751 746 expressa
777 705 944 736 confessio
968 707 1057 746 cogi-

356 756 421 787 tati
451 755 635 787 facinoris.'
680 757 724 787 Et
754 756 788 786 in
816 756 924 797 Calig.
948 767 978 788 c.
1003 760 1054 787 1⁶2.

354 808 364 824 ‘
381 806 453 838 Etsi
483 816 549 837 non
574 807 616 837 de
645 806 812 847 perfecto,
837 812 872 838 at
897 813 991 839 certe
1014 809 1055 839 de

356 857 505 897 cogitato
534 856 717 896 parricidio
755 857 953 897 professus?
1000 858 1056 889 lta

356 906 453 937 Curt.
469 915 518 937 vr.
538 909 588 938 10.
608 910 658 938 18.
673 912 707 938 et
726 917 809 938 V111.
824 911 853 939 7.
871 912 921 940 18.
945 909 997 939 Id.

399 958 415 997 ξ
440 961 458 987 5
487 957 535 987 Ne
554 967 683 997 persona
706 958 878 998 designata,
902 969 962 989 non
977 959 1056 989 vitia

354 1010 491 1038 correcta
508 1008 699 1048 viderentur]
720 1009 816 1040 Juut.
833 1010 1054 1050 nonnullique

356 1057 413 1088 alii
440 1057 524 1087 editi
550 1057 627 1087 libri
653 1067 690 1087 ne
713 1068 744 1097 p.
767 1058 940 1097 designata,
956 1060 1009 1089 sed
1024 1069 1053 1090 v.

355 1111 494 1148 correpta
506 1119 534 1140 v.
568 1109 692 1139 Sensus
709 1110 896 1140 necessario
913 1110 1055 1151 requirit

354 1160 419 1190 sed.
465 1160 549 1199 Leg.
577 1159 693 1200 itaque
709 1170 746 1191 ne
765 1170 797 1200 p.
816 1161 992 1200 designata,
1002 1163 1055 1193 sed

353 1220 384 1240 υ.
398 1213 534 1240 correcta
547 1220 574 1240 v.
619 1210 743 1241 Posset
760 1215 795 1241 et
810 1214 950 1250 correpta
962 1211 1054 1242 ferri.

356 1260 404 1289 Ut
436 1260 647 1299 ‘Correptus
684 1269 765 1290 voce
800 1262 974 1301 magistri‚'
998 1271 1053 1302 ap.

355 1310 480 1341 Horat.
541 1309 609 1340 Sed
647 1309 862 1350 praeferenda
899 1317 1054 1343 veterum

357 1360 456 1391 codd.
472 1360 653 1400 scriptura.
690 1362 798 1392 Graev.

400 1411 449 1441 Ne
473 1420 602 1450 persona
628 1411 803 1451 designata,
822 1413 874 1443 sed
896 1412 975 1443 titia
990 1422 1055 1444 cor-

354 1464 439 1492 recta
465 1461 661 1501 viderentur]
700 1462 794 1494 Lect.
822 1463 893 1494 liaec
916 1473 958 1493 ex
975 1463 1054 1495 edd.

354 1511 498 1552 antiquis
527 1517 677 1542 retracta
703 1517 766 1551 est,
795 1517 833 1543 ut
870 1523 911 1544 ex
933 1513 1056 1544 collec-

355 1561 450 1592 tione
478 1562 558 1592 Var.
586 1561 787 1592 Lectionum
803 1563 979 1603 Bongarsii
996 1574 1055 1604 ap-

355 1615 464 1651 paret,
480 1615 516 1642 et
531 1621 573 1641 ex
589 1612 685 1643 Jnnt.
709 1612 772 1643 Est
795 1618 906 1644 autem
925 1615 1055 1654 optima

355 1663 538 1703 scriptura,
550 1668 584 1693 et
597 1663 731 1694 Graevio
749 1669 864 1696 nosti-0
879 1666 1053 1706 probatur.

354 1714 388 1745 S.
419 1718 531 1745 autem
559 1718 695 1745 correcta
722 1716 827 1755 legas,
851 1726 877 1746 s.
902 1720 1054 1757 correpta,

354 1765 436 1796 niliil
453 1765 645 1796 interduini.
673 1765 786 1797 Faber.
833 1767 1054 1808 Antiquiores

355 1816 446 1856 typis
475 1826 571 1855 expr.
603 1817 746 1847 ssochar.
782 1817 865 1857 Maj.
896 1823 933 1848 et
964 1823 1053 1849 teste

354 1867 493 1897 Graevio
505 1867 601 1899 Junt.
616 1866 741 1897 habent
751 1867 803 1896 sed
815 1867 892 1898 viiia
901 1871 1052 1907 correpta.

354 1917 453 1950 Quod
471 1917 589 1947 mirum
607 1926 625 1947 a
646 1917 752 1957 Bong.
778 1922 943 1948 mutatum
967 1927 1051 1950 esse.

352 1968 361 1984 ‘
380 1967 578 2008 Corripere’
606 1977 680 2007 pro,
711 1968 975 2007 reprehendere,
1004 1968 1051 1998 in·

354 2026 510 2057 crepare,
548 2017 629 2048 satis
663 2022 791 2048 notum.
837 2018 969 2048 Vocula
997 2018 1051 2048 sed

354 2078 485 2109 quoque
503 2068 618 2099 abesse
641 2068 720 2098 hinc
747 2077 813 2098 non
839 2078 934 2108 posse
960 2069 1051 2099 vidc-

354 2123 420 2150 tur.
450 2119 552 2150 Vorst.
596 2118 693 2150 Junt.
722 2128 850 2158 persona
876 2119 1050 2158 designata,

352 2170 406 2200 sed
418 2169 494 2200 vitia
504 2171 655 2209 correpta.
702 2168 855 2198 Probaut
868 2168 929 2198 viri
946 2167 1050 2199 docti.

354 2219 424 2251 Sed
450 2219 473 2250 f.
499 2229 563 2249 non
590 2227 730 2249 necesse
754 2223 818 2257 est,
843 2223 880 2249 ut
904 2228 966 2258 pro
991 2229 1052 2249 non

354 2269 583 2300 substituatur
602 2270 676 2301 sed.-
698 2278 788 2307 cum,
811 2268 838 2299 si
855 2268 1051 2300 vocabulum

352 2321 604 2361 nonjnngamus
627 2329 702 2351 cum
725 2321 734 2337 ‘
749 2319 967 2358 viderentur‚'
983 2329 1052 2350 om-

353 2370 410 2401 nia
437 2371 504 2402 sint
533 2371 633 2402 clara.
680 2369 799 2401 Ordo:
826 2370 876 2401 Ne
895 2371 1052 2401 rideretur

352 2423 516 2461 designata
543 2432 682 2462 persona,
714 2425 747 2452 at
781 2432 840 2453 non
875 2422 1052 2453 viderentur

351 2476 493 2513 correpta
504 2473 594 2504 vicia.
618 2471 731 2503 Sclief.

398 2524 414 2563 ξ
438 2526 457 2553 6
482 2523 601 2553 Iterum
623 2523 752 2554 servilia
776 2520 925 2562 concitat]
958 2523 1050 2555 Quo-

352 2573 452 2604 modo
467 2571 604 2605 iterum'?
650 2574 740 2604 Num
753 2583 794 2603 ea
808 2578 887 2603 ante
901 2573 1050 2604 concita-

354 2625 471 2656 verat?
506 2624 612 2665 Atqui
644 2625 688 2654 nil
715 2623 757 2654 de
785 2633 825 2655 eo
853 2633 906 2663 ap.
930 2624 1049 2655 Nostr.

354 2676 456 2706 Latet
473 2674 505 2705 in
523 2674 684 2705 vocabulo
700 2673 762 2704 hoc
779 2673 949 2711 mendum,
961 2672 1051 2713 quod

354 2730 480 2763 tamen,
493 2724 659 2766 quomodo
674 2724 796 2765 corrigi
809 2724 947 2762 debeat,
963 2733 1051 2754 nunc

354 2784 419 2806 non
433 2775 602 2816 excogito.
625 2774 731 2811 Sches.

398 2827 414 2865 ξ
439 2829 456 2855 7
487 2825 575 2856 Velut
594 2835 613 2856 a
639 2825 771 2864 singulis
792 2824 936 2856 membris
955 2835 1052 2865 poenae

354 2876 568 2916 exigerentur]
590 2876 630 2907 In
647 2876 743 2907 simili
761 2886 852 2916 casu,
867 2877 962 2908 simili
975 2886 1051 2908 acu-

818 360 959 392 NOTAE
992 360 1257 392 VARIORUM
1292 362 1339 391 IN

1105 454 1194 485 mine
1208 455 1298 486 Flor.
1314 463 1369 486 ιιι.
1385 457 1439 485 21.
1455 457 1508 487 48.
1532 455 1598 486 ‘Ut
1614 463 1675 494 per
1690 453 1801 494 singu-

1106 505 1138 535 la
1158 505 1307 536 membra
1329 505 1542 537 moreretur.'
1585 505 1672 537 Ptin.
1689 510 1802 536 tamen

1105 564 1189 586 v111.
1208 558 1258 587 16.
1274 556 1334 586 sub
1349 555 1463 595 finem,
1484 556 1648 586 diversam
1666 564 1802 585 causam

1105 606 1222 637 mortis
1251 606 1427 637 Hannonis
1455 606 1579 637 adfert.
1624 604 1714 636 Add.
1739 603 1801 635 inf.

1108 667 1207 688 xxn.
1233 660 1264 689 7.
1291 660 1342 689 10.
1367 657 1443 689 Seu.
1467 656 1510 688 de
1535 656 1593 687 Ira
1617 665 1674 687 111.
1700 658 1752 687 18.
1770 658 1802 686 1.

1105 708 1203 739 Ber-n.

1148 758 1190 788 In
1205 767 1323 788 crucem
1328 757 1465 799 figitur]
1501 756 1656 788 Becharii
1672 760 1708 787 et
1724 755 1800 787 aliae

1106 809 1314 850 antiquiores
1327 809 1404 840 edd.
1420 809 1454 840 in
1466 808 1698 850 crucefigz'tur:
1721 817 1802 849 quo-

1105 859 1205 889 modo
1237 859 1356 890 dicunt
1382 859 1437 889 ‘in
1464 860 1539 889 loco
1570 857 1719 898 ponere‚’
1748 858 1824 888 velv

1104 909 1113 926 ‘
1127 909 1318 949 reponere!
1361 909 1425 939 Sed
1442 913 1478 940 et
1490 909 1598 950 ipsum
1614 908 1652 939 τὸ
1673 910 1682 925 ‘
1695 908 1802 950 figere

1105 960 1139 991 in
1169 959 1298 1000 aliquo’
1333 960 1459 991 habent
1487 960 1557 992 alii.
1591 960 1693 991 Vorst.
1737 959 1803 990 Ve-

1104 1009 1264 1041 tu'stiores
1279 1010 1311 1040 in
1331 1019 1418 1041 cruce
1433 1010 1564 1051 figitur.
1587 1009 1699 1041 Schef.
1744 1010 1801 1041 Sic

1104 1065 1140 1091 et
1154 1061 1250 1092 Jnnt.
1282 1060 1389 1091 Groev.

1148 1111 1164 1150 ξ
1188 1112 1207 1140 8
1230 1109 1281 1140 Aa
1294 1109 1476 1140 imitandum
1489 1109 1600 1149 scelus]
1631 1109 1719 1140 Haec
1735 1118 1802 1140 una

1104 1164 1158 1190 est
1180 1170 1221 1191 ex
1250 1159 1438 1190 rationibus
1465 1159 1567 1198 Legis
1593 1163 1624 1190 5.
1652 1158 1736 1190 Cod.
1758 1158 1801 1189 ad

1103 1210 1183 1249 Leg.
1207 1209 1275 1241 Jul.
1301 1209 1439 1249 Majest.
1463 1210 1557 1250 cujus
1572 1209 1703 1240 sanctio
1719 1209 1801 1240 alias

1104 1260 1219 1300 iniqua
1234 1259 1342 1290 videri
1359 1260 1482 1299 possit:
1508 1259 1586 1300 quia
1606 1269 1653 1290 sc.
1677 1259 1710 1290 in
1728 1268 1802 1299 pos-

1105 1311 1188 1342 teris
1217 1311 1372 1350 exempla
1399 1310 1542 1350 paterni,
1562 1311 1594 1342 h.
1615 1320 1645 1341 e.
1670 1309 1802 1340 heredi-

1104 1360 1180 1391 tarii
1196 1360 1343 1391 criminis
1359 1364 1565 1391 metuuntur.
1608 1360 1702 1391 Nota
1723 1360 1804 1392 Cas·

1104 1410 1243 1448 sioruni,
1259 1409 1503 1449 Corneliorum,
1514 1410 1712 1449 Brutorum,
1734 1412 1799 1441 &c.

1103 1461 1253 1492 historia.
1278 1461 1376 1491 Bern-

1148 1511 1235 1542 CAP.
1260 1520 1294 1541 v.
1333 1512 1349 1551 ς
1373 1513 1393 1541 2
1418 1510 1568 1550 Deposito
1591 1509 1732 1551 imperio,
1751 1520 1802 1541 ar-

1103 1570 1167 1592 cem
1180 1560 1398 1601 Syracusanis]
1420 1560 1623 1591 Timoleonti
1636 1564 1671 1591 et
1687 1559 1803 1591 Corin-

1104 1612 1182 1642 thiis
1197 1610 1374 1652 παραδιδοὺς
1389 1611 1481 1643 αὑτὸν
1492 1611 1543 1642 καὶ
1555 1611 1613 1649 τὴν
1626 1610 1803 1652 ἆκροπόλιν.

1103 1662 1254 1702 Legend.
1274 1662 1366 1693 Plut.
1381 1665 1432 1693 17.
1447 1666 1483 1693 et
1498 1662 1632 1693 Probus
1645 1663 1679 1693 in
1693 1661 1802 1693 Timo-

1104 1711 1230 1743 leonte.
1273 1712 1378 1744 Diod.
1397 1722 1475 1744 xvl.
1492 1715 1544 1744 17.
1567 1712 1674 1752 Bong.

1150 1763 1312 1804 Tradidit]
1337 1764 1428 1795 Puto
1454 1765 1566 1803 tradit,
1591 1764 1635 1795 ob
1662 1763 1802 1795 verbum

1103 1823 1174 1854 seq.
1190 1815 1198 1830 ‘
1213 1814 1465 1854 proficiscitur!
1488 1816 1600 1847 Faber.
1635 1815 1691 1846 Sic
1708 1819 1802 1846 recte

1101 1863 1200 1896 Junt.
1225 1865 1332 1895 Groev.

1146 1916 1282 1956 Recepto
1297 1916 1419 1955 privato
1431 1915 1652 1956 instrumento]
1673 1915 1684 1932 ‘
1701 1914 1802 1946 Reci-

1101 1965 1203 2006 pere'
1233 1966 1287 1996 hic
1304 1966 1349 1996 id.
1370 1972 1423 1997 est
1439 1966 1541 2006 quod,
1557 1965 1729 2006 excipere,
1746 1964 1801 1995 vel

1102 2016 1265 2054 retinere,
1279 2015 1447 2057 quomodo
1463 2015 1566 2046 etiam
1583 2015 1645 2046 hoc
1661 2014 1801 2045 verbum

1102 2071 1290 2107 usurpatur
1316 2067 1357 2098 ab
1380 2067 1491 2099 JCtis.
1537 2066 1638 2097 Unde
1662 2066 1801 2098 ‘servus

1102 2116 1317 2158 receptitius'
1336 2126 1390 2156 ap.
1407 2117 1497 2148 Gell.
1514 2126 1610 2148 xvu.
1626 2119 1656 2149 6.
1673 2122 1709 2148 et
1725 2117 1798 2149 Cic.

1101 2169 1185 2208 Top.
1208 2171 1261 2199 26.
1284 2169 1293 2185 ‘
1309 2168 1392 2199 Cum
1409 2168 1500 2199 aedes
1524 2167 1707 2200 fundumve
1724 2178 1802 2200 ven·

1102 2217 1265 2256 diderint,
1288 2219 1374 2248 rutis
1401 2218 1497 2249 caesis
1514 2219 1659 2258 receptis
1671 2217 1692 2249 :’
1707 2223 1743 2249 et
1758 2227 1800 2249 11.

1102 2268 1146 2299 de
1173 2268 1272 2300 Orat.
1299 2272 1352 2299 55.
1377 2269 1386 2286 ‘
1405 2269 1488 2300 Cum
1513 2268 1603 2300 aedes
1623 2268 1801 2307 venderes,

1102 2327 1144 2349 ne
1161 2318 1192 2349 in
1210 2319 1295 2349 rutis
1312 2318 1449 2359 quidem
1476 2322 1512 2349 et
1535 2319 1633 2350 caesis
1655 2319 1718 2350 tibi
1741 2328 1801 2359 pa-

1102 2374 1236 2400 ternum
1253 2369 1359 2400 solum
1387 2369 1569 2410 recepisti!
1616 2369 1693 2401 Vid.
1717 2369 1801 2401 Not.

1101 2420 1144 2451 ad
1160 2420 1239 2451 Seu.
1256 2419 1297 2451 ad
1313 2421 1421 2452 Marc.
1440 2423 1494 2451 10.
1515 2421 1615 2452 Gron-

1147 2471 1330 2502 Corintlmm
1350 2472 1384 2502 in
1406 2471 1566 2512 exsilium]
1590 2469 1801 2513 Περίβλεπτον

1100 2521 1182 2561 ἔχων
1215 2521 1274 2559 τὴν
1307 2523 1365 2559 τῆς
1403 2523 1580 2560 μεταβολῆς
1617 2521 1800 2563 ὑπερβολήν.

1100 2572 1202 2603 Diod.
1217 2575 1272 2603 71.
1316 2571 1401 2603 Inde
1414 2577 1528 2602 natum
1543 2572 1700 2612 proverb.
1713 2573 1722 2589 ‘
1736 2573 1800 2603 Di·

1100 2623 1234 2664 onysius
1265 2622 1442 2654 Corinthi!
1469 2624 1574 2662 Bong.
1619 2623 1718 2656 Quod
1742 2632 1800 2654 ex-

1101 2678 1152 2705 tat
1178 2673 1211 2703 in
1240 2672 1312 2704 Cic.
1336 2682 1389 2704 ix.
1415 2672 1457 2703 ad
1483 2672 1556 2704 Att.
1577 2676 1609 2704 9.
1653 2672 1798 2705 Quintil.

1102 2733 1186 2755 vm.
1205 2726 1235 2755 6.
1273 2723 1402 2754 Lae'rtii
1432 2723 1587 2754 Platone.
1621 2721 1800 2763 Originem

1101 2775 1213 2813 adagii
1232 2775 1338 2806 tradit
1353 2774 1445 2806 Plut.
1468 2774 1510 2805 de
1535 2775 1670 2806 Gari-ul.
1692 2784 1721 2806 c.
1744 2777 1798 2806 23.

1101 2826 1192 2858 Add.
1209 2826 1279 2857 Cic.
1301 2825 1403 2858 Tusc.
1432 2834 1487 2857 111.
1504 2828 1556 2857 12.
1593 2826 1669 2857 Val.
1684 2825 1735 2858 M.
1751 2834 1798 2857 νι.

1101 2881 1132 2909 9.
1157 2878 1257 2909 Rern.
