2101 3419
755 331 802 361 ΙΝ
837 331 1109 362 JUSTINUM.

257 427 396 467 Popilius
412 426 620 458 Romanorum
647 427 764 469 legatus
780 428 819 459 ad
841 428 908 459 An-

213 470 348 500 tiochum
372 470 471 505 xxxiv,
488 473 519 506 3,
538 473 553 501 1

256 512 385 551 Popinae
400 512 460 547 xxi,
476 516 507 548 5,
523 515 543 543 4

256 554 403 593 Populati
418 564 504 593 agros
520 565 549 590 ν,
565 557 596 590 5,
612 557 643 585 2.
677 556 736 591 xvi,
754 558 784 590 3,
802 558 842 586 10
877 565 908 585 a·

213 606 282 636 gros
298 596 446 637 villasque
462 596 561 632 xxxiV,
573 600 605 632 6,
621 600 641 628 2

255 638 416 678 Popularis
431 638 557 668 ambitio
584 639 606 674 i,
623 642 653 675 l,
670 642 686 670 l
715 639 908 679 popularium

212 679 345 710 favorem
373 682 438 711 haec
464 691 510 711 res
534 681 579 711 illi
601 680 775 712 conciliavit
808 681 908 717 xxxix,

214 725 226 752 l
237 745 244 758 ,
258 725 278 752 6

257 763 422 803 Populatio
438 774 575 804 agrorum
590 765 635 801 iii,
645 768 676 801 7,
693 768 724 796 8.
745 765 807 801 xvi,
823 767 854 801 3,
869 768 909 796 12

211 804 295 835 Asiae
311 806 351 841 xi,
361 810 393 842 6,
409 810 423 837 1
442 807 650 847 populationis
665 807 776 848 injuria
789 807 832 842 iii,
843 810 875 844 7,
889 810 910 839 4

256 848 395 887 Populus
411 850 483 889 (pro
499 849 694 880 multitudine
716 850 864 886 filiorum)
879 861 909 885 x,

214 893 246 925 1,
261 893 282 920 6
297 890 434 920 Freinsh.
457 892 590 931 populus
613 891 772 923 Romanus
798 892 909 928 xxxvii,

214 935 244 967 1,
262 934 280 962 3
304 933 436 972 populus
462 933 603 963 Corinthi
622 935 678 964 sub
699 945 813 965 corona
836 945 911 964 ven·

215 974 300 1005 ditur
321 975 421 1011 xxxiV‚
436 979 468 1011 2,
483 979 504 1006 6
526 976 634 1016 populi
649 976 784 1007 Orientis
807 977 828 1012 i,
846 980 876 1015 1,
890 980 910 1008 8

257 1016 414 1057 Porrigere
429 1018 565 1048 dextram
581 1019 778 1049 osculandam
794 1019 845 1054 xii,
857 1023 910 1055 15,

214 1061 236 1089 2
273 1058 425 1099 porrigere
440 1070 551 1101 aquam
580 1061 655 1097 xliii,
669 1064 701 1097 3,
717 1064 755 1092 ll
800 1061 913 1102 porrigi

212 1100 289 1140 (hoc
299 1107 355 1137 est,
364 1107 478 1141 patere,
486 1103 628 1144 extendi)
640 1115 646 1133 :
659 1103 820 1144 porrigitur
828 1104 912 1144 regio

212 1142 246 1171 in
258 1141 449 1174 latitudinem
460 1150 506 1174 tot
515 1145 609 1175 millia
619 1156 762 1187 passuum
779 1146 843 1182 xlii,
855 1149 885 1182 2,
893 1149 913 1176 9

212 1183 238 1214 F
240 1186 350 1215 reinsh.
373 1191 511 1226 porrecta
520 1187 552 1216 in
565 1188 724 1218 Orientem
738 1187 865 1228 Scythia
881 1188 913 1224 ii,

214 1229 246 1262 2,
263 1229 280 1257 1
311 1228 437 1268 porrigit
452 1239 484 1259 se
498 1229 621 1261 fortuna
635 1229 776 1260 Romana
788 1231 828 1260 ad
843 1229 914 1260 Ori·

213 1269 328 1300 entalia
342 1281 435 1311 regna
456 1273 556 1308 xxxix,
570 1276 601 1307 5,
616 1275 635 1303 3

258 1312 354 1342 Porro
370 1313 442 1353 (pro
457 1324 573 1350 verum,
590 1319 644 1344 aut
658 1314 748 1356 vero)
764 1314 797 1351 ii,
813 1317 866 1351 10,
881 1317 912 1345 3.

213 1353 256 1390 ix,
270 1357 302 1389 4,
319 1358 351 1386 6.
373 1355 435 1391 xiv,
451 1359 483 1392 3,
498 1360 518 1388 7
535 1357 674 1387 Freinsh.

257 1396 351 1427 Porta
362 1397 442 1433 xxiv,
458 1401 490 1434 3,
506 1403 525 1431 7
561 1404 656 1439 portae
685 1399 802 1429 urbium
829 1398 914 1429 clau·

215 1438 330 1469 duntur
343 1439 423 1475 xxiV,
439 1444 471 1477 5,
487 1444 507 1472 8
537 1447 639 1482 portas
654 1442 797 1472 adversus
812 1442 916 1471 hostes

214 1481 332 1520 aperire
346 1482 449 1518 xxviii,
464 1486 495 1519 2,
511 1486 531 1514 2

258 1522 384 1554 Portare
400 1524 509 1555 ferrum
525 1530 557 1556 et
571 1535 654 1556 arma
668 1525 690 1562 i,
711 1528 742 1561 3,
759 1528 778 1556 3
801 1530 916 1555 statuas

217 1575 320 1596 secum
336 1566 427 1602 xxxii,
443 1569 474 1603 4,
491 1571 508 1598 5

258 1608 415 1639 Portendo
430 1620 437 1638 ε
472 1610 664 1650 portenditur
678 1609 707 1640 ei
720 1620 845 1650 regnum
872 1610 915 1644 xi,

216 1652 248 1686 7,
263 1653 283 1681 7
317 1650 438 1681 amissio
462 1653 547 1693 regni
580 1652 602 1688 i,
618 1656 649 1688 4,
665 1656 684 1684 3
729 1652 799 1682 finis
830 1652 914 1692 regni

216 1692 318 1728 xxxiii,
336 1696 366 1729 1,
382 1696 402 1724 7
426 1695 582 1733 portendit
596 1695 655 1726 hoc
671 1705 760 1725 omen
777 1694 806 1724 ei
817 1694 915 1725 victo-

216 1734 290 1765 riam
303 1734 356 1771 xii,
374 1739 425 1772 16,
442 1739 463 1768 6

261 1777 444 1808 Portentum
459 1778 531 1815 xvii,
548 1782 579 1816 1,
595 1781 614 1810 3
648 1779 783 1819 portenti
808 1778 914 1819 religio

217 1818 290 1854 xxii,
306 1823 338 1855 6,
354 1823 371 1851 l

261 1861 402 1892 Porticus
423 1861 486 1899 xxi,
500 1865 532 1899 4,
548 1866 579 1894 3.
602 1862 678 1900 xliii,
694 1867 726 1898 5,
741 1866 762 1894 6

261 1903 367 1934 Portio
383 1904 459 1945 (hoc
473 1910 530 1941 est,
545 1905 631 1946 pars)
647 1916 676 1941 V,
692 1908 723 1941 2,
739 1908 760 1936 9
775 1904 917 1944 (phrasin

219 1950 314 1976 totam
326 1947 395 1977 vide
406 1947 439 1976 in
449 1947 586 1988 Vocare)
609 1947 662 1983 xii,
678 1951 730 1982 12,
747 1951 767 1978 4
780 1947 917 1977 Freinsh.

219 1988 282 2023 xxi,
299 1990 329 2024 l,
345 1992 376 2020 2.
402 1989 483 2025 xxiv,
498 1992 531 2026 4,
546 1993 566 2021 2
590 1995 623 2020 et
647 1992 678 2021 3.
722 1990 803 2025 xxiv,
829 1993 861 2025 6,
887 1992 917 2020 1.

219 2030 299 2065 xxiv,
315 2033 345 2065 8,
360 2034 381 2062 9

261 2072 373 2102 Portus
401 2073 462 2108 xix,
477 2076 509 2109 2,
534 2075 576 2104 10
598 2079 705 2114 portus
720 2073 916 2104 consiliorum

221 2114 388 2145 tutissimus
403 2115 487 2151 xxiii,
504 2118 535 2152 3,
549 2118 569 2146 8

264 2157 363 2188 Porus
377 2157 524 2188 Indorum
539 2168 591 2188 rex
613 2157 665 2193 xii,
680 2160 711 2194 8,
727 2161 744 2189 1

263 2199 395 2230 Poscere
409 2200 514 2230 debita
537 2201 579 2236 vi,
595 2203 628 2236 2,
644 2203 683 2230 11
717 2209 846 2240 corpora
870 2199 917 2229 in-

221 2241 416 2272 terfectorum
429 2243 467 2272 ad
485 2243 671 2282 sepulturam
689 2242 729 2277 vi,
744 2245 776 2278 6,
791 2245 812 2273 9
847 2252 916 2282 pos-

222 2294 290 2314 cere
305 2284 543 2325 interrogatione
558 2285 647 2315 tertia
661 2285 701 2320 xi,
717 2287 769 2319 11,
786 2287 827 2315 10
855 2295 918 2314 non

222 2326 324 2356 cibum
339 2331 392 2356 aut
407 2331 514 2366 potum
529 2326 672 2366 poposcit
693 2326 795 2361 xxviii,
807 2330 841 2365 4,
855 2330 875 2357 8

265 2369 362 2398 Posse
375 2380 383 2398 ε
405 2378 468 2398 non
484 2378 574 2408 posse
586 2368 662 2398 ferre
674 2368 843 2408 potentiam
856 2368 919 2398 vic-

222 2410 294 2440 toris
309 2411 372 2446 viii,
387 2413 419 2447 2,
436 2414 453 2441 l
478 2411 561 2451 quod
571 2421 635 2440 non
646 2411 758 2441 audere
770 2411 921 2451 potuisset

221 2452 264 2489 ix,
279 2456 311 2489 7,
329 2455 369 2483 10

266 2494 424 2525 Possessio
452 2494 525 2535 (pro
554 2492 743 2535 possessore)
772 2493 804 2530 ii,
830 2497 860 2530 1,
878 2497 917 2525 15

224 2536 361 2567 Freinsh.
384 2537 535 2577 possessio
551 2547 647 2568 vacua
661 2537 723 2572 xix,
739 2540 771 2572 3,
787 2541 818 2568 6.
839 2537 920 2572 xxxi,

224 2583 257 2615 3,
269 2583 290 2611 2
312 2580 463 2620 possessio
478 2579 599 2621 imperii
617 2579 696 2615 xxix,
712 2582 744 2615 2,
758 2582 779 2611 6
801 2589 922 2620 posses-

225 2622 326 2652 siones
341 2620 519 2662 voluptariae
535 2621 615 2658 xxxi,
630 2625 661 2657 8,
676 2625 697 2652 9

269 2664 432 2694 Possidere
441 2675 567 2705 regnum
574 2665 650 2705 (hoc
661 2668 718 2699 est,
728 2673 793 2694 esse
803 2662 922 2704 regem)

225 2705 260 2742 ii,
275 2709 308 2742 6,
324 2710 363 2738 15
380 2706 517 2737 Freinsh.
551 2706 634 2737 Galli
650 2706 771 2736 Italiam
786 2705 923 2746 plurimis

228 2748 352 2779 urbibus
378 2750 538 2789 possident
573 2749 699 2784 xxxviii,
727 2751 759 2784 4,
788 2751 807 2779 7
843 2748 923 2788 ignis

229 2796 341 2821 cuncta
354 2792 493 2832 possedit
505 2791 537 2826 ii,
551 2794 582 2827 l,
599 2795 640 2823 14
662 2791 766 2822 Parthi
779 2791 817 2821 ab
831 2790 924 2821 Anti-

230 2833 300 2864 ochi
315 2834 445 2874 possessi
459 2834 511 2870 xli,
525 2836 558 2869 4,
574 2836 593 2865 3

273 2876 350 2906 Post
359 2876 572 2907 necessitatem
584 2875 834 2918 pugnandi(cum
847 2886 923 2916 pug-

315 2929 429 2969 Delph.
444 2933 475 2961 et
494 2930 566 2960 γαν.
586 2930 668 2960 Clas.

1602 333 1656 360 CV

961 428 1235 469 narecogerentur)
1250 428 1270 463 i,
1287 431 1320 464 6,
1336 430 1375 459 12
1390 426 1479 470 (vid.
1492 431 1523 458 et
1538 427 1608 457 Ind.
1624 427 1656 457 in

960 471 1044 512 Nep.
1070 473 1100 501 in
1117 471 1220 511 Post).
1249 470 1375 501 amicior
1399 470 1505 510 patriae
1526 475 1595 510 post
1609 469 1657 499 fu-

959 525 1040 554 gam,
1056 524 1148 554 quam
1163 514 1225 553 regi
1242 519 1311 553 post
1327 513 1476 543 beneficia
1500 511 1657 553 (quamvis

959 556 990 585 in
1007 556 1130 585 exilium
1154 556 1260 596 pulsus
1282 561 1373 591 esset,
1388 555 1526 595 quamvis
1540 554 1658 584 benefi-

959 597 1041 628 cium
1056 598 1243 638 accepisset)
1258 597 1290 632 ii,
1307 600 1359 633 10,
1377 600 1416 628 13
1444 602 1515 636 post
1529 606 1611 626 arma
1626 601 1658 626 et

961 640 1073 670 bellum
1089 640 1173 670 locus
1189 640 1307 680 legibus
1322 649 1385 669 non
1399 639 1579 679 relinquitur
1594 638 1658 674 viii,

961 685 992 717 1,
1007 685 1027 713 6
1053 682 1137 722 (pro,
1154 692 1224 712 cum
1239 691 1320 711 arma
1346 686 1446 711 sumta
1472 681 1560 722 sunt)
1588 685 1660 720 post

959 734 1041 754 nova
1065 729 1202 764 paternae
1228 724 1351 764 pietatis
1365 723 1505 763 exempla
1527 734 1556 759 X,
1581 727 1611 758 1,
1638 726 1658 754 4

960 767 1032 808 (pro
1045 770 1206 806 postquam
1221 776 1302 796 nova
1313 765 1454 805 exempla
1467 765 1551 795 edita
1560 763 1663 804 sunt).

960 813 1031 849 post
1040 808 1200 848 imperium
1211 813 1257 838 tot
1266 818 1415 838 annorum
1430 807 1471 843 xi,
1482 810 1533 842 14,
1546 809 1566 838 8
1588 811 1661 847 post

961 861 1057 880 annos
1069 856 1128 881 tres
1143 850 1234 880 sumti
1248 850 1334 890 regni
1346 850 1468 886 xxxviii,
1480 853 1512 886 8,
1524 852 1541 880 1
1556 848 1661 880 Vorst.

961 893 1045 923 brevi
1062 898 1131 933 post
1145 898 1281 933 tempore
1297 893 1318 928 i,
1335 895 1366 927 7,
1384 895 1425 923 19

1004 935 1123 966 Posteri
1137 936 1158 971 i,
1175 938 1206 971 2,
1224 937 1264 966 12
1287 934 1415 975 posteris
1429 933 1660 964 admirationem

962 977 1008 1008 sui
1023 978 1195 1018 relinquere
1210 977 1261 1013 xii,
1275 980 1307 1014 8,
1325 980 1365 1008 16
1398 977 1431 1006 in
1454 976 1583 1016 posteris
1607 975 1661 1005 Se-

962 1020 1041 1050 leuci
1068 1020 1179 1050 mansit
1201 1024 1415 1061 argumentum
1438 1019 1563 1060 originis
1592 1017 1661 1058 ejus

962 1073 1011 1098 xV,
1027 1065 1060 1097 4,
1076 1066 1097 1093 9

1006 1103 1194 1135 Posteritas:
1218 1103 1250 1133 in
1269 1103 1477 1143 posteritatem
1501 1102 1534 1139 ii,
1561 1105 1592 1138 3,
1621 1105 1662 1134 16

964 1146 1013 1188 (in
1029 1145 1200 1187 posterum)
1215 1146 1329 1176 Scheff.

1008 1189 1136 1219 Postero
1152 1188 1202 1218 die
1216 1188 1239 1224 i,
1254 1191 1286 1224 6,
1301 1191 1319 1218 5
1343 1191 1465 1227 postera
1480 1186 1531 1216 die
1545 1185 1567 1221 i,
1583 1188 1614 1221 8,
1630 1187 1663 1216 4.

964 1231 986 1266 i,
1002 1234 1054 1267 10,
1067 1234 1098 1262 8.
1120 1231 1162 1266 xi,
1178 1234 1231 1266 15,
1247 1233 1276 1261 3.
1306 1229 1367 1264 εἰν,
1383 1233 1414 1265 2,
1431 1232 1461 1260 l.
1494 1228 1579 1264 xviii,
1594 1231 1625 1268 2,
1641 1231 1663 1259 9

964 1273 996 1303 in
1010 1278 1164 1313 posterum
1180 1272 1263 1302 diem
1289 1272 1333 1308 iii,
1347 1275 1378 1308 l,
1396 1275 1415 1302 7
1451 1272 1484 1301 in
1508 1276 1663 1311 posterum

964 1315 1028 1351 xiii,
1052 1318 1086 1352 4,
1110 1318 1142 1346 7.
1175 1314 1257 1349 xxiii,
1283 1317 1315 1350 2,
1339 1317 1359 1345 2
1396 1319 1565 1353 postremus
1587 1313 1664 1344 liber

965 1358 1038 1398 (pro
1060 1362 1206 1392 extremo,
1236 1357 1294 1387 hoc
1320 1361 1377 1391 est,
1393 1355 1454 1385 fine
1478 1354 1562 1396 libri)
1585 1356 1663 1393 xliii,

965 1404 997 1436 5,
1020 1403 1059 1431 11
1087 1399 1223 1429 Freinsh.
1264 1404 1435 1438 postremus
1463 1399 1572 1427 domus
1601 1409 1664 1429 suae

964 1442 1060 1472 ruinae
1081 1441 1221 1472 cumulus
1243 1441 1366 1471 accedit
1390 1440 1462 1476 xvii,
1484 1443 1516 1475 2,
1540 1442 1556 1470 l
1591 1451 1666 1482 pos-

966 1489 1069 1514 tremae
1084 1494 1189 1524 preces
1211 1483 1291 1519 xxxi,
1307 1486 1338 1518 1,
1363 1485 1383 1514 2
1419 1487 1585 1522 postremas
1609 1494 1664 1513 vo-

965 1537 1017 1556 ces
1031 1526 1169 1556 emittere
1191 1525 1232 1561 xi,
1248 1528 1300 1561 15,
1317 1528 1338 1556 6
1361 1529 1514 1565 postremo
1527 1525 1663 1566 alloquio

965 1568 1099 1608 aliquem
1110 1568 1263 1598 dimittere
1276 1567 1338 1602 xix,
1355 1570 1386 1603 3,
1403 1569 1442 1597 11
1465 1567 1569 1596 mortis
1592 1578 1664 1608 pos-

966 1615 1060 1640 trema
1075 1610 1127 1647 vii,
1142 1614 1175 1647 2,
1192 1613 1210 1641 l
1234 1610 1274 1640 ad
1290 1614 1475 1650 postremum
1491 1609 1512 1645 i,
1532 1612 1582 1644 10,
1610 1613 1664 1641 22.

965 1663 1055 1688 xxxV,
1085 1656 1115 1688 1,
1133 1656 1184 1684 11.
1233 1652 1334 1686 xxxvi,
1352 1655 1382 1687 l,
1411 1656 1441 1682 5.
1479 1651 1601 1688 xxxviii,
1630 1655 1662 1688 3,

967 1698 1008 1725 10
1030 1700 1219 1735 postremum
1245 1694 1322 1735 (hoc
1338 1698 1396 1729 est,
1411 1698 1564 1734 postrema
1580 1694 1665 1736 vice)

965 1737 1026 1772 xiv,
1042 1740 1073 1772 3,
1090 1740 1129 1768 12
1144 1736 1282 1767 Freinsh.

1008 1779 1142 1810 Posthac
1165 1778 1229 1815 viii,
1243 1781 1276 1814 2,
1291 1780 1344 1809 12.
1366 1777 1450 1813 xviii,
1467 1780 1498 1814 7,
1516 1780 1556 1810 14

1009 1822 1196 1852 Posthumus
1211 1821 1292 1851 filius
1315 1820 1359 1856 iii,
1375 1823 1406 1854 2,
1419 1823 1439 1850 5

1010 1864 1202 1904 Postponere
1217 1863 1350 1903 aliquem
1366 1861 1454 1892 alteri
1476 1872 1546 1897 xxx,
1562 1864 1592 1897 4,
1610 1865 1630 1893 9

1010 1906 1177 1946 Postquam
1200 1905 1253 1941 xii,
1268 1908 1301 1941 6,
1316 1908 1347 1936 5.
1369 1904 1434 1940 xiii,
1447 1906 1478 1940 4,
1492 1907 1522 1935 8.
1538 1904 1619 1941 xxvi,
1633 1908 1664 1939 l,

1012 1990 1170 2020 Postremo
1194 1988 1298 2024 xxviii,
1314 1990 1346 2024 4,
1364 1991 1414 2018 11.
1438 1988 1491 2023 xli,
1508 1991 1538 2023 1,
1559 1992 1577 2019 5

1008 2032 1169 2062 Postulare
1196 2031 1318 2061 obsides
1345 2030 1403 2060 sibi
1424 2029 1490 2060 dari
1512 2031 1563 2066 vii,
1588 2033 1620 2065 3,
1645 2034 1664 2062 2

967 2074 1114 2114 postulari
1138 2084 1221 2104 reum
1237 2072 1367 2113 alicujus
1383 2072 1516 2102 criminis
1539 2073 1580 2108 ix,
1597 2076 1628 2107 4,
1645 2077 1665 2103 9

967 2115 1090 2157 postulo
1106 2115 1240 2157 aliquem
1255 2116 1364 2146 cedere
1389 2115 1463 2144 mihi
1484 2115 1598 2155 aliquid
1634 2126 1664 2149 x,

966 2163 998 2196 2,
1015 2162 1034 2190 3
1058 2159 1108 2199 (id
1123 2164 1180 2193 est,
1196 2158 1280 2193 volo,
1305 2157 1410 2197 cupio.
1433 2156 1507 2187 Vid.
1534 2162 1566 2187 et
1594 2157 1665 2187 Ind.

966 2202 999 2231 in
1014 2201 1097 2241 Nep.
1113 2201 1143 2230 in
1160 2199 1306 2239 Postulo)
1321 2199 1424 2229 Vorst.
1461 2199 1552 2229 alieni
1566 2200 1665 2240 operis

967 2244 1092 2284 praemia
1106 2243 1261 2283 postulare
1284 2241 1326 2277 xl,
1342 2244 1373 2277 2,
1389 2244 1407 2272 3

1011 2286 1172 2316 Postulata
1193 2284 1258 2320 xlii,
1273 2288 1304 2319 5,
1321 2286 1341 2314 8

1011 2328 1123 2358 Potare
1144 2327 1205 2361 xxi,
1217 2330 1248 2361 5,
1261 2330 1282 2357 4

1012 2370 1127 2400 Potens
1151 2369 1172 2404 i,
1187 2371 1220 2403 7,
1236 2370 1287 2399 13.
1311 2367 1371 2403 xxi,
1386 2369 1417 2402 4,
1432 2368 1463 2397 4.
1486 2367 1585 2402 xxxiv,
1606 2370 1634 2402 l,
1648 2371 1662 2397 1

968 2412 1124 2453 potentior
1137 2411 1197 2440 suit
1210 2411 1254 2439 ira
1276 2420 1367 2450 quam
1387 2419 1492 2449 preces
1523 2409 1565 2445 xi,
1587 2412 1619 2444 4,
1645 2412 1663 2439 7

968 2453 1198 2496 potentissimus
1213 2453 1378 2483 Poenorum
1392 2451 1536 2482 Suniatus
1558 2462 1606 2488 xx,
1634 2457 1665 2486 5,

971 2501 1011 2528 12
1035 2494 1237 2536 potentissimi
1253 2494 1368 2534 quique
1390 2494 1431 2530 ix,
1448 2496 1479 2528 4,
1495 2497 1516 2525 9

1012 2538 1157 2569 Potentia
1196 2538 1269 2578 (pro
1309 2535 1419 2577 captu)
1465 2535 1520 2572 xii,
1560 2538 1612 2572 16,
1647 2539 1661 2566 1

970 2580 1107 2611 Freinsh.
1155 2579 1294 2620 potentia
1321 2589 1359 2609 ex
1380 2578 1466 2618 vulgi
1488 2577 1665 2608 adulatione

969 2623 1033 2659 xiii,
1049 2626 1080 2659 3,
1095 2625 1116 2654 2
1142 2621 1313 2663 potentiam
1339 2631 1490 2651 resumere
1520 2620 1563 2656 vi,
1587 2624 1619 2656 4,
1647 2623 1659 2650 1

971 2665 1140 2707 potentiam
1159 2663 1282 2694 victoris
1307 2663 1384 2693 ferre
1410 2667 1570 2703 nequeunt
1601 2661 1667 2697 viii,

971 2712 1003 2744 2,
1020 2711 1036 2738 1
1054 2708 1097 2737 vir
1112 2717 1202 2747 supra
1212 2707 1378 2736 humanam
1389 2705 1560 2745 potentiam
1572 2704 1668 2735 animi

973 2749 1182 2789 magnitudine
1198 2748 1343 2788 praeditus
1367 2748 1419 2783 xii,
1436 2751 1488 2783 16,
1505 2751 1522 2778 1

1015 2793 1176 2823 Potestas:
1200 2795 1382 2831 potestatem
1400 2800 1512 2831 pugnae
1535 2799 1598 2819 non
1621 2789 1666 2819 fa-

972 2844 1040 2865 cere
1062 2834 1094 2870 ii,
1110 2838 1142 2869 5,
1159 2837 1198 2865 10
1223 2837 1405 2874 potestatem
1424 2832 1572 2863 bellorum
1588 2831 1667 2871 regi-

973 2877 1029 2907 bus
1045 2876 1216 2917 permittere
1239 2876 1282 2911 iii,
1299 2879 1330 2912 3,
1346 2878 1365 2907 2
1390 2879 1571 2916 potestatem
1589 2874 1669 2904 redi·

852 2929 922 2961 Iud.
935 2930 1019 2960 Just.
1560 2937 1576 2957 ο
