2174 3424
512 346 597 386 710

556 450 620 481 Sub
645 450 743 490 speeie
759 450 898 490 ferendi,
918 451 988 492 ἐγὼ]
1020 452 1217 484 Alcibiades

508 508 562 540 ap.
578 500 730 540 Thucyd.
747 510 795 531 V1.
813 503 844 532 3.
859 504 913 532 26.
943 501 986 533 de
1003 502 1217 534 Atheniensi-

509 548 593 579 bus:
619 549 628 565 ‘
647 548 818 580 Auxilium
836 551 981 591 impigre
1002 557 1071 584 tam
1087 553 1215 584 Barba-

514 600 560 631 ris
590 610 689 641 quam
716 601 847 633 Graecis
879 602 1137 643 implorantibus
1167 604 1215 635 fe-

509 650 630 687 rendo,
647 651 826 691 imperium
851 661 911 683 nos
939 659 1102 692 nostrum,
1130 658 1165 685 et
1187 654 1214 685 si

510 701 567 742 qui
600 701 656 731 alii
682 701 886 741 habuerunt,
918 703 1213 744 comparavimus.'

509 750 569 781 De
605 752 763 782 Romanis
797 752 868 783 Cic.
906 762 963 785 111.
997 755 1039 784 de
1078 754 1212 795 Repub.

509 803 518 819 ‘
537 802 665 833 Noster
690 803 833 843 populus
860 804 959 835 sociis
986 804 1212 836 defendendis

511 856 681 883 terrarum
704 853 777 893 jam
805 854 951 884 omnium
980 856 1108 895 potitus
1135 855 1211 887 est.'

507 902 676 943 Exempla
701 907 779 934 sunt
805 904 868 933 alia
896 903 956 934 inf.
987 913 1092 936 xvul.
1123 908 1151 936 1.
1180 908 1210 936 l.

509 961 632 984 xxvn.
649 956 681 985 3.
696 955 728 985 4.
747 963 911 985 xxxvm.
931 957 960 985 1.
974 957 1004 986 3.
1027 960 1063 986 et
1080 965 1162 987 vm.
1178 958 1209 987 3.

508 1005 540 1034 3.
566 1003 664 1034 Idem.

556 1053 739 1093 Tenturent]
763 1054 888 1085 Melius
903 1054 927 1087 f.
944 1058 1088 1086 tentaret.
1112 1055 1167 1087 Id.

551 1105 568 1144 ξ
590 1108 610 1135 ti
636 1105 778 1145 Ceriale]
801 1105 854 1136 Ita
869 1106 966 1136 Vett.
985 1106 1140 1147 Tlmcyd.
1155 1116 1210 1139 111.

507 1157 558 1185 86.
585 1154 756 1195 Χαροιάδην
782 1161 891 1192 vocat,
909 1161 945 1187 et
961 1157 1019 1188 lios
1036 1166 1102 1188 non
1118 1157 1208 1188 Cati-

506 1206 689 1245 niensibus,
713 1206 772 1237 sed
799 1207 982 1245 Leontinis,
998 1207 1031 1237 in
1048 1207 1208 1238 auxilium

505 1254 624 1286 missos
653 1255 783 1286 scribit.
816 1256 920 1295 Bong.
973 1256 1104 1296 Scripsi
1133 1266 1208 1287 cum

504 1304 603 1336 Junt.
644 1306 821 1337 Chariade:
859 1306 993 1338 Graecis
1030 1307 1118 1337 enim
1156 1311 1209 1338 est

505 1353 668 1394 Χαριάδης.
694 1355 801 1385 Groev.

551 1405 567 1444 ς
585 1407 603 1435 7
622 1405 737 1435 Pacem
753 1415 821 1435 cum
834 1405 1051 1445 Syracusanis]
1068 1405 1143 1437 Hoc
1155 1410 1209 1437 est

504 1453 668 1485 deludere
695 1464 834 1485 corvum
865 1455 1025 1488 hiantem.
1084 1457 1208 1487 Exem-

508 1504 600 1544 plum
617 1505 707 1535 haud
725 1505 878 1536 absimile
893 1506 967 1538 Liv.
984 1516 1066 1539 xcv.
1086 1510 1135 1539 ll.
1151 1508 1208 1538 ha-

505 1554 573 1585 bet.
599 1555 696 1586 Bern.

549 1605 636 1635 CAP.
654 1614 701 1636 xv.
747 1606 764 1646 ς
790 1608 805 1636 1
831 1606 1008 1647 Anquisito]
1034 1607 1110 1639 Hoc
1126 1608 1205 1640 mihi

504 1659 557 1685 est
573 1661 782 1695 suspectum.
821 1657 865 1687 Et
880 1657 989 1696 video,
1005 1658 1204 1698 impressum

505 1706 652 1746 aliquem
670 1706 795 1737 babere
811 1708 971 1745 accersito,
988 1707 1075 1748 quod
1093 1713 1204 1739 osten-

503 1755 554 1785 dit
571 1756 653 1786 satis
670 1756 777 1787 locum
802 1766 867 1787 non
892 1758 1027 1788 omniuo
1055 1768 1128 1788 esse
1153 1769 1205 1790 sa·

502 1815 594 1837 num.
639 1806 731 1836 Puto
758 1812 871 1838 autem
903 1807 995 1838 Just.
1026 1808 1203 1848 scripsisse

501 1856 631 1895 adscito,
646 1857 699 1886 vcl
716 1857 827 1897 potins
840 1857 1050 1898 accito,qnod
1067 1859 1122 1898 qui
1140 1869 1206 1890 non

501 1906 585 1936 satis
602 1906 783 1946 intellexit,
807 1908 1044 1947 compendium
1073 1910 1207 1949 putavit

504 1966 578 1987 esse
597 1956 690 1987 verbi
703 1957 864 1997 acquisito.
909 1957 1069 1988 Accersito
1092 1964 1204 1990 antem

504 2017 578 2038 esse
595 2017 636 2038 ex
654 2008 762 2046 glossa
776 2009 832 2038 τοῦ
844 2009 952 2039 accito.
975 2008 1086 2040 Sclief.
1131 2011 1205 2041 Me-

504 2058 569 2088 rito
585 2058 733 2097 acquisito
749 2064 940 2098 suspectum
955 2064 1008 2089 est
1019 2059 1204 2092 Sclieffero.

503 2107 665 2147 Squnloris
686 2108 823 2139 habitum
845 2110 1002 2149 acquirere
1024 2111 1062 2139 ad
1086 2110 1204 2141 miseri-

503 2159 637 2189 cordiam
651 2160 893 2190 commovendam
907 2159 962 2189 vix
979 2158 1091 2190 ferent
1108 2170 1205 2192 aures

504 2209 659 2239 Latinae:
683 2208 708 2240 f.
736 2210 828 2241 Just.
850 2205 994 2250 ‘scripsit
1021 2211 1203 2251 conquisito.

505 2258 621 2290 Gra‘v.

548 2309 565 2348 ξ
583 2312 600 2339 3
627 2309 751 2349 Nicias]
775 2309 929 2350 Thucyd.
947 2319 997 2341 vi.
1017 2310 1116 2342 Diod.
1136 2321 1203 2344 xil.

503 2358 560 2390 fin.
579 2364 614 2390 et
634 2369 716 2390 xm.
735 2360 808 2390 init.
827 2360 919 2392 Plut.
942 2365 977 2391 et
994 2361 1126 2392 Probus
1143 2361 1203 2393 Al-

502 2409 659 2448 cibiade3
683 2410 740 2440 ille
752 2411 854 2441 etiam
871 2410 903 2440 in
918 2411 1026 2442 Nicia.
1050 2412 1205 2451 Bongars.

504 2460 572 2501 Ap.
604 2462 702 2492 Frec.
735 2470 760 2492 1.
788 2464 820 2492 4.
853 2464 903 2492 ll.
936 2472 997 2501 pro
1030 2463 1133 2494 Micea
1169 2469 1204 2496 et

503 2511 641 2542 Illiceam
655 2512 836 2551 reponend.
847 2517 900 2543 est
913 2513 1008 2544 Nicia
1021 2519 1053 2544 et
1067 2514 1205 2554 Niciam,

503 2565 621 2602 atquc,
638 2571 697 2602 pro
713 2562 864 2593 Jumucho
879 2568 914 2594 et
929 2564 1126 2606 Jamuchum,
1141 2566 1205 2597 Lu-

502 2612 610 2642 mucho
626 2618 659 2643 et
676 2612 873 2644 Lamachum.

551 2662 594 2691 Ut
611 2662 685 2701 ipsis
699 2663 826 2703 terrori]
852 2662 892 2693 Id
915 2664 1055 2696 cavend.
1073 2675 1205 2707 semper

504 2710 660 2750 ducibus,
696 2721 738 2742 ne
778 2713 826 2743 ita
867 2714 1018 2744 externis
1061 2715 1205 2747 credant

505 2762 649 2800 auxiliis,
671 2767 708 2793 nt
725 2772 791 2793 non
810 2762 883 2803 plns
905 2764 956 2793 sni
985 2764 1114 2796 roboris
1131 2776 1205 2797 sna-

505 2819 645 2850 rumque
664 2813 799 2852 proprie
826 2813 946 2844 virium
963 2814 994 2844 iu
1011 2816 1130 2846 castris
1152 2816 1206 2846 ha-

505 2859 619 2892 beant.
668 2863 738 2893 Liv.
759 2866 913 2895 xxv.33.
932 2867 962 2895 5.
977 2864 1028 2895 ld.
1047 2874 1133 2897 xmi.
1152 2869 1203 2897 31.

505 2912 536 2942 9.
554 2916 588 2942 et
605 2921 701 2944 xmv.
722 2917 773 2944 26.
801 2916 850 2945 13.
876 2915 1044 2947 Videatur
1071 2917 1204 2949 omnino

967 357 1110 387 NOTAE
1143 358 1410 389 VARIORUM
1445 359 1495 390 IN

1267 455 1388 495 Veget.
1402 465 1459 486 111.
1474 458 1501 486 1.
1512 454 1569 486 fin.
1581 455 1702 486 Leonis
1716 454 1812 487 Tact.
1825 465 1900 496 cap.
1911 458 1964 487 20.

1265 515 1299 536 n.
1316 509 1368 537 62.
1391 506 1471 537 vid.
1488 506 1546 538 inf.
1566 516 1683 538 xxvii.
1700 510 1731 538 2.
1750 510 1801 538 11.
1826 508 1927 538 Bern.

1308 556 1324 596 ξ
1349 559 1369 586 4
1393 556 1546 587 Remeato
1569 558 1608 587 ad
1631 556 1765 597 reatum]
1798 557 1864 589 Inf.
1881 567 1916 588 v.
1934 562 1964 590 1.

1264 606 1274 623 ‘
1307 606 1504 636 Revocatus
1533 616 1552 636 a
1580 606 1669 637 bello
1702 607 1744 637 ad
1778 606 1967 648 judicium!

1266 657 1357 696 Nep.
1382 657 1390 673 ‘
1408 655 1597 687 Absentem
1619 656 1709 697 qnod
1731 667 1828 688 sacra
1844 657 1964 688 violas-

1265 711 1318 737 set
1335 716 1425 736 reum
1445 705 1626 737 fecerunt.'
1655 707 1727 737 Vor.

1307 757 1461 787 Rerocato
1487 757 1527 787 ad
1551 756 1684 796 reatum]
1707 756 1736 787 1.
1763 766 1792 788 e.
1817 761 1856 788 ut
1885 766 1963 788 reus

1263 805 1383 844 fieret;
1414 806 1460 836 ita
1483 816 1629 846 namque
1658 807 1720 837 boc
1738 816 1842 847 genus
1868 816 1964 837 usur-

1262 857 1337 897 pari
1354 857 1440 887 solet
1457 856 1558 887 etiam
1576 856 1608 886 in
1631 856 1717 896 aliis,
1733 860 1771 887 nt
1785 857 1794 873 ‘
1810 857 1962 887 Vocatus

1262 906 1304 937 ad
1321 906 1556 945 consulatum‚⁷
1571 908 1634 937 διο.
1665 906 1733 937 Sed
1749 906 1810 938 hoc
1827 906 1963 947 quidem

1260 956 1350 987 hand
1378 956 1592 994 conveniens,
1615 956 1694 997 quia
1720 965 1794 987 esse
1817 966 1891 987 reus
1908 956 1964 987 de-

1261 1006 1346 1045 buit,
1355 1012 1536 1047 antequam
1546 1012 1659 1047 posset
1670 1006 1833 1037 revocari.
1847 1007 1962 1039 Quare

1261 1057 1413 1096 suspicor
1429 1056 1483 1087 hic
1507 1056 1664 1087 mendum
1682 1056 1818 1097 aliquod
1840 1057 1963 1088 latere.

1260 1103 1450 1146 Impressns
1463 1107 1612 1147 quidam,
1624 1106 1683 1137 sed
1698 1112 1733 1137 et
1749 1107 1815 1138 Ms.
1831 1106 1963 1148 aliquis,

1260 1156 1468 1196 adscriptum
1494 1162 1605 1187 tamen
1631 1156 1729 1186 alteri
1754 1156 1966 1197 lect.11abet‚

1259 1206 1295 1236 ob
1309 1216 1337 1236 r.
1354 1206 1457 1247 quod,
1473 1211 1511 1236 ut
1529 1204 1731 1246 praeferend.
1749 1206 1898 1246 vulgato,
1914 1205 1963 1236 ita

1259 1256 1374 1287 nescio
1399 1266 1441 1286 an
1466 1257 1593 1288 Justini
1628 1265 1703 1286 esse
1730 1260 1824 1287 certo
1856 1256 1963 1296 possit

1259 1306 1361 1337 tradi.
1400 1306 1547 1337 Videtur
1562 1306 1674 1346 potius
1690 1305 1815 1347 aliquid
1831 1305 1961 1337 deesse.

1259 1356 1365 1395 Schef.

1303 1408 1319 1446 ξ
1344 1411 1362 1436 5
1390 1406 1615 1437 Munitionibus
1629 1406 1738 1437 deinde
1752 1406 1963 1446 circumdatis,

1259 1456 1361 1487 hostes
1374 1458 1467 1487 etium
1485 1457 1627 1495 marinis,
1641 1458 1693 1495 ὅγε.
1718 1455 1849 1495 clausos]
1874 1456 1962 1487 Haec

1258 1507 1387 1537 Sebisio
1405 1508 1549 1546 glossam
1578 1506 1737 1546 sapiunt3
1769 1506 1962 1537 necessaria

1258 1558 1394 1599 quidem
1413 1562 1507 1589 certe
1525 1567 1590 1588 non
1606 1560 1694 1587 sunt.
1729 1556 1768 1587 L.
1787 1561 1895 1587 totum
1911 1557 1961 1588 ita

1257 1608 1460 1639 restituend.
1480 1612 1583 1647 puto:
1610 1617 1650 1638 m.
1663 1607 1695 1638 d.
1712 1607 1916 1637 circumdatos
1930 1607 1962 1638 h.

1257 1668 1284 1689 e.
1301 1668 1341 1690 m.
1358 1669 1383 1689 c.
1397 1659 1522 1689 intercl.
1545 1658 1688 1688 Rectum
1713 1661 1766 1688 est
1781 1656 1962 1687 inunitioni·

1257 1708 1311 1738 bus
1337 1708 1547 1739 circumdatis.
1589 1707 1645 1738 Sic
1673 1717 1704 1738 v.
1731 1709 1762 1737 8.
1781 1709 1811 1738 1.
1833 1706 1960 1738 ‘Obsi-

1255 1758 1356 1789 dione
1381 1756 1614 1789 circumdata)
1650 1757 1722 1787 Liv.
1744 1765 1823 1787 xxt.
1846 1758 1900 1787 42.
1929 1759 1960 1787 l.

1255 1810 1264 1826 ‘
1285 1809 1502 1840 Circnmdato
1529 1807 1571 1838 ad
1598 1807 1835 1847 spectaculum
1863 1815 1960 1837 exer-

1255 1859 1348 1891 citn.'
1373 1861 1416 1890 Et
1434 1869 1490 1890 111.
1506 1861 1558 1889 26.
1584 1862 1614 1889 5.
1636 1859 1645 1874 ‘
1664 1857 1874 1888 Munitiones
1892 1856 1958 1887 cir-

1255 1909 1440 1941 cumdant.'
1485 1908 1600 1939 Possis
1621 1911 1735 1938 tamen
1760 1911 1795 1937 et
1813 1906 1958 1937 munitio-

1253 1960 1344 1991 nibus
1368 1960 1572 1990 circumdatos
1599 1957 1686 1988 tueri
1702 1957 1750 1987 his
1779 1956 1956 1996 exemplis.

1254 2010 1326 2041 Liv.
1354 2017 1465 2041 xxm.
1481 2012 1534 2039 28.
1556 2011 1587 2039 2.
1621 2008 1630 2024 ‘
1647 2008 1758 2038 Naves
1782 2007 1869 2037 vallo
1895 2006 1959 2038 cir-

1254 2059 1445 2092 eumd-atae?
1467 2060 1546 2090 Tac.
1566 2059 1624 2098 Ag.
1642 2061 1695 2089 20.
1708 2060 1740 2089 4.
1764 2058 1774 2075 ‘
1789 2057 1956 2088 Civitates

1254 2111 1422 2152 praesidiis
1454 2109 1674 2149 castellisque
1709 2106 1956 2138 circumdatae.’

1256 2162 1346 2193 Flor.
1365 2170 1421 2191 111.
1439 2163 1492 2190 10.
1518 2162 1572 2191 43.
1594 2159 1603 2175 ‘
1620 2158 1800 2189 Civitatem
1824 2157 1957 2198 ingenti

1254 2213 1358 2243 lorica
1382 2209 1650 2242 circumdatam!
1682 2210 1815 2240 Bernec.
1859 2210 1955 2241 Suet.

1253 2263 1322 2296 Jul.
1340 2266 1392 2294 68.
1413 2263 1421 2279 ‘
1439 2261 1657 2301 Dyrrachina
1672 2258 1839 2290 munitio.’
1869 2260 1956 2290 Caes.

1254 2323 1336 2345 vui.
1354 2314 1395 2344 B.
1414 2313 1458 2344 G.
1476 2315 1527 2343 ll.
1552 2312 1698 2342 ‘Locum
1714 2309 1955 2341 munitionibus

1254 2362 1389 2395 claudi!
1446 2362 1539 2393 Hinc
1564 2362 1572 2378 ‘
1598 2359 1805 2391 munitores’
1843 2359 1954 2391 Amm.

1253 2414 1302 2445 M.
1331 2422 1410 2444 xm.
1442 2414 1492 2442 12.
1520 2420 1604 2451 quos
1633 2409 1675 2441 cl.
1703 2409 1813 2440 Vales.
1844 2409 1896 2439 nti
1920 2413 1956 2440 et

1253 2465 1262 2481 ‘
1281 2463 1557 2504 oppugnatores,’
1570 2459 1712 2500 opponit
1738 2460 1746 2475 ‘
1763 2458 1903 2490 clausis'
1918 2464 1955 2490 et

1253 2516 1262 2533 ‘
1278 2511 1534 2546 defensoribus!
1582 2511 1625 2541 Et
1642 2510 1862 2540 munimentum
1877 2509 1952 2541 ead.

1254 2565 1391 2596 notione
1420 2566 1560 2602 usurpat
1585 2561 1658 2591 Liv.
1692 2569 1726 2591 x.
1749 2563 1780 2591 9.
1817 2561 1826 2577 ‘
1845 2560 1953 2591 Locus

1254 2625 1317 2646 nec
1335 2615 1366 2645 vi
1385 2623 1447 2644 nec
1475 2612 1682 2643 munimento
1703 2610 1779 2650 capi
1796 2609 1951 2649 poterat.'

1256 2667 1393 2697 Gronov,
1440 2664 1517 2695 Non
1534 2661 1633 2692 modo
1646 2661 1763 2690 dicunt
1787 2661 1794 2676 ‘
1813 2659 1953 2690 circum-

1255 2717 1336 2748 dare
1373 2714 1490 2746 urbem
1529 2709 1793 2749 munitionibus,'
1820 2708 1879 2740 sed
1916 2714 1951 2741 et

1254 2767 1263 2783 ‘
1294 2765 1495 2796 munitiones
1520 2760 1731 2793 circumdare
1767 2759 1842 2791 urbi
1855 2758 1876 2791 :‘
1913 2764 1952 2791 ut

1255 2817 1263 2833 ‘
1289 2816 1426 2846 Murum
1452 2812 1525 2843 urbi
1553 2809 1786 2848 circumdare,'
1806 2819 1898 2849 supr.
1925 2818 1949 2840 ι.

1254 2870 1285 2897 2.
1300 2869 1331 2896 7.
1350 2869 1385 2895 et
1406 2864 1415 2880 ‘
1433 2860 1651 2895 Circumdata
1673 2861 1736 2891 viae
1760 2858 1862 2891 silva'
1877 2868 1899 2890 1.
1918 2861 1950 2890 6.

1254 2920 1285 2950 4.
1313 2917 1386 2948 Vor.
