2101 3419
336 371 421 413 910

339 477 463 509 Cereris
492 476 623 518 accipio
652 477 695 509 de
723 477 803 516 illis,
833 487 907 519 quae
938 481 1037 509 erant

335 528 455 569 positae
485 537 552 559 non
590 538 667 559 cum
696 528 832 569 ignibus
863 538 889 560 s.
924 528 1035 560 foculo

336 588 493 617 accen50‚
525 578 583 609 sed
619 579 660 610 ad
697 579 793 619 ignes
833 580 980 618 Cereris,
1009 589 1036 612 s,

336 632 477 669 propter
492 628 586 669 ignes
604 629 751 669 Cereris,
768 635 805 661 ut
822 630 979 661 nimirum
995 630 1035 661 iis

337 679 454 710 Cereri
469 678 591 711 fierent
604 679 782 711 sacrificia.
829 682 913 713 Quae
929 681 1038 721 expli-

336 729 425 759 catio
437 729 582 769 planior,
592 730 787 770 simplicior,
801 731 937 772 locoque
951 740 1036 770 prae-

337 779 425 810 senti
450 780 733 811 accommodatior
756 780 901 811 videtur.
931 780 1035 819 Schef.

336 830 444 861 Sebis.
468 831 620 871 corrigit,
647 832 769 862 Cereris
788 832 926 871 ignibus,
946 832 1037 872 quod

336 881 460 920 probat
477 886 512 911 et
526 880 640 912 firmat
663 881 812 913 Gronov.
829 891 877 914 lv.
902 882 987 913 obs.
1004 885 1036 913 4.

337 930 532 961 Probarunt
552 930 639 962 hanc
656 932 927 963 emendationem
945 936 1037 973 post-

337 989 379 1010 ea
395 989 527 1021 quoque
544 980 607 1011 viri
629 980 767 1012 doctiss.
789 983 901 1013 Vorst.
923 987 959 1013 et
976 984 1038 1013 Fa-

338 1029 406 1060 ber.
460 1029 527 1060 Sed
558 1030 733 1070 Heinsius,
761 1032 812 1062 vir
845 1036 881 1062 et
910 1032 1037 1063 amicus

336 1088 494 1118 summm,
518 1083 616 1119 putat
641 1080 695 1111 hic
725 1081 859 1120 gravius
887 1082 1037 1112 librario—

337 1139 408 1160 rum
426 1130 554 1160 crimen
570 1131 691 1170 latere,
708 1130 863 1172 foedeque
887 1132 1037 1171 interpo-

336 1180 442 1210 latum
471 1189 544 1210 esse
569 1180 601 1212 h.
629 1181 751 1220 locum,
776 1181 832 1221 qui
857 1181 904 1212 sic
932 1181 1038 1220 possit

336 1229 480 1265 restitui,
498 1229 525 1259 si
543 1230 727 1261 scribamus
755 1231 839 1261 Tunc
860 1230 1038 1261 Hamilcari

336 1280 401 1310 aris
415 1290 473 1310 rex
488 1280 594 1319 positis
608 1280 726 1317 insigni
741 1281 911 1311 ceremonia
931 1281 1037 1311 tactis-

336 1330 439 1369 quein
455 1330 596 1370 obsequia
615 1331 781 1361 Poenorum
795 1331 897 1369 jurat.
943 1331 1038 1370 Ignes

336 1380 390 1410 hic
408 1379 491 1410 ferri
514 1389 580 1410 non
606 1390 704 1420 posse
728 1386 839 1420 putat.
884 1380 961 1411 Aris
982 1380 1037 1410 hie

336 1431 504 1462 excidisse
528 1431 614 1462 vidit
640 1437 676 1463 et
697 1431 824 1463 Scheff.
870 1432 954 1462 Mihi
970 1441 1037 1462 non

336 1481 472 1511 videtur
497 1481 592 1512 nimis
614 1482 713 1522 longe
736 1493 755 1513 a
775 1482 868 1513 libris
885 1481 1037 1512 omnibus

337 1540 409 1561 esse
427 1530 624 1563 discedend.
659 1532 758 1564 Quod
782 1531 854 1570 fiet,
872 1532 897 1561 si
914 1531 1037 1570 legeris

337 1583 422 1613 Tunc
444 1582 620 1612 [Iumilcuri
647 1582 712 1612 uris
734 1582 856 1622 positis,
871 1585 901 1612 et
916 1581 1040 1620 ignibus

339 1633 474 1672 Cereris,
489 1633 639 1673 tactisque
661 1634 694 1663 in
712 1633 849 1672 obsequia
874 1633 1040 1663 Poe'norum

327 1683 431 1720 jurat.
475 1683 532 1714 Sic
553 1692 620 1714 arae
647 1687 682 1714 et
709 1683 1004 1723 ignesjiiiiguntur
1020 1692 1040 1712 a

337 1734 459 1774 Virgil.
487 1735 520 1764 in
549 1744 660 1772 versu,
689 1744 787 1776 quem
813 1733 931 1764 laudat
957 1733 1040 1764 Ber-

337 1794 433 1815 necc.
463 1785 569 1816 Groev.

384 1834 561 1874 Taclisque]
604 1834 724 1874 Virgil.
760 1833 835 1864 AEn.
865 1841 932 1864 x11.
963 1835 1037 1864 201.

336 1885 346 1902 ‘
363 1886 476 1924 Tango
493 1894 578 1922 araS,
593 1884 789 1924 mediosque
814 1884 909 1923 ignes
926 1888 962 1914 et
980 1893 1038 1913 nu-

338 1935 428 1965 mina
445 1934 576 1965 testor.'
610 1934 708 1964 Bcrn.

381 1986 398 2025 ξ
420 1987 439 2015 9
466 1983 712 2023 potentissimos]
746 1984 831 2014 Mss.
861 1983 960 2014 Fuid.
985 1982 1040 2024 (ut

339 2039 373 2066 et
397 2034 635 2074 Bongarsiani)
658 2034 844 2074 potissimos,
866 2033 954 2074 quod
979 2043 1039 2073 pro

339 2084 414 2115 eod.
430 2089 490 2115 est.
535 2083 713 2123 Significat
729 2084 831 2122 enim,
849 2084 1039 2123 praecipuos

339 2140 374 2167 et
392 2136 506 2176 primae
525 2141 626 2166 notae.
672 2135 816 2167 Quintil.
846 2144 882 2165 x.
910 2138 939 2165 3.
965 2135 974 2150 ‘
991 2135 1040 2165 Ut

338 2187 443 2217 semel
469 2186 559 2227 quod
587 2189 639 2216 est
666 2185 877 2226 potissimum
904 2183 1039 2216 dicam.'

340 2238 429 2268 Mod.

384 2289 400 2328 ξ
417 2291 454 2318 10
470 2288 509 2318 In
526 2287 680 2318 theatrum
693 2288 733 2317 ad
746 2285 931 2326 concionem]
951 2286 1038 2317 Nam

339 2338 472 2369 Graecis
509 2343 544 2368 et
582 2336 830 2368 Graeciensibus
871 2336 1040 2376 plerisque

338 2388 521 2418 Theatrum
544 2386 648 2417 fuisse
673 2396 734 2426 pro
759 2386 863 2425 curia,
883 2384 968 2420 foro,
986 2394 1040 2416 co·

339 2437 447 2475 mitio,
473 2440 570 2476 patet
598 2436 698 2466 etiam
735 2445 777 2466 ex
809 2435 881 2466 Cic.
913 2445 972 2475 pro
1004 2435 1038 2465 L.

338 2487 461 2517 Flacco
477 2489 505 2517 7.
533 2485 635 2518 Diod.
662 2495 737 2517 xvr.
761 2489 813 2516 85.
844 2485 913 2516 Liv.
938 2493 1040 2515 xxxv.

339 2540 391 2569 39.
409 2540 438 2568 1.
462 2538 544 2567 Tac.
570 2537 615 2568 H.
637 2545 676 2567 11.
693 2539 744 2567 80.
762 2539 793 2567 6.
819 2536 897 2566 Val.
925 2536 975 2567 M.
1000 2544 1040 2566 11.

337 2590 369 2618 2.
384 2591 415 2618 5.
441 2586 594 2618 Frontin.
612 2595 667 2617 111.
680 2589 709 2617 2.
722 2589 752 2617 6.
776 2585 903 2616 Auson.
918 2585 950 2615 in
965 2595 1041 2625 pro-

337 2638 414 2678 logo
427 2637 514 2668 Ludi
528 2646 590 2669 vu.
605 2637 759 2678 Sapient.
773 2636 867 2668 Plut.
882 2637 914 2667 in
927 2636 1040 2668 Dione

337 2690 389 2719 53.
419 2689 516 2720 Bern.

384 2741 551 2771 Conci-acto
580 2740 613 2771 in
641 2739 820 2781 gymnasio]
863 2738 975 2770 Scrib.
1008 2738 1041 2769 in

336 2792 543 2831 gymnasium.
572 2791 656 2822 Fab.

384 2843 401 2882 ξ
423 2845 463 2872 12
489 2840 732 2880 Promtissimos]
765 2840 811 2871 Η.
841 2850 871 2871 e.
897 2839 1041 2871 maxime

339 2892 561 2930 excellentes,
573 2895 607 2923 et
617 2892 772 2922 omnibus
786 2891 885 2922 rebus
898 2891 1041 2922 instruc-

341 2946 405 2973 tos.
437 2941 509 2973 Cic.
525 2951 576 2974 iv.
599 2943 698 2973 Verr.
718 2944 768 2973 17.
793 2943 801 2958 ‘
821 2942 860 2974 C.
877 2941 1041 2973 Cacnrius

794 382 936 412 NOTAE
970 382 1232 412 VARIORUM
1270 381 1321 412 {N

1087 477 1334 518 promtissimus
1354 477 1464 518 homo,
1479 480 1514 508 et
1536 475 1729 516 experiens,
1750 480 1787 508 et

1087 528 1252 569 imprimis
1283 527 1474 568 gratiosus.'
1522 527 1601 558 Vid.
1633 527 1717 559 Not.
1743 528 1788 559 ad

1086 579 1168 609 Tac.
1189 587 1237 610 iv.
1253 581 1303 609 17.
1329 578 1430 609 Grou.

1130 628 1216 659 CAP.
1238 637 1294 660 111.
1328 630 1345 669 ξ)
1370 632 1389 660 2
1424 628 1516 659 Foecle
1540 628 1648 668 vexat]
1682 627 1788 668 Angli

1078 677 1176 717 soedis
1198 678 1333 717 injuriis,
1360 688 1434 719 quae
1466 677 1646 709 manifesta
1677 678 1789 718 glossa

1087 733 1149 760 est.
1173 729 1279 768 Scltef.
1317 729 1415 762 Junt.
1431 728 1516 767 soecle
1534 728 1661 767 injuriis
1683 731 1788 759 vexat.

1087 779 1203 810 Graev.

1131 831 1147 870 ᾧ
1164 832 1183 859 4
1209 829 1369 870 Syracusae
1384 829 1416 860 in
1429 830 1543 870 pignus
1556 828 1713 859 societatis
1724 829 1788 860 sint

1087 879 1230 919 traditae]
1278 879 1401 910 Posset
1429 881 1531 910 etiam
1559 879 1628 919 legi
1659 879 1788 920 absque

1089 940 1196 971 praep.
1221 930 1296 970 Syr.
1310 930 1435 970 pignus,
1450 931 1503 969 850.
1536 929 1643 960 Gron.

1131 981 1182 1020 §5
1214 979 1370 1014 Quantum
1397 979 1525 1020 mulum]
1560 978 1670 1010 Scrib.
1701 978 1790 1010 mali.

1088 1031 1196 1062 Idem.

1132 1083 1149 1122 ς
1165 1084 1184 1111 6
1208 1081 1247 1111 In
1266 1081 1395 1121 imperio
1417 1081 1510 1121 esset]
1532 1080 1541 1097 ‘
1557 1081 1640 1111 Tum
1658 1085 1789 1120 tempo-

1089 1131 1134 1162 ris
1150 1131 1289 1171 consul‚'
1308 1135 1346 1162 ut
1363 1140 1468 1162 xxm.
1484 1134 1514 1162 2.
1530 1134 1560 1162 9.
1577 1131 1620 1161 de
1639 1130 1788 1161 Hannib.

1090 1181 1238 1222 loquitur
1252 1181 1395 1212 Auctor.
1439 1181 1492 1212 Ita
1512 1181 1584 1212 Cic.
1603 1180 1645 1210 de
1663 1179 1789 1219 Arusp.

1089 1233 1257 1272 Respons.
1271 1234 1322 1262 17.
1338 1232 1347 1248 ‘
1359 1231 1570 1262 Sacrificium
1587 1231 1693 1261 Bonae.
1705 1230 1788 1261 Deae

1088 1281 1127 1313 fit
1144 1282 1176 1312 in
1193 1291 1233 1312 ea
1249 1281 1360 1321 domo,
1385 1291 1459 1321 quae
1485 1285 1538 1312 est
1562 1281 1595 1311 in
1620 1279 1789 1320 imperi0‚’

1088 1332 1119 1363 11.
1136 1342 1164 1362 e.
1193 1331 1225 1361 in
1255 1331 1354 1362 domo
1380 1331 1548 1370 Consulis,
1575 1327 1646 1370 ῦΐρἕ
1668 1324 1788 1371 mm&

1087 1378 1230 1415 sennen
1252 1373 1537 1420 finimas-'teta
1578 1383 1673 1414 Piut.
1703 1382 1790 1414 cans.

1089 1436 1142 1464 13.
1169 1434 1266 1464 Bern.

1132 1484 1240 1514 Tacita
1264 1485 1301 1514 de
1323 1493 1356 1514 eo
1381 1483 1551 1524 suffiugiu]
1578 1491 1671 1513 xxn.
1688 1485 1788 1514 7.10.

1090 1534 1301 1574 Capitolinus
1317 1534 1348 1564 in
1365 1534 1545 1565 Gordianis
1562 1544 1636 1574 cap.
1655 1536 1707 1564 12.
1725 1538 1792 1563 tra-

1089 1584 1153 1623 dit,
1169 1585 1269 1625 quale
1288 1584 1389 1615 fuerit
1407 1594 1460 1624 ap.
1478 1585 1645 1615 Romanos
1669 1585 1678 1600 ‘
1696 1592 1792 1614 sena-

1090 1635 1335 1665 tusconsultum
1365 1635 1525 1673 tacitum‚’
1552 1638 1588 1665 et
1615 1643 1717 1674 quare
1742 1633 1792 1664 sic

1091 1685 1314 1724 appellatum.
1359 1684 1426 1715 Sed
1445 1685 1525 1716 illud
1543 1684 1657 1716 abhoc
1673 1689 1791 1716 nostro

1091 1735 1260 1765 diversum
1278 1739 1341 1766 cst.
1376 1736 1471 1766 Idem.

1135 1787 1161 1815 A
1180 1785 1305 1825 Sicilia]
1331 1786 1368 1816 Iu
1384 1785 1523 1816 Siciliam
1539 1785 1624 1826 legit
1639 1784 1792 1817 Freinsh-

1091 1836 1264 1866 Diodorus
1283 1845 1331 1867 ix.
1350 1839 1422 1866 106.
1448 1836 1546 1867 Idem.

1136 1887 1152 1926 ξ
1170 1888 1187 1916 7
1212 1886 1275 1916 Sed
1291 1886 1355 1915 licea:
1369 1885 1479 1915 cullidu
1495 1887 1662 1915 commenta
1680 1884 1792 1915 Poeno-

1090 1946 1160 1966 rum
1189 1940 1219 1966 et
1242 1936 1408 1966 sententias
1438 1934 1610 1974 inauditas]
1646 1935 1791 1967 Quidam

1089 1988 1098 2004 ‘
1121 1987 1311 2017 inauditas’
1337 1996 1398 2026 per
1421 1985 1680 2016 admirationem
1704 1986 1794 2016 acci-

1092 2037 1201 2077 piunt,
1233 2037 1348 2077 quales
1373 2046 1470 2067 nemo
1498 2040 1601 2066 antea
1631 2035 1791 2067 audierit.

1092 2087 1158 2118 Alii
1176 2088 1184 2105 ‘
1199 2087 1390 2125 inan‹litas‚'
1418 2087 1439 2118 i.
1461 2096 1490 2116 e.
1519 2096 1584 2117 non
1612 2087 1736 2126 dictas,
1753 2092 1791 2119 ut

1091 2137 1206 2168 dicere
1231 2137 1377 2168 solemus
1403 2137 1532 2167 indicta
1556 2146 1656 2167 eausa
1676 2147 1790 2178 quem-

1091 2188 1180 2228 piam
1195 2187 1402 2224 damnatum,
1416 2192 1449 2217 et
1466 2187 1513 2217 sic
1527 2186 1628 2217 ctiam
1644 2188 1652 2204 ‘
1668 2187 1792 2218 callida

1091 2235 1301 2274 conimenta,’
1315 2236 1400 2276 quod
1420 2236 1597 2275 praecedit,
1609 2246 1671 2276 pro
1683 2237 1792 2268 occul-

1092 2288 1134 2318 tis
1148 2287 1416 2317 damnationibus
1428 2286 1638 2326 intelligenti.
1663 2287 1791 2318 Verum

1091 2338 1138 2368 sic
1161 2338 1262 2367 etiam
1291 2336 1474 2376 oportebat
1493 2346 1562 2377 seq.
1587 2346 1664 2367 mox
1692 2346 1792 2368 versu

1091 2388 1207 2428 legere
1237 2397 1291 2427 pei·
1320 2387 1465 2425 injuriam
1500 2387 1580 2417 cives
1617 2388 1792 2418 inauditum

1090 2438 1325 2475 damnaverunt,
1342 2445 1466 2475 genere
1487 2436 1685 2475 masculino,
1702 2436 1791 2477 quod

1090 2487 1264 2518 inauditum
1304 2495 1427 2526 genere
1456 2484 1627 2517 saeminino
1656 2487 1791 2525 legitur.

1092 2537 1181 2569 Illud
1212 2537 1315 2568 etiam
1346 2537 1466 2567 merito
1496 2537 1570 2575 quis
1599 2536 1792 2574 mirabitur,

1091 2587 1179 2629 quod
1196 2587 1238 2617 ad
1255 2587 1380 2618 calcem
1399 2586 1536 2627 huj.lib.
1552 2586 1690 2627 legitur,
1705 2586 1791 2626 Aga-

1092 2638 1238 2669 thoclem
1273 2637 1443 2668 exercitus
1480 2637 1532 2667 sui
1569 2637 1794 2677 desertorem,

1092 2688 1237 2719 filiorum
1273 2687 1496 2728 proditorem,
1528 2696 1566 2717 ac
1595 2696 1637 2717 ex
1671 2685 1793 2717 Africa

1093 2737 1271 2779 profugum
1301 2742 1431 2768 tantum
1460 2737 1622 2776 potuisse,
1651 2742 1689 2767 ut
1714 2746 1792 2767 cum

1093 2790 1273 2820 Poenorum
1295 2787 1436 2818 ducibus
1462 2786 1567 2827 arquis
1592 2786 1793 2818 conditioni·

1093 2839 1153 2871 bus
1171 2848 1288 2879 pacem
1305 2837 1439 2869 fecerit.
1472 2838 1564 2868 Glar.

1136 2889 1217 2921 Hoec
1242 2889 1353 2920 callida
1378 2891 1547 2919 commenta
1574 2888 1738 2919 Poenorum
1761 2890 1793 2918 et

1092 2942 1259 2973 sententias
1267 2940 1388 2972 inuadit
1393 2950 1410 2971 α
1422 2949 1503 2971 mors
1514 2939 1706 2971 Hamilcaris
1714 2949 1794 2980 prae-
