2174 3424
563 322 757 353 merim
794 323 886 353 mn.
920 324 968 355 11.
1004 325 1110 355 CAP.
1143 316 1211 357 12.

211 416 374 456 Experiri,
403 415 472 456 ὅκῃ]
515 416 604 447 Saxo
646 424 680 447 x.
724 426 757 456 p.
787 419 862 448 203.

167 467 176 483 ‘
190 467 275 497 Belli
289 465 458 498 fortunam
470 465 640 507 experiri!
656 475 732 498 xrv.
746 476 778 507 p.
788 469 864 499 281.

164 517 174 533 ‘
192 516 367 547 Armorum
383 515 406 547 f.
422 516 464 547 e.’

209 565 297 596 CAP.
316 573 382 597 xn.
413 566 430 606 ξ
454 569 471 596 1
495 566 604 606 Ionas]
625 565 756 597 Herod.
781 575 861 597 vm.

164 614 258 646 Plut.
272 615 430 647 Tliemist.
456 616 560 647 Ortos
576 620 688 646 autem
705 616 804 646 Ionas
820 615 861 647 ab

165 664 426 698 Atheniensibus
443 671 560 698 notum
576 677 618 698 ex
635 667 767 698 Herod.
784 676 808 699 1.
825 671 861 698 et

165 716 251 748 aliis.
276 717 381 756 Bong.

207 767 226 807 ᾧ
238 769 257 797 2
270 767 442 808 Symbozos]
459 768 468 785 ‘
479 767 695 808 Symbolum,’
705 772 740 798 et
753 768 762 785 ‘
775 777 861 808 sym-

164 815 269 856 bola‚’
294 821 330 848 et
353 817 362 834 ‘
378 818 565 858 symbolus’
591 818 709 849 dicunt
734 817 860 849 Latini.

165 865 281 897 Plaut.
297 867 422 898 Pseud.
439 876 465 898 1.
480 870 509 897 l.
524 869 576 898 53.
595 872 631 898 et
645 867 805 900 Bacchid.
818 876 859 899 11.

165 918 196 946 3.
212 918 266 946 31.
289 917 356 948 Ms.
373 926 457 947 unus
481 917 514 948 h.
531 917 554 948 1.
575 917 680 948 habet
702 917 861 957 symbolas,

166 966 334 1006 quomodo
362 970 397 998 et
426 967 540 998 Plaut.
570 976 672 1006 saepe.
704 968 861 1006 Bongars.

165 1015 175 1032 ‘
201 1015 374 1056 Symboli’
413 1016 546 1048 Graecis
576 1018 700 1054 στῆλαι.
746 1017 860 1049 Schol.

166 1067 271 1107 Soph.
287 1068 397 1099 Elect.
413 1077 447 1099 v.
459 1072 533 1100 723.
555 1071 685 1106 Στῆλαι,
698 1070 862 1105 κυβυειδεΐς

166 1115 256 1156 λίθοι,
271 1116 486 1158 ἐπιγράμματι-ί
500 1130 588 1150 τινων
603 1118 741 1158 ἔχοντες.
760 1120 860 1151 Gron-

210 1168 256 1197 Et
269 1168 355 1199 saxis
364 1169 530 1209 proscribi]
546 1169 647 1210 Angl.
663 1172 693 1200 et
707 1170 740 1200 in
751 1180 777 1201 s.
792 1179 862 1209 per·

164 1217 270 1249 scribi.
316 1219 371 1249 De
385 1219 533 1259 perscribi
556 1220 627 1250 dixi
647 1230 740 1260 supr.
758 1229 792 1250 x.
810 1223 863 1252 13.

165 1268 266 1309 Vulg.
283 1272 394 1300 tamen
410 1279 446 1300 se
463 1275 577 1301 tuetur
592 1280 653 1311 per
667 1270 749 1301 illud
766 1271 862 1301 Suet.

167 1317 253 1349 Ner.
280 1321 334 1350 39.
358 1320 367 1336 ‘
388 1321 501 1351 Multa
526 1321 649 1352 Graece
677 1321 863 1361 Latineque

167 1369 354 1409 proscripta
383 1373 442 1400 aut
471 1371 610 1410 vulgata
640 1371 739 1402 sunt.'
794 1373 863 1403 Ubi

166 1418 321 1451 Tot-rent.
336 1430 468 1460 quoque
479 1421 652 1461 proscripta
663 1426 781 1453 censet
795 1432 864 1453 ser-

168 1468 268 1499 vand.
285 1474 395 1500 contr.
416 1471 600 1510 perscripta,
624 1471 711 1511 quod
739 1471 773 1501 in
798 1473 863 1504 Ms.

168 1527 234 1548 uno
249 1519 430 1551 invenitur.
461 1520 589 1551 Caussa
614 1521 694 1551 satis
721 1521 762 1552 ab
789 1522 862 1562 ipso

167 1568 371 1607 explicatur.
404 1569 517 1610 Atque
534 1570 582 1600 ita
597 1570 700 1601 ethic
716 1569 863 1602 faciend.

169 1617 383 1649 arbitramur.
395 1618 498 1657 Schef.
530 1619 618 1649 Sane
632 1620 862 1658 proscribinon

169 1671 221 1698 est
237 1667 426 1700 solicitand.
472 1669 614 1709 Proprie
630 1670 718 1700 enim
741 1675 777 1701 et
797 1670 862 1701 ele-

169 1721 290 1757 ganter
326 1719 336 1735 4
368 1718 548 1758 proscribi’
586 1719 757 1758 dicuntur,
785 1730 861 1760 quae

166 1767 199 1797 in
219 1767 343 1798 tabella
367 1772 425 1798 aut
450 1769 567 1799 charta
584 1769 712 1809 scripta
728 1769 863 1809 publice

168 1815 362 1857 affiguntur,
374 1823 412 1848 ut
423 1817 465 1848 ab
478 1818 630 1849 omnibus
642 1819 707 1858 legi
720 1821 860 1859 possint.

165 1866 224 1897 Sic
247 1867 256 1883 ‘
273 1867 485 1906 proscribere
510 1867 617 1898 aedes’
638 1873 702 1907 est,
726 1869 864 1909 publica

165 1915 284 1947 tabula
299 1915 399 1947 affixa
413 1917 602 1957 significare
619 1919 756 1949 venales
773 1919 862 1951 aedes

166 1974 252 1996 esse.
299 1966 353 1996 Sic
369 1970 405 1997 et
420 1968 429 1984 ‘
446 1967 624 2006 proscribi'
640 1969 756 2000 Romae
774 1969 863 2000 dice-

165 2015 290 2047 bantur
313 2017 406 2058 olim,
428 2028 568 2058 quorum
595 2020 730 2050 nomina
755 2020 789 2050 in
814 2020 863 2051 fe-

166 2066 230 2097 rali
246 2067 363 2098 tabula
388 2068 515 2108 scripta
531 2073 639 2108 erant,
664 2073 702 2101 ut
728 2069 863 2110 impune

167 2115 210 2146 ab
235 2117 386 2147 omnibus
413 2124 551 2158 possent
576 2120 703 2150 necari.
746 2120 802 2151 Sic
827 2126 863 2152 et

166 2165 301 2197 Graecis
329 2166 526 2207 προγράφειν,
553 2169 641 2199 unde
663 2169 672 2185 ‘
689 2179 862 2209 program-

166 2215 244 2246 ma!
288 2216 373 2248 Ead.
391 2218 438 2248 vis
455 2223 508 2248 est
522 2219 552 2248 in
566 2220 610 2257 τῷ
624 2220 633 2236 4
648 2221 862 2260 proponere!

165 2265 209 2296 Id
223 2266 311 2297 enim
325 2273 377 2298 est
393 2268 425 2298 in
443 2268 576 2307 publico
597 2269 671 2300 loco
688 2279 860 2309 exponere

165 2316 320 2348 omnibus
354 2317 538 2350 videndum
575 2323 633 2350 aut
668 2320 860 2360 legendum.

168 2366 275 2398 Groev.

208 2417 261 2457 §4
284 2417 337 2448 An
361 2418 443 2458 ideo]
467 2419 573 2449 Vetus
584 2418 714 2449 Po'eta:
739 2420 748 2436 ‘
766 2419 860 2450 Men’

166 2476 331 2506 servasse,
343 2474 380 2499 ut
393 2473 507 2500 essent
518 2469 574 2510 qui
584 2479 636 2500 me
647 2470 829 2509 perderent
838 2470 861 2501 ?'

166 2516 324 2556 Bongars.
368 2518 455 2550 Haec
479 2519 606 2550 Pacuv.
628 2519 663 2550 in
678 2519 861 2551 Armorum

164 2565 315 2605 Juffieio,
335 2567 460 2599 citatus
474 2577 494 2599 a
507 2568 601 2600 Suet.
620 2569 692 2602 Jul.
708 2571 760 2601 84.
786 2569 859 2601 Liv.

165 2624 208 2647 ιι.
221 2619 276 2648 40.
291 2619 323 2649 7.
346 2618 445 2649 Rern.

208 2666 260 2705 §5
287 2667 371 2702 Quid
392 2667 435 2708 si]
457 2666 527 2700 Alii
546 2667 682 2708 habent,
711 2669 800 2704 Quod
821 2669 860 2701 sz‘.

165 2713 253 2745 Mihi
279 2721 437 2748 neutrum
455 2717 592 2758 placet3
617 2719 752 2750 mallem
778 2719 861 2750 scri-

168 2763 248 2795 bere
265 2765 374 2800 Quasi.
396 2767 509 2799 Schef.

209 2815 262 2854 §6
287 2815 466 2857 Obsidione]
489 2818 498 2834 ‘
517 2817 677 2849 Obsidio'
697 2827 759 2858 pro
783 2828 861 2860 cap-

168 2863 317 2897 tivitate.
372 2867 415 2897 Et
455 2866 663 2908 significatur
696 2868 796 2901 Ionas
826 2869 860 2900 in

1526 316 1610 358 (337

912 417 1018 448 classe
1041 418 1182 449 Persica
1198 429 1263 450 nou
1282 424 1317 450 ut
1333 420 1469 460 milites,
1494 422 1552 453 sed
1571 429 1608 454 ut

912 467 1079 506 captiv08‚
1105 477 1218 508 agere.
1274 470 1329 500 Sic
1360 474 1395 501 et
1425 479 1486 502 xv.
1518 474 1548 503 l.
1579 475 1610 504 3.

911 515 921 532 ‘
938 516 1125 548 Obsidione
1152 516 1430 558 Ampliipolitana
1449 520 1608 552 liberare'

912 571 966 597 est
979 576 1051 606 pro,
1062 567 1265 607 captivitate
1278 567 1438 608 Ampliip.
1451 569 1608 601 liberare.

913 615 1145 656 Amphipolim
1172 617 1260 648 enim
1290 617 1394 649 filium
1424 618 1612 651 Alexandri

913 675 989 697 cum
1014 671 1122 698 matre
1145 667 1402 698 custodiendum
1418 668 1610 700 Cassander

912 715 1061 748 miserat.
1096 717 1141 747 Et
1156 725 1286 747 xxxm.
1300 720 1329 747 l.
1344 720 1375 749 1.
1398 718 1406 734 4
1421 718 1610 750 Obsidione

911 765 1115 797 Parthorum
1136 766 1318 797 liberatus’
1344 766 1470 798 dicitur
1485 769 1611 799 Deme-

913 816 1008 855 ttius,
1023 827 1120 858 quem
1134 817 1266 849 Auctor
1279 826 1408 849 xxxvr.
1424 822 1452 850 1.
1464 823 1494 850 5.
1511 820 1611 850 simu-

911 866 1039 898 latione
1080 867 1173 907 pacis
1212 867 1396 907 deceptum
1426 877 1446 898 a
1475 868 1610 900 Parthis

910 922 1050 958 captum
1066 917 1211 950 dixerat.
1239 918 1314 949 Vor.

953 968 971 1008 ᾧ
987 971 1006 998 7
1030 968 1111 1007 Aut,
1132 969 1159 999 si
1174 969 1229 999 hoc
1252 978 1361 1008 parum
1376 970 1476 1000 tutum
1491 972 1550 1009 est,
1576 973 1610 1000 at

910 1027 973 1055 υοε,
988 1018 1055 1058 ξω]
1079 1019 1361 1050 Emendationem
1384 1018 1548 1051 Gronovii
1572 1020 1611 1050 il-

910 1067 1053 1098 lustriss.
1079 1068 1177 1098 amici
1196 1069 1302 1099 nostri
1319 1068 1353 1099 in
1370 1073 1501 1099 textum
1516 1079 1611 1100 rece-

912 1117 959 1157 pi.
1005 1117 1107 1148 Prius
1134 1118 1312 1157 legebatur
1341 1119 1384 1149 A.
1414 1119 1442 1149 si
1468 1119 1499 1151 Ιι.
1523 1129 1556 1159 p.
1583 1123 1608 1151 t.

911 1169 1013 1205 extat,
1024 1177 1086 1205 vos,
1100 1166 1245 1199 barbare
1262 1172 1298 1199 et
1313 1168 1481 1209 imperite.
1497 1168 1610 1201 Faber.

913 1216 1054 1257 Optime
1071 1217 1222 1248 Gronov.
1239 1219 1281 1250 A.
1306 1218 1334 1248 sz'
1356 1218 1387 1249 h.
1411 1229 1445 1258 p.
1462 1222 1487 1250 t.
1505 1223 1561 1259 est,
1576 1223 1610 1250 at

911 1275 963 1296 vos
978 1267 1134 1298 commisso
1149 1267 1225 1298 bello
1238 1268 1297 1308 [Q.
1309 1269 1335 1309 ?]
1347 1268 1391 1299 ite
1402 1269 1521 1300 cessim.
1553 1272 1610 1301 Sic

913 1326 1046 1357 quoque
1065 1317 1161 1349 Junt.
1191 1317 1246 1349 ed.
1269 1323 1305 1350 et
1331 1319 1453 1350 merito
1477 1321 1611 1360 recepit

911 1366 949 1397 T.
965 1367 1084 1398 Faber.
1102 1367 1210 1399 Graev.
1255 1368 1308 1399 Cl.
1325 1369 1473 1400 Gronov.
1491 1379 1609 1409 parum

913 1417 1071 1447 Latinum
1095 1427 1171 1448 esse
1197 1422 1296 1458 putat
1322 1422 1424 1450 tutum
1446 1424 1547 1459 extat,
1573 1426 1610 1452 et

912 1466 1045 1506 legend.
1063 1476 1135 1497 esse
1151 1467 1195 1498 A.
1215 1468 1243 1498 si
1264 1468 1295 1499 h.
1318 1478 1352 1508 p.
1369 1471 1392 1499 t.
1417 1472 1475 1509 est,
1501 1472 1534 1500 at
1557 1479 1610 1500 tos

912 1526 1018 1547 comm.
1045 1517 1156 1556 praelio
1181 1518 1203 1548 z'.
1228 1527 1255 1547 c.
1284 1518 1453 1558 quomodo
1482 1518 1514 1548 in
1541 1528 1609 1549 uno

913 1575 1045 1607 quoque
1061 1566 1128 1598 ΜΞ.
1147 1566 1276 1597 diserte
1298 1567 1422 1597 lectum
1449 1566 1552 1598 fuisse
1576 1568 1610 1598 in

913 1616 993 1646 Var.
1020 1617 1117 1647 Lect.
1146 1621 1295 1648 testatur
1321 1617 1431 1657 Bong.
1468 1617 1559 1648 Illud
1575 1621 1609 1648 at

913 1670 992 1705 post
1016 1667 1044 1696 sz'
1066 1676 1138 1705 non,
1160 1667 1188 1696 si
1210 1676 1331 1706 parum,
1354 1667 1454 1706 plane
1475 1668 1610 1708 elegans

913 1719 978 1746 est.
1023 1716 1096 1746 Cic.
1113 1724 1170 1748 111.
1183 1717 1284 1747 Verr.
1306 1718 1315 1733 4
1331 1717 1379 1755 Si,
1394 1718 1610 1758 quemadmo-

912 1765 992 1795 dum
1016 1766 1098 1796 socii
1122 1766 1239 1806 populi
1256 1767 1351 1797 Rom.
1368 1776 1387 1797 a
1405 1767 1609 1806 magistrati-

913 1814 976 1845 bus
989 1816 1114 1846 nostris
1130 1820 1332 1854 tractentur,
1347 1825 1412 1846 non
1430 1817 1608 1847 laboratis:

913 1869 949 1895 at
981 1874 1038 1895 vos
1068 1875 1278 1897 communem
1311 1866 1353 1896 P.
1385 1866 1427 1897 R.
1459 1875 1608 1898 caussam

913 1915 1074 1955 suscipite
1102 1920 1202 1957 atque
1228 1915 1427 1947 defendite!
1470 1917 1548 1948 Vid.
1574 1922 1609 1948 et

913 1965 1079 1996 Gronovii
1094 1965 1178 1996 Obs.
1195 1975 1245 1996 lv.
1262 1969 1315 1997 26.
1333 1967 1483 2008 itemque
1499 1967 1608 1998 Notas

912 2015 954 2046 ad
984 2016 1058 2047 Liv.
1088 2024 1188 2048 xxiv.
1215 2018 1267 2047 37.
1304 2016 1407 2047 Vorst.
1461 2016 1610 2049 Gronov.

911 2067 1013 2096 tutum
1028 2068 1086 2106 est,
1108 2069 1140 2096 at
1155 2076 1208 2096 vos
1217 2076 1230 2103 ;
1252 2065 1342 2107 quod
1358 2070 1454 2096 recte
1471 2066 1609 2098 Graevio

912 2117 1078 2157 probatur
1093 2122 1128 2148 et
1143 2117 1227 2148 aliis.
1250 2117 1354 2157 Schef.

957 2167 1089 2206 Cessz'm]
1113 2167 1166 2198 Ita
1182 2172 1276 2198 recte
1296 2167 1372 2198 libri
1395 2170 1480 2198 vett.
1496 2167 1608 2198 Varro

912 2225 968 2256 ap.
994 2212 1082 2248 Non.
1115 2218 1124 2234 ‘
1150 2218 1281 2248 Vereor
1310 2226 1354 2247 ne
1382 2226 1435 2247 me
1463 2226 1608 2258 quoque,

912 2275 988 2296 cum
1004 2266 1138 2297 domum
1152 2267 1193 2298 ab
1207 2267 1270 2298 Ilio
1284 2267 1412 2299 Cessim
1425 2272 1611 2307 revertero,

913 2321 1040 2355 praeter
1065 2327 1184 2348 canem
1209 2322 1391 2357 cognoscat
1407 2316 1530 2347 nemo!
1571 2318 1609 2348 L.

912 2368 965 2396 52.
1000 2367 1046 2398 D.
1078 2367 1121 2397 ad
1151 2367 1189 2397 L.
1218 2367 1332 2408 Aquil.
1361 2367 1445 2397 Ead.
1477 2366 1608 2397 ratione

911 2416 1023 2447 Plaut.
1042 2416 1164 2446 Casina
1180 2425 1219 2448 11.
1235 2419 1266 2448 8.
1282 2419 1313 2448 7.
1339 2420 1347 2432 ‘
1367 2416 1537 2447 Recessim
1554 2425 1609 2446 ce-

912 2465 989 2496 dam
1005 2464 1046 2495 ad
1063 2465 1252 2505 parietem!
1273 2466 1430 2504 Bongars.
1468 2464 1609 2505 Πρύμναν

910 2515 1070 2557 κρούεσθαι
1096 2521 1148 2547 est
1173 2515 1324 2557 Thucyd.
1352 2525 1377 2548 1.
1408 2518 1440 2547 9.
1467 2519 1519 2548 24.
1549 2515 1609 2546 ubi

910 2567 1022 2599 Schol.
1037 2567 1107 2599 vid.
1130 2568 1230 2599 Rern.

955 2617 1094 2648 Inhibete
1122 2616 1237 2656 remos]
1271 2616 1420 2647 Pulchre
1455 2616 1609 2648 restituit

913 2667 1061 2698 Gronov.
1076 2667 1140 2698 inst.
1156 2668 1260 2698 remis.
1281 2667 1290 2684 ‘
1308 2666 1469 2698 Inhibere
1486 2667 1607 2698 remis'

912 2722 965 2748 est
979 2717 1114 2748 nautica
1134 2717 1272 2757 locutio,
1297 2726 1363 2758 qua
1385 2716 1607 2758 significatur,

912 2777 998 2798 nave
1014 2776 1080 2798 non
1102 2776 1276 2805 conversa,
1299 2771 1391 2798 retro
1417 2767 1606 2807 remigare:

913 2818 1002 2859 quod
1019 2817 1189 2849 faciebant
1208 2821 1266 2848 aut
1287 2817 1461 2857 appulsuri
1487 2816 1529 2848 ad
1552 2817 1607 2848 lit-

912 2872 966 2898 tus
993 2872 1028 2899 et
1052 2872 1198 2908 portum,
1222 2872 1279 2899 aut
1305 2867 1337 2898 in
1355 2867 1474 2908 proelio
1491 2866 1604 2908 fugam
