2174 3424
471 345 557 387 612

472 459 524 481 am
546 449 729 480 meminere
768 449 915 490 Servius,
944 450 990 481 D.
1023 451 1165 482 Hieron.

470 500 652 540 Augustin.
689 500 788 531 Oros.
829 501 994 532 Priscian.
1029 501 1166 542 aliique.

472 550 536 580 Ox.
999 558 1002 559 ⁷

514 598 676 639 Corporis]
700 599 776 630 Hoc
797 599 837 630 de
855 599 1060 641 σωματοποιΐᾳ
1076 600 1166 631 acci-

468 658 526 690 pe,
540 658 606 679 non
622 648 665 679 de
689 649 808 680 robore
836 650 1000 690 corporis,
1022 655 1060 681 ut
1086 650 1164 681 His-

467 700 609 740 panicus
626 700 807 740 interpres,
831 701 929 731 Rern.

510 751 592 782 Rem
607 752 712 790 magni
738 755 767 782 et
791 751 889 782 animi
913 755 943 782 et
964 751 1099 791 corporis
1112 752 1165 782 ad-

462 801 602 841 gressus]
625 801 745 832 Scribe
761 802 857 832 animi
872 805 902 832 et
918 802 1030 841 operis.
1054 805 1062 818 ‘
1075 801 1161 832 Res’

466 851 556 881 enim
584 851 718 891 ‘magni
736 851 866 891 operis'
894 857 947 882 est
973 861 1047 892 quae
1070 852 1163 882 vario

465 904 502 930 et
516 900 623 931 multo
644 900 760 931 labore
774 905 908 932 constat
923 912 930 933 :
954 911 1018 931 vox
1031 901 1104 931 haec
1121 901 1162 932 ab

465 950 710 986 architectura,
739 951 808 981 sive
833 951 964 991 vulgari
989 951 1058 981 sive
1079 950 1163 980 mili-

465 1002 543 1042 tari,
557 1003 666 1042 petita
692 1006 763 1033 est:
793 1012 871 1032 nam
896 1007 932 1033 et
956 1011 1048 1042 opera
1071 1007 1161 1040 sunt,

463 1062 539 1092 quae
556 1057 746 1091 struuntur,
770 1057 808 1083 ut
835 1062 889 1092 ap.
914 1051 1008 1083 Suet.
1034 1052 1068 1082 in
1090 1052 1160 1084 Jul.

463 1104 472 1119 ‘
489 1102 662 1142 Operibus
687 1112 853 1134 exornare
882 1101 1016 1132 nrbesz'
1044 1107 1079 1132 et
1105 1111 1158 1141 ap.

463 1152 562 1184 eund.
587 1153 620 1183 in
652 1153 776 1184 Octav.
792 1155 844 1183 29.
866 1152 875 1169 ‘
890 1151 1034 1182 Publica
1058 1161 1161 1191 opera

462 1202 608 1242 plurima
623 1202 793 1234 exstruxit
803 1201 825 1232 ε’
837 1205 871 1232 et
884 1202 958 1232 Tib.
974 1204 1028 1233 47.
1041 1202 1050 1218 ‘
1061 1201 1159 1232 Prin-

461 1261 543 1292 ceps
558 1262 667 1294 neque
694 1262 799 1292 opera
819 1253 889 1283 ulla
915 1251 1095 1292 magnifica
1111 1251 1159 1282 fe-

460 1302 543 1333 citz'
581 1308 616 1333 et
639 1303 842 1333 munitiones
871 1302 903 1332 in
935 1302 1069 1342 oppidis
1099 1311 1159 1342 op-

460 1352 661 1391 pugnandis,
678 1357 715 1383 ut
745 1354 754 1370 ‘
769 1352 885 1392 Opere
909 1352 1077 1383 instituto'
1103 1362 1158 1392 ap.

462 1401 550 1432 Caes.
567 1410 631 1432 vn.
660 1402 701 1432 B.
719 1402 763 1433 G.
779 1404 831 1433 70.
856 1406 891 1432 et
917 1403 1009 1433 Suet.
1032 1402 1065 1432 in
1086 1403 1157 1434 Jul.

460 1453 514 1481 35.
544 1451 726 1482 ‘Maximis
756 1451 929 1482 obsessum
964 1451 1156 1491 operibusz’

459 1508 507 1542 et,
545 1508 649 1543 prout
678 1507 852 1533 structura
885 1503 1064 1542 multiplex
1092 1507 1157 1541 est,

458 1553 565 1592 magni
588 1553 642 1583 vel
669 1553 759 1593 parri
783 1553 883 1593 operis
908 1562 961 1583 res
978 1552 1031 1583 vel
1052 1553 1158 1583 muni·

458 1603 509 1633 tio
524 1607 676 1634 vocatur.
723 1604 802 1634 Sen.
827 1604 889 1643 Ep.
915 1607 967 1634 55.
994 1603 1159 1643 ‘Spelun-

457 1662 506 1682 ca2.
524 1652 598 1683 dune
614 1652 725 1692 magni
744 1652 856 1693 operis
871 1652 891 1683 ε’
925 1657 959 1683 et
974 1653 1045 1683 Liv.
1065 1662 1157 1684 xxn.

457 1705 509 1734 57.
531 1702 731 1743 ‘Oppidum
763 1712 882 1743 magno
919 1712 1022 1744 opere
1049 1704 1156 1734 muni-

457 1757 529 1783 tum
543 1751 565 1783 :'
593 1757 628 1783 et
645 1761 747 1784 xxvi.
761 1755 790 1784 3.
816 1755 825 1770 ‘
841 1753 952 1784 Quum
969 1753 1040 1792 jam
1059 1754 1154 1792 parvi

455 1801 569 1842 operis
599 1802 741 1832 munitio
769 1801 883 1833 esset!
928 1802 1018 1833 Hinc
1049 1802 1156 1842 igitur

457 1850 662 1882 transfertur
677 1851 719 1882 ad
735 1852 817 1882 alias
834 1852 1038 1882 molitiones.
1064 1851 1155 1884 Plin.

455 1911 569 1933 xxxv.
586 1903 629 1933 N.
644 1902 688 1933 H.
706 1904 758 1932 10.
782 1903 954 1941 ‘Corpora
976 1902 1064 1932 enim
1082 1902 1152 1941 pin-

455 1961 547 1992 gere,
575 1957 610 1983 et
633 1952 743 1982 media
771 1961 896 1989 rerum,
930 1955 984 1982 est
1018 1951 1152 1992 quidem

453 2001 567 2042 magni
585 2001 720 2041 operis!
765 2001 859 2031 Curt.
877 2009 941 2031 vu.
957 2002 1008 2031 13.
1031 2002 1040 2017 ‘
1055 2000 1152 2040 Mag-

453 2051 487 2081 ni
505 2050 618 2090 operis
634 2050 815 2081 videbatur
843 2055 912 2080 tam
940 2054 1069 2080 vastam
1094 2059 1152 2080 vo-

453 2101 605 2140 raginem
622 2099 783 2140 explere!
807 2099 944 2130 Gronov.
991 2099 1084 2130 Nihil
1101 2098 1150 2130 fa-

452 2151 500 2182 cit
516 2159 637 2190 corpus
663 2149 704 2180 ad
737 2149 976 2180 meditationes
1002 2149 1151 2180 erudito-

452 2209 537 2231 rum.
582 2199 762 2239 Pygmaeus
780 2200 835 2239 sit,
851 2209 890 2230 an
904 2198 1148 2239 Polyphemus,

451 2249 508 2290 qui
535 2248 576 2279 ad
605 2248 819 2280 scribendum
845 2258 881 2280 se
908 2249 1074 2289 applicat,
1095 2254 1149 2281 est

451 2299 608 2340 perinde,
635 2299 734 2330 modo
755 2299 866 2330 valeat
878 2299 988 2330 animo
1007 2304 1042 2330 et
1058 2300 1150 2340 inge-

451 2344 520 2387 nio,
551 2348 790 2390 laboribusque
820 2348 969 2380 ferendis
1002 2359 1064 2389 par
1092 2350 1147 2382 sit.

452 2400 520 2432 Qui
534 2410 643 2440 corpus
657 2400 709 2431 hic
726 2400 899 2441 accipiunt
915 2410 976 2440 pro
991 2400 1090 2439 libro,
1107 2401 1147 2432 iis

450 2451 525 2481 Lat.
539 2450 662 2490 linguae
679 2450 796 2491 genius
813 2449 1024 2481 adversatur.
1069 2451 1146 2482 Non

449 2499 538 2530 enim
555 2499 681 2530 dixeris
703 2509 768 2530 rem
795 2499 902 2539 magni
928 2500 1065 2538 corporis
1087 2509 1147 2531 seu

447 2549 521 2580 libri
543 2551 685 2589 aggredi.
731 2550 800 2582 Ms.
830 2551 943 2591 Marq.
967 2550 1085 2590 Gudii,
1111 2555 1147 2582 et

446 2599 627 2632 Juntarum
654 2599 708 2630 ed.
732 2599 1024 2640 praestantissima,
1048 2609 1146 2641 quam

447 2649 612 2690 Bongars.
649 2653 684 2681 et
706 2649 763 2680 alii
792 2649 942 2681 editores
964 2659 1031 2681 non
1055 2649 1147 2681 vide-

448 2704 548 2730 runt:
573 2709 640 2731 rem
668 2700 775 2740 magni
797 2700 895 2731 animi
914 2703 944 2731 et
968 2700 1069 2740 operis
1089 2710 1145 2740 ag-

444 2758 570 2786 gressus
582 2753 639 2781 est.
665 2750 751 2782 Haec
762 2750 887 2782 Justini
902 2754 953 2781 est
965 2750 1145 2791 scriptura.

447 2798 607 2829 Imitatur
634 2800 779 2839 Livium,
807 2801 911 2841 quiin
929 2800 1033 2832 Praef.
1055 2801 1144 2832 ‘Res

447 2854 498 2879 est
514 2853 682 2889 praeterea
698 2851 849 2882 immensi
865 2851 989 2892 operis,
1015 2855 1053 2881 ut
1070 2861 1143 2892 quae

447 2908 549 2940 supra
566 2900 873 2941 quingentesimum
901 2909 1023 2933 annum
1048 2910 1146 2943 repe-

928 357 1070 387 NOTAE
1106 359 1162 388 VA
1173 358 1254 388 Rlo
1264 360 1365 390 RUM
1402 360 1451 390 [N

1217 452 1332 484 tatur!
1370 454 1507 486 Quintil.
1528 453 1614 485 Inst.
1631 463 1656 485 1.
1670 457 1703 485 4.
1726 454 1736 472 ‘
1753 454 1839 487 Quae
1855 455 1911 486 vel

1215 503 1288 533 sola
1321 503 1406 544 [ars]
1445 504 1533 534 omni
1570 504 1757 535 studiorum
1784 515 1910 545 genere

1216 554 1291 593 plus
1306 554 1410 585 habet
1431 554 1556 594 operis,
1586 564 1685 595 quam
1710 555 1910 586 ostentatio-

1215 603 1288 634 nis.'
1333 603 1397 635 Ov.
1422 612 1472 634 lv.
1498 613 1540 634 ex
1563 604 1694 634 Ponto:
1720 604 1908 645 ‘Quodque

1216 653 1288 682 aliis
1317 662 1400 693 opus
1429 657 1494 692 est,
1521 653 1586 683 hoc
1616 653 1679 683 tibi
1703 653 1800 683 ludus
1821 653 1908 685 erit.’

1213 703 1269 734 Sic
1285 707 1320 734 et
1336 703 1450 735 Graeci
1467 702 1555 743 ἔργον
1568 713 1628 743 pro
1645 703 1770 733 labore.
1813 703 1908 735 Aris-

1216 758 1278 784 tot.
1309 762 1359 784 Vl.
1390 753 1431 784 de
1459 753 1548 784 Hist.
1573 752 1719 783 Animal.
1739 752 1851 792 Ἔργον
1864 753 1907 791 μὴ

1215 802 1337 840 συνήθει
1349 803 1412 834 ὄντι
1425 803 1608 841 καταμαθεῖν
1618 802 1714 832 ταῦτα
1721 813 1731 832 .·
1746 803 1811 833 Res
1820 812 1907 842 mag-

1212 853 1245 883 ni
1259 853 1359 892 operis
1370 856 1415 883 est
1430 862 1533 883 rerum
1547 852 1677 882 istarum
1699 851 1842 882 insolenti
1857 861 1909 882 eas

1211 903 1394 942 perdiscere.
1439 903 1566 933 Contra
1592 900 1678 932 οὲδὲν
1704 900 1794 942 ἔργον
1812 906 1909 933 notat

1212 962 1272 982 non
1300 955 1344 983 est
1370 952 1504 993 difficile.
1548 951 1725 992 Philippus
1749 961 1804 991 ap.
1831 951 1908 983 Sto·

1212 1001 1321 1032 baeum
1338 1002 1371 1032 in
1389 1001 1572 1041 Olynthia:
1596 1000 1702 1042 Πύκτῃ
1723 1001 1752 1031 τ’
1769 1001 1907 1042 ἐπιτιμᾷν

1211 1049 1298 1081 οὐδὲν
1313 1050 1402 1091 ἔργον
1415 1050 1600 1090 μαχομένῳ;
1621 1051 1655 1082 h.
1677 1061 1705 1082 e.
1728 1051 1905 1091 Reprehen-

1211 1102 1283 1132 ‹lere
1308 1102 1445 1141 pugilem
1466 1105 1655 1142 pugnantem
1679 1112 1738 1132 non
1760 1105 1806 1132 est
1825 1102 1905 1142 diffi-

1209 1152 1278 1182 cile.
1325 1152 1370 1183 H.
1387 1153 1494 1183 locum
1511 1152 1556 1183 H.
1576 1152 1716 1183 Grotius
1739 1152 1754 1182 ὁ
1770 1150 1849 1182 πάνυ
1869 1152 1903 1182 in

1210 1201 1393 1242 Florilegio
1430 1212 1532 1242 prava
1564 1202 1782 1233 distinctione
1812 1201 1904 1232 labo·

1211 1254 1342 1281 rantem
1370 1252 1457 1281 male
1482 1251 1726 1291 interpretatus
1755 1254 1826 1282 est:
1858 1251 1904 1281 Ee

1208 1304 1363 1342 castigare
1388 1304 1526 1344 pugilem
1546 1313 1613 1334 cum
1635 1313 1655 1334 α
1675 1313 1780 1342 pugna
1795 1312 1904 1339 ωορκ

1209 1354 1421 1394 conjungens
1437 1353 1522 1384 οὐδὲν
1537 1353 1626 1394 ἔργον
1639 1352 1813 1392 μαχομένῳ.
1835 1353 1903 1384 Sed

1209 1404 1339 1435 Graecis
1352 1404 1423 1434 haec
1440 1404 1597 1445 loquendi
1612 1404 1698 1434 ratio
1709 1408 1760 1434 est
1776 1403 1903 1443 ignota.

1210 1453 1300 1485 Quin
1317 1458 1351 1485 et
1373 1454 1406 1484 h.
1432 1454 1541 1484 locum
1565 1453 1692 1485 Justini
1710 1463 1752 1484 ex
1768 1454 1902 1494 conjec-

1208 1506 1284 1534 tura
1321 1504 1369 1534 sic
1407 1503 1533 1534 dudum
1564 1503 1714 1534 restituit
1751 1503 1902 1535 Gronov.

1208 1553 1381 1584 Firmatur
1409 1553 1512 1584 etiam
1546 1553 1751 1584 auctoritate
1778 1553 1903 1585 vetusti

1208 1602 1285 1634 cod.
1309 1602 1502 1643 Anglicani,
1533 1607 1684 1634 testante
1712 1602 1746 1634 id
1769 1602 1902 1635 editore

1206 1653 1332 1685 Justini
1347 1653 1462 1684 Oxou.
1481 1653 1588 1684 Groev.
1625 1652 1822 1692 Legendum
1835 1662 1904 1693 ope·

1206 1704 1264 1741 ris,
1291 1713 1356 1734 non
1387 1703 1543 1743 corporis,·
1577 1712 1648 1733 rem
1679 1702 1903 1742 ‘operosam,’

1206 1753 1380 1784 difficilem
1394 1758 1429 1784 et
1446 1753 1597 1791 arduam,
1612 1752 1784 1792 suscipere
1806 1753 1901 1784 illum

1205 1802 1385 1842 significat,
1400 1803 1456 1844 qui
1480 1802 1653 1833 historiam
1678 1802 1901 1835 universalem

1204 1853 1397 1893 complecti,
1421 1861 1564 1894 eamque
1585 1852 1627 1883 ab
1644 1852 1772 1892 origine
1788 1861 1899 1884 rerum

1204 1902 1246 1933 ad
1271 1913 1330 1934 sua
1357 1909 1511 1944 tempora
1529 1903 1611 1933 velit
1634 1901 1838 1942 perducere3
1862 1902 1898 1933 id

1203 1953 1291 1994 quod
1310 1963 1328 1984 a
1343 1954 1456 1993 Trogo
1472 1954 1592 1992 Pomp.
1613 1952 1802 1992 praestitum
1828 1950 1899 1983 fue·

1203 2007 1266 2033 rat.
1312 2003 1397 2034 Haec.
1422 2003 1525 2034 lectio
1552 2012 1594 2033 ex
1623 2003 1805 2034 Jnntarum
1843 2003 1898 2034 ed.

1202 2058 1360 2084 revocata
1371 2058 1421 2084 est
1433 2063 1452 2084 a
1466 2053 1500 2085 J.
1515 2053 1628 2084 Graev.
1641 2054 1793 2084 Doctore
1810 2062 1898 2094 prae-

1201 2104 1350 2135 stantiss.
1375 2104 1486 2135 Faber.
1513 2103 1709 2143 Legebatur
1721 2104 1822 2144 vulgo
1833 2113 1899 2135 rem

1199 2155 1307 2193 mag-ni
1333 2157 1362 2185 et
1385 2154 1480 2184 animi
1506 2157 1536 2184 et
1560 2153 1705 2193 corporis.
1750 2153 1819 2184 Sed
1837 2163 1898 2194 op-

1201 2204 1281 2235 time
1295 2205 1404 2236 locum
1417 2205 1449 2235 b.
1462 2203 1613 2235 restituit
1627 2204 1667 2234 cl.
1679 2203 1793 2234 Graev.
1806 2204 1896 2245 quod

1200 2265 1241 2287 ex
1259 2255 1336 2287 cod.
1365 2256 1430 2287 Ms.
1458 2256 1569 2296 Marq.
1594 2254 1697 2286 Gudii
1720 2259 1756 2285 et
1778 2259 1895 2287 vetere

1199 2306 1289 2346 typis
1311 2315 1471 2346 expresso
1487 2306 1667 2338 Juntarum
1685 2314 1746 2346 pro
1759 2306 1897 2346 corporis

1200 2356 1374 2396 rescripsit
1390 2356 1500 2396 operis.
1546 2356 1607 2386 Est
1621 2360 1735 2386 autem
1744 2365 1794 2386 res
1808 2365 1896 2395 mag·

1197 2406 1232 2437 ni
1246 2406 1345 2446 operis
1359 2405 1488 2437 dictum
1505 2406 1565 2444 ita,
1590 2410 1628 2436 ut
1647 2406 1719 2437 Liv.
1736 2405 1769 2436 in
1786 2405 1892 2438 Praef.

1198 2456 1284 2487 dicit
1300 2456 1309 2471 ‘
1322 2456 1548 2487 Resimmeusi
1566 2455 1701 2498 operis(
1747 2456 1813 2489 Qui
1826 2465 1893 2487 cor-

1195 2505 1281 2545 poris
1308 2506 1476 2546 legerunt,
1502 2505 1756 2544 intellexerunt,
1778 2505 1833 2536 vel
1849 2505 1893 2537 de

1197 2555 1317 2586 robore
1353 2555 1520 2596 corporis,
1552 2560 1590 2586 ut
1615 2555 1791 2596 Interpres
1816 2555 1894 2587 His-

1197 2616 1276 2647 pan.
1288 2607 1342 2637 vel
1360 2606 1401 2637 de
1414 2605 1619 2647 σωματοποιΐᾳ
1633 2606 1737 2647 ipsius
1753 2606 1842 2646 libri,
1853 2610 1892 2637 ut

1196 2658 1401 2688 Berneccer.
1429 2662 1464 2688 et
1498 2656 1566 2688 alii.
1609 2656 1736 2687 Verum
1768 2661 1892 2687 neutro

1197 2716 1298 2738 sensu
1331 2706 1518 2738 consistere
1561 2715 1627 2737 vox
1667 2706 1723 2737 hic
1764 2710 1892 2747 potest.

1196 2757 1398 2798 Magnitudo
1414 2762 1449 2788 et
1466 2756 1568 2788 robur
1583 2757 1735 2797 corporis
1752 2756 1794 2787 ad
1808 2757 1891 2788 scri-

1195 2806 1320 2838 bendos
1335 2807 1436 2838 libros
1451 2807 1533 2837 nihil
1556 2807 1730 2848 quicquam
1746 2804 1891 2837 faciunt.

1194 2859 1240 2889 Et
1255 2859 1334 2899 qnia
1349 2860 1358 2876 ⁴
1375 2858 1475 2889 animi
1485 2860 1492 2873 '
1506 2857 1679 2889 antecedit
1693 2856 1730 2887 τὸ
1744 2857 1890 2898 corporis,

1193 2909 1220 2941 si
1237 2909 1372 2942 omnino
1389 2907 1521 2951 legend.
1542 2912 1645 2951 esset,
1657 2917 1723 2941 non
1740 2907 1782 2940 de
1797 2906 1887 2947 libri,
