2101 3419
18 2896 23 2922 4⁴
1 2580 21 2890 ,Μ’-..ἐμ

28 3049 45 3367 ᾈ-Ᾰ,,.-,,,μμν

520 339 718 372 JUSTINI
755 338 847 368 mu.
880 334 1073 368 xxxix.
1106 334 1212 364 cur.
1241 323 1283 363 5.

186 438 243 469 nio
258 435 497 468 emendatoris.
520 435 623 466 Certe
639 433 884 472 verbunijussit

187 489 273 519 Mss.
290 490 426 518 servant
448 494 574 517 omnes.
608 483 714 522 Schef.
757 483 884 514 Tritius

188 542 241 568 est
256 538 318 568 hoc
332 535 492 578 loquendi
504 544 623 575 genus,
636 535 645 551 ‘
661 533 756 564 duxit
774 534 884 573 requi-

188 588 354 619 rendum.'
396 586 462 618 Sed
488 591 522 616 et
547 585 630 615 illud
654 583 734 615 ferri
760 588 886 624 potest,

188 638 276 679 quod
294 637 446 678 liquebit,
470 636 496 666 si
519 634 694 666 refluxeris
718 633 885 664 infinitum

188 688 223 718 in
249 687 388 718 verbum
415 685 559 724 finitum,
589 684 598 700 ‘
615 684 694 714 nihil
718 683 886 723 antiquius

187 737 287 768 duxit
315 746 414 777 quam
432 741 469 766 ut
500 733 714 775 requiratur.'
758 733 884 763 Verum

187 795 254 817 non
270 787 378 817 minus
393 786 542 816 insolens
564 789 617 815 est
636 784 715 815 nihil
729 783 887 823 antiquius

178 835 287 874 jussit,
303 844 402 876 quam
418 834 510 865 duxit
525 834 653 873 requiri.
677 832 794 863 Graev.

232 886 284 925 §8
310 884 430 924 Quippe
453 883 563 923 ipsias,
589 892 656 923 quoe
679 886 744 913 tam
765 884 888 912 cruente

186 935 305 974 na’viat,
316 945 450 966 sororem
465 934 601 974 equidem
614 943 793 973 germanam
809 933 888 974 esse]

188 986 308 1016 Malim
325 995 389 1026 ego
412 985 654 1025 interpungere
677 988 713 1014 et
736 983 886 1014 scribere

188 1046 217 1076 q.
242 1036 350 1076 ipsius,
375 1046 406 1075 q.
428 1038 453 1065 t.
475 1045 502 1066 c.
523 1034 645 1072 saeviat,
667 1042 824 1070 sororem;
857 1035 887 1063 et

187 1088 306 1127 quidem
315 1096 348 1125 g.
361 1095 434 1124 esse,
442 1084 611 1125 quomodo
623 1083 688 1114 erit
699 1083 808 1114 oratio
820 1092 887 1113 non

187 1137 290 1178 paulo
300 1135 541 1167 veliementior.
562 1134 684 1174 Neque
695 1132 784 1163 enim
795 1141 889 1163 soror

187 1187 322 1218 uterina
339 1190 484 1224 tantum,
510 1188 569 1215 aut
599 1184 675 1214 eod.
702 1186 800 1223 patre
828 1182 887 1213 sed

188 1241 296 1268 matre
308 1236 442 1267 diversa
453 1238 527 1266 erat
537 1234 648 1265 edita:
673 1234 729 1264 sed
743 1238 888 1274 utroque

189 1291 330 1327 parente
354 1286 431 1316 eod.
457 1290 549 1316 nata.
594 1284 728 1315 Dicitur
755 1284 843 1315 enim
870 1294 889 1314 a

191 1337 341 1377 germine
356 1338 364 1354 ‘
378 1334 583 1377 germanus!
618 1335 756 1365 Festus:
781 1335 790 1351 ‘
805 1334 890 1365 Ger-

189 1395 267 1417 meu
289 1391 354 1426 est,
377 1386 468 1427 quod
496 1395 538 1416 ex
567 1385 723 1416 arborum
747 1385 888 1415 surculis

193 1436 366 1467 nascitur:
405 1435 495 1466 unde
525 1440 561 1467 et
592 1434 758 1475 germani,
796 1435 890 1477 quasi

198 1487 314 1518 eadem
334 1487 440 1527 stirpe
459 1486 586 1527 geniti?
611 1486 699 1517 Mod.

235 1538 289 1578 §9
312 1538 377 1568 His
399 1540 445 1568 tot
468 1536 740 1568 necessitudinibus
763 1535 890 1574 sangui-

189 1586 254 1626 nis]
278 1587 495 1628 Antiquiores
512 1587 603 1628 typis
619 1596 714 1626 expr.
727 1586 891 1617 necessita-

191 1637 282 1670 tibus.
328 1638 403 1668 Nec
420 1642 472 1668 est
494 1637 556 1668 hoc
579 1637 726 1667 insoleus
748 1637 757 1652 ‘
774 1645 890 1667 neees-

189 1686 325 1718 sitatem
336 1687 344 1699 ’
358 1697 419 1728 pro
435 1687 688 1718 necessitudine
701 1687 792 1727 poni,
806 1691 842 1717 ut
857 1687 891 1717 iu

190 1737 292 1768 Notis
309 1737 353 1768 ad
369 1738 442 1768 Val.
460 1738 509 1768 Μ.
527 1737 714 1768 docuimus.
741 1738 811 1768 Vor.

233 1788 250 1827 ᾧ
270 1790 308 1817 10
332 1787 393 1818 Sed
408 1790 518 1827 quanto
537 1788 579 1817 G.
594 1797 624 1817 a.
641 1791 665 1817 t.
682 1796 768 1817 soror
782 1787 891 1818 mulie-

191 1836 240 1867 bri
253 1837 439 1877 pertinacia]
463 1846 560 1868 xxu.
585 1840 615 1868 4.
634 1840 685 1867 13.
709 1839 718 1854 ‘
737 1836 890 1868 Femina-

189 1897 261 1918 rum
293 1893 509 1919 contumaces
540 1887 664 1918 animi!
729 1887 891 1926 Elliptice

190 1937 318 1967 dictum
341 1938 350 1954 ‘
369 1937 508 1978 quanto'
527 1947 600 1978 pro,
625 1941 749 1978 quanto
773 1937 890 1977 magis.

190 1987 373 2019 Berneccer.
395 1988 620 2019 Statuendum
637 1987 751 2027 potius
766 1987 775 2003 ‘
789 1996 891 2027 quan-

190 2037 243 2068 to’
258 2042 294 2068 et
316 2039 325 2055 ‘
345 2038 459 2069 tanto’
474 2047 549 2069 esse
567 2037 677 2078 posita
693 2047 765 2078 pro,
787 2047 891 2078 quan-

189 2089 258 2117 tum
276 2091 311 2118 et
329 2091 471 2119 tantum.
495 2088 596 2127 Saepe
612 2087 700 2118 enim
720 2086 801 2118 talia
816 2096 891 2127 per-

189 2141 375 2169 mutantur.
410 2138 488 2169 vid.
497 2137 637 2178 Sciopp.
647 2138 710 2178 Ep.
722 2141 752 2168 5.
764 2136 888 2168 Parad.

190 2187 335 2218 Literar.
364 2187 470 2219 Vorst.

237 2237 361 2268 Vocatis
371 2238 438 2278 ipsa
451 2237 616 2277 militibus]
641 2237 678 2268 F.
692 2238 756 2279 leg.
769 2241 890 2269 vocatos

189 2286 213 2317 i.
228 2287 344 2318 milites
357 2287 468 2317 mittit.
493 2287 600 2319 Gron.

233 2338 306 2377 §ll
341 2336 497 2376 Evellere]
531 2337 708 2368 Scribend.
735 2338 889 2375 avellere,-

190 2390 226 2419 et
243 2397 319 2417 mox
335 2396 402 2417 cum
416 2387 627 2417 exsecratione
647 2387 889 2427 parricidarum.

190 2436 301 2468 Idem.

234 2488 252 2526 ς
280 2489 320 2516 12
357 2486 560 2527 Tryphaenam
589 2486 672 2527 quoe]
707 2487 792 2518 Mss.
823 2496 890 2518 una

190 2546 274 2568 voce
291 2537 421 2568 auctius
439 2538 555 2578 legunt
571 2538 623 2568 vel
640 2538 733 2578 impie
748 2548 889 2578 namque,

193 2588 245 2617 vel
261 2587 387 2626 impiam
402 2597 489 2628 quau
516 2588 604 2628 quod
630 2588 799 2628 posterius
818 2597 889 2619 rec·

191 2640 277 2676 tum,
293 2646 356 2667 nec
371 2636 394 2668 f.
409 2637 461 2668 hic
477 2638 658 2669 omittend.
680 2637 783 2678 Schef.

234 2685 321 2717 CAP.
339 2695 387 2716 1v.
431 2689 448 2728 ξ
466 2690 482 2718 1
510 2688 588 2718 Cum
606 2690 796 2726 gravaretur
809 2687 889 2718 socio

190 2737 296 2777 regni]
322 2739 401 2778 Leg.
417 2749 491 2770 cum
509 2739 615 2770 Gron.
629 2739 752 2769 socium.
772 2738 888 2769 Graev.

192 2787 397 2818 Emendavit
412 2797 485 2828 sup.
501 2788 651 2819 Gronov.
665 2788 790 2819 socium.
825 2788 888 2818 Fa-

191 2836 263 2867 ber.
302 2836 451 2868 Gronov.
462 2838 528 2877 leg.
541 2842 658 2869 censet
672 2838 797 2877 socium,
810 2847 890 2879 quo-

192 2886 292 2918 modo
317 2896 377 2918 xx.
401 2890 498 2919 211.
531 2889 539 2905 ‘
559 2889 775 2930 longinquam
803 2888 887 2919 mili-

256 2950 259 2951 ’
277 2940 395 2981 Delpla.
413 2945 440 2972 el
464 2941 536 2973 Γαῖ’.
555 2943 637 2973 Clas.

1526 317 1639 358 1009

937 438 1018 469 tiam
1049 434 1206 477 gravati,’
1243 443 1316 476 pro,
1354 431 1539 473 longinqua
1568 431 1639 462 mil.

938 497 1030 528 grav.
1047 487 1089 517 ad
1106 495 1205 526 quem
1221 485 1244 516 l.
1263 484 1373 515 Notas
1388 482 1457 514 vid.
1487 482 1560 513 Vor.

979 536 1140 568 Arcessito
1177 535 1295 565 minore
1331 533 1406 575 filio
1444 529 1641 570 Alexandro]

938 588 1067 619 Contra
1085 586 1142 626 jus
1173 584 1337 625 gentium,
1381 586 1417 613 et
1444 580 1641 612 nominatim

937 637 1188 678 AEgyptiorum.
1242 635 1332 666 Nam
1363 633 1466 663 etiam
1495 641 1550 672 ap.
1579 632 1640 662 hos

936 687 1083 727 viguisse
1108 685 1165 725 jus
1195 682 1486 724 primogeniturae,
1526 690 1590 711 nec
1621 690 1642 711 a

937 735 1136 767 Ptolemaeis
1155 732 1399 771 introductum,
1422 731 1482 762 sed
1505 731 1546 761 ab
1563 731 1642 761 ulti-

936 796 991 816 ma
1006 785 1221 815 Pharaonum
1245 782 1409 813 memoria
1423 781 1641 812 observatum

937 834 1055 873 fuisse,
1064 838 1163 874 patet
1175 842 1217 864 ex
1229 832 1280 863 his
1293 842 1368 873 quae
1381 832 1541 872 leguntur
1551 830 1641 861 Exo-

938 884 973 914 di
990 892 1041 914 xl.
1056 887 1090 914 5.
1112 883 1122 900 ⁴
1141 882 1308 914 Occidam
1323 891 1421 912 omne
1436 880 1640 921 primogeni-

938 939 1022 973 tum,
1049 943 1069 964 a
1097 932 1323 973 primogenito
1353 931 1556 968 Pharaonis,
1583 929 1641 971 qui

937 984 1036 1016 sedet
1053 984 1087 1014 in
1103 983 1184 1014 solio
1201 982 1286 1023 ejus,
1301 980 1429 1022 usque‚'
1445 983 1510 1011 διο.
1539 980 1640 1010 Bern.

983 1035 1035 1075 §2
1061 1034 1130 1064 Nec
1141 1032 1290 1074 fll.,25⁶c.]
1326 1032 1488 1062 Vincent.
1514 1039 1564 1061 vl.
1587 1032 1642 1060 94.

939 1084 948 1101 ‘
961 1083 1027 1115 Sed
1040 1093 1103 1114 nec
1113 1083 1219 1114 filium
1234 1105 1241 1113 .
1253 1104 1260 1113 .
1271 1105 1279 1113 .
1295 1080 1520 1122 persequitur.
1541 1078 1642 1111 Unde

940 1144 980 1165 eo
997 1134 1094 1175 pulso
1110 1131 1300 1164 interficit.'

984 1186 1001 1225 ξ
1025 1188 1043 1215 5
1071 1185 1186 1224 Occup.
1198 1184 1267 1223 isc]
1291 1182 1378 1213 Saxo
1391 1190 1444 1212 w.
1459 1191 1492 1221 p.
1507 1183 1579 1211 106.
1590 1181 1643 1210 35.

938 1236 947 1253 ‘
964 1235 1020 1266 Ab
1034 1235 1153 1266 eodem
1169 1236 1357 1273 occupatus
1373 1229 1566 1263 occiditur.'

983 1287 1072 1317 CAP.
1088 1295 1124 1316 v.
1169 1287 1185 1325 ς
1204 1288 1220 1316 1
1261 1284 1326 1319 Qui
1351 1282 1459 1323 neque]
1503 1282 1544 1312 Iu
1572 1280 1641 1312 Ms.

941 1336 1084 1377 quodam
1101 1336 1226 1376 legitur
1245 1335 1325 1374 quod
1340 1342 1446 1373 neque,
1467 1332 1556 1362 unde
1572 1340 1643 1360 sus-

941 1386 1038 1427 picor
1054 1386 1134 1416 lect.
1155 1394 1269 1415 veram
1284 1393 1358 1414 esse
1373 1382 1445 1423 qaia
1460 1393 1493 1412 n.
1526 1380 1642 1411 Selncf.

983 1438 1001 1477 ᾧ
1024 1438 1044 1466 2
1078 1436 1194 1467 Frater
1220 1434 1284 1473 ejus
1306 1443 1346 1464 ex
1370 1431 1494 1472 pellice]
1527 1431 1643 1461 Ptole-

940 1496 1043 1517 maeus
1060 1485 1148 1526 Apio
1165 1485 1277 1516 dictus
1292 1483 1453 1523 populum
1469 1482 1563 1511 Rom.
1578 1485 1644 1510 tes-

943 1541 1095 1568 tamento
1124 1535 1286 1567 heredem
1317 1533 1475 1574 reliquit;
1516 1531 1641 1562 Euseb.

942 1588 975 1618 in
986 1586 1174 1619 Chronicis.
1199 1586 1358 1624 Bongars.
1391 1583 1481 1613 Item
1494 1581 1643 1622 Appiau.

941 1638 975 1668 in
987 1637 1053 1668 fine
1065 1636 1223 1668 Mithrid.
1245 1636 1429 1666 Berneccer.
1464 1631 1543 1663 Vid.
1555 1631 1642 1661 Tac.

943 1698 1012 1720 xri.
1029 1692 1081 1720 18.
1104 1692 1139 1719 et
1163 1687 1272 1718 Henr.
1290 1686 1405 1716 Vales.
1424 1683 1466 1714 ad
1485 1681 1641 1713 Marcell.

941 1749 975 1779 p.
992 1742 1066 1770 248.
1095 1739 1195 1769 Gran.

984 1790 1036 1829 §3
1064 1785 1344 1826 Provinciasacta]
1369 1785 1452 1825 Ejus
1478 1783 1574 1824 regni
1597 1783 1642 1814 ci-

940 1839 1064 1870 vitates
1091 1838 1214 1869 liberas
1244 1846 1317 1868 esse
1352 1841 1489 1867 senatus
1523 1835 1641 1873 voluit,

940 1889 1013 1920 Liv.
1028 1889 1120 1928 Epit.
1132 1897 1216 1919 Lxx.
1234 1891 1356 1918 contra
1369 1886 1554 1916 Auctorem
1569 1895 1643 1915 nos-

940 1944 1041 1971 trum.
1066 1940 1222 1979 Bongars.
1266 1937 1421 1976 Sigonius
1434 1936 1476 1967 de
1492 1935 1642 1976 Antiquo

940 1991 1026 2023 Jure
1048 1990 1264 2020 Provinciar.
1279 1997 1362 2019 vul.
1379 1990 1430 2018 16.
1455 1986 1644 2018 contradic-

940 2040 1064 2071 tionem
1077 2039 1163 2070 lianc
1178 2040 1225 2070 ita
1238 2038 1419 2070 conciliat:
1447 2037 1642 2078 CyrenaeoS,

939 2090 1063 2121 liberos
1079 2100 1097 2121 a
1124 2094 1243 2121 senatu
1269 2088 1421 2126 relictos,
1450 2091 1527 2128 post
1555 2096 1573 2116 a
1590 2090 1643 2126 ty-

938 2141 1051 2172 rannis
1064 2149 1245 2180 oppressos
1259 2147 1332 2169 esse
1347 2148 1355 2168 :
1380 2142 1480 2178 atque
1494 2136 1572 2166 inde
1587 2145 1643 2176 po-

939 2192 1052 2233 pulum
1065 2192 1162 2222 Rom.
1174 2189 1372 2230 Cyrenaicae
1383 2188 1417 2218 in
1431 2187 1642 2228 provinciam

939 2241 1133 2281 redigendae
1180 2239 1392 2270 occasionem
1442 2236 1640 2277 arripuisse.

939 2292 1039 2322 Bern.

983 2342 1079 2371 Creta
1098 2338 1284 2378 Ciliciaque]
1306 2338 1440 2368 Bellum
1458 2336 1640 2377 piraticum

939 2394 975 2420 et
989 2390 1210 2428 maritimum,
1227 2398 1245 2418 a
1262 2389 1302 2419 P.
1319 2387 1472 2427 Servilio,
1496 2387 1565 2426 qui,
1583 2396 1640 2415 ex-

938 2443 1087 2479 pugnato
1103 2438 1222 2468 Isauro
1239 2446 1318 2467 arce
1335 2436 1480 2474 Ciliciae,
1496 2435 1641 2466 Isaurici

939 2497 1127 2527 cognomen
1144 2485 1346 2526 reportavit,
1369 2490 1520 2524 coeptuin
1537 2485 1640 2514 Pom-

938 2538 1035 2578 peius
1053 2536 1214 2574 confecit,
1239 2536 1323 2566 mira
1346 2534 1512 2566 felicitate
1538 2539 1572 2565 et
1588 2544 1641 2565 ce-

937 2587 1085 2625 leritate,
1100 2587 1191 2617 intra
1205 2589 1258 2616 40.
1275 2585 1363 2615 diem
1381 2584 1551 2623 nimirum,
1569 2588 1640 2623 aut,

938 2642 978 2668 ut
991 2636 1049 2666 alii
1064 2638 1118 2667 49.
1162 2635 1242 2665 Vid.
1267 2635 1361 2666 Plut.
1390 2633 1537 2673 Appian.
1567 2634 1640 2664 Cic.

940 2696 1001 2728 pro
1018 2687 1056 2717 L.
1071 2685 1190 2717 Manil.
1214 2685 1353 2717 Cretam
1370 2685 1413 2716 Q.
1428 2684 1546 2715 Caecil.
1564 2685 1639 2713 Me-

939 2737 1040 2768 tellus
1056 2736 1253 2774 debellavit,
1275 2735 1331 2776 qui
1357 2735 1434 2766 inde
1456 2735 1635 2766 Creticus:

940 2788 1030 2818 Flor.
1049 2795 1104 2817 111.
1119 2788 1149 2817 7.
1174 2786 1278 2825 Bong.

982 2838 997 2878 ξ
1013 2839 1031 2867 4
1058 2835 1234 2875 Quosne-to]
1259 2837 1325 2867 ΜΒ.
1339 2835 1473 2877 quidam
1487 2836 1638 2874 Q.paclo‚

939 2887 1026 2927 quod
1042 2887 1175 2918 videtur
1188 2887 1326 2918 rectius.
1371 2886 1509 2917 Mallem
1523 2889 1636 2915 tamen

850 2943 970 2974 Justin.
1485 2942 1501 2968 3
1528 2939 1548 2968 S
