2174 3424
436 358 522 401 762

436 460 528 494 fuit?
542 469 608 492 vn.
622 463 674 492 13.
697 459 707 478 ‘
719 460 806 491 Pars
823 458 967 490 maxima
983 458 1133 500 captivo-

437 512 522 550 rum}
537 521 580 542 ex
605 510 736 541 Latinis
748 515 848 552 atque
874 509 1033 541 Hernicis
1049 508 1135 540 fuit:

437 572 503 594 nec
518 561 690 593 hominum
705 561 747 592 de
765 561 877 601 plebe,
899 565 938 592 ut
953 560 1048 592 credi
1062 570 1137 600 pos-

437 617 491 644 set
506 612 666 644 mercede
682 612 858 651 militasse,
882 611 940 642 sed
965 611 1137 652 principes

439 662 779 704 quidamjuventutis
793 661 944 693 inventi:
961 659 1140 692 manifesta

437 713 525 745 fides
543 713 680 754 publica
695 722 761 753 ope
776 713 919 743 Volscos
944 712 1059 743 hostes
1081 711 1139 742 ad-

435 763 557 804 jutos.'
573 771 662 794 xml.
678 765 732 794 45.
755 763 764 779 ‘
778 763 827 794 Ut
852 762 994 794 crimina
1024 762 1140 793 delata

441 813 484 844 ab
507 813 659 844 Eumene
681 811 749 843 fide
779 822 891 843 rerum
918 811 1140 843 refellerent.’

440 863 522 894 Tac.
540 872 587 894 1v.
618 862 664 893 H.
685 865 736 893 85.
761 862 961 903 ‘Praecipua
985 862 1140 893 victoriae

439 911 526 943 fides
542 912 611 943 dux
626 912 772 943 hostium
789 911 1015 943 Valentinus?
1054 913 1141 943 Saxo

441 971 506 993 vu.
523 971 558 1002 p.
572 964 644 993 141.
663 964 713 993 13.
736 963 746 979 ‘
759 961 814 993 Ad
841 963 1045 1001 vulgandam
1073 963 1140 994 vic-

441 1012 541 1044 toriae
557 1022 627 1043 suae
643 1011 745 1043 fidem
762 1013 835 1052 ipsa
849 1013 1018 1043 latronum
1041 1013 1141 1043 cada-

444 1072 523 1095 vera
539 1063 699 1104 patibulis
724 1063 859 1102 ingesta
881 1062 983 1093 latius
1007 1062 1141 1103 inspec—

443 1114 549 1145 tanda
570 1113 767 1145 constitnit.'
814 1113 1013 1154 Eodemque
1040 1122 1140 1144 sensu

442 1163 547 1195 πίστιν
578 1168 744 1204 usurpant
770 1163 897 1195 Graeci.
962 1164 1064 1204 Soph.
1089 1164 1142 1195 El.

443 1217 519 1246 893.
565 1213 626 1244 Τίν’
643 1212 666 1244 ὦ
683 1211 802 1245 τάλαιν’
829 1213 934 1245 ἰδοῦσα
947 1213 1074 1253 πίστιν;
1095 1214 1143 1245 D.

443 1265 527 1296 Luc.
543 1264 624 1296 Act.
643 1263 709 1304 Ap.
727 1273 818 1296 xv11.
834 1267 886 1296 31.
902 1263 1012 1295 Πίστιν
1026 1262 1143 1305 πάρασ-

444 1317 511 1356 χὼν
524 1317 628 1347 πᾶσιν.
663 1316 773 1347 Vetus
790 1316 921 1356 Interp.
944 1316 1054 1347 Fidem
1065 1325 1144 1356 prae-

445 1367 517 1398 bens
532 1367 683 1397 omnibus.
726 1366 796 1398 JOS.
813 1366 854 1397 B.
869 1366 950 1398 Jud.
967 1374 990 1397 1.
1006 1368 1059 1396 20.
1076 1365 1146 1395 Ἐπὶ

445 1417 565 1449 τούτοις
580 1417 629 1448 καὶ
652 1415 809 1449 Βάθυλλος
831 1416 872 1448 εἷς
895 1415 968 1447 τοὺς
994 1414 1146 1454 ἐλέγχους

446 1467 641 1509 συνέδραμεν,
655 1467 675 1505 ἡ
688 1467 853 1498 τελευταία
864 1466 967 1498 πίστις
987 1467 1031 1505 τῷ
1046 1466 1147 1497 Ἀντι-

445 1519 550 1560 πάτρῳ
565 1516 826 1556 βεβουλευμένων.

490 1572 565 1612 §16
590 1568 763 1610 Equamm]
798 1568 862 1599 His
889 1567 978 1599 enim
1008 1567 1057 1598 uti
1085 1577 1148 1608 per

445 1621 534 1654 bella
547 1621 680 1661 Scythae
694 1620 838 1659 malunt,
848 1619 1005 1661 quoniam
1017 1618 1148 1649 urinam

447 1681 548 1704 cursu
577 1680 641 1701 non
672 1669 837 1711 impedito
863 1669 1022 1701 reddunt.
1057 1668 1148 1699 Plin.

447 1730 528 1753 vul.
543 1723 598 1752 42.
614 1723 666 1752 25.
682 1721 781 1751 Bern-
806 1719 911 1761 Atqui
924 1720 957 1750 in
971 1729 1149 1760 procrean-

449 1772 493 1804 da
519 1771 635 1803 sobole
660 1771 766 1812 major
793 1771 839 1802 vis
870 1775 1012 1811 putatur
1037 1770 1150 1810 maris,

448 1832 550 1864 quam
582 1821 731 1862 feminae,
770 1821 859 1852 unde
895 1820 1062 1862 hodieque
1094 1830 1149 1861 ap.

447 1873 576 1904 'Furcas
602 1881 843 1912 generosorum
866 1880 1029 1912 equorum
1051 1870 1150 1910 origi-

449 1932 526 1954 nem
557 1932 600 1953 ex
627 1922 706 1953 solis
732 1921 880 1952 maribus
903 1920 1150 1951 demonstrant.

449 1972 574 2014 Itaque
601 1971 719 2012 ignoro
744 1980 853 2001 annon
872 1970 1000 2001 rec-tius
1019 1970 1151 2010 legatur

449 2032 606 2063 equorum,
636 2031 711 2052 cum
728 2020 916 2061 praesertim
940 2021 949 2037 ‘
965 2019 1077 2051 facere
1093 2029 1150 2059 ge-

452 2082 516 2104 nus
530 2071 540 2086 '
580 2071 659 2113 equi
697 2071 856 2102 dicantur
894 2069 1151 2101 accommodate

453 2121 665 2162 proprieque
678 2120 783 2161 magis
801 2129 899 2161 quam
917 2128 1024 2159 equae.
1043 2117 1150 2156 Schef.

495 2173 548 2204 Ad
571 2181 670 2211 genus
689 2169 886 2210 faciendum]
931 2170 1023 2206 Γονῆς
1050 2168 1152 2210 χάριν,

452 2224 502 2264 (h.
515 2233 545 2254 e.
562 2222 733 2263 geniturae
760 2220 928 2261 foetusque
944 2220 1151 2261 suscipiendi

453 2273 582 2314 gratia)
615 2277 653 2303 ut
667 2275 718 2303 est
741 2271 776 2302 in
799 2272 837 2302 L.
853 2274 906 2302 52.
937 2272 1019 2312 §20.
1048 2270 1151 2303 D.de

454 2324 580 2355 Furtis.
603 2323 702 2353 Bern.

514 2374 602 2406 CAP.
620 2383 678 2405 ιιι.
725 2373 778 2414 §4
803 2372 927 2404 Bellum
953 2371 1152 2403 Atheniensi-

454 2425 526 2465 bus]
550 2425 647 2455 Anno
674 2426 728 2454 22.
758 2422 862 2454 Diod.
891 2422 1088 2454 Junxerunt
1115 2431 1152 2452 se

455 2473 723 2507 Atheniensibus
735 2472 898 2511 Thebani,
914 2472 1153 2503 Demosthenis

456 2525 654 2566 eloquentia
672 2523 836 2564 persuasi.
883 2522 989 2553 Diod.
1011 2531 1086 2553 xvl.
1103 2525 1154 2553 86.

456 2577 549 2608 l’lut.
566 2577 599 2607 in
617 2575 798 2607 Demosth.
811 2584 841 2606 c.
853 2577 907 2606 25.
925 2574 1100 2606 Gemistus
1112 2582 1154 2605 11.

456 2629 562 2668 Bung.

500 2680 552 2719 §5
579 2679 630 2709 Ne
653 2677 745 2708 victis
767 2675 1008 2708 Atheniensibus
1033 2675 1156 2714 bellum,

456 2731 552 2762 veluti
562 2729 697 2760 ticinum
705 2728 889 2766 incendium,
897 2728 936 2758 ud
947 2736 978 2757 se
992 2724 1155 2765 transiret]

457 2781 515 2812 Sic
530 2779 689 2820 rescripsi
700 2779 917 2810 cumOxonn.
930 2787 972 2808 ex
982 2777 1068 2807 libro
1081 2775 1157 2806 Bri-

459 2835 552 2862 tanu.
576 2830 727 2869 Vulgata
740 2833 793 2860 est
806 2827 1027 2868 ineptissima.
1048 2826 1155 2857 Graev.

504 2881 567 2918 Ne,
593 2879 686 2909 victis
711 2877 964 2916 Atheniensibus,
995 2877 1090 2907 veluti
1112 2876 1157 2907 vi-

458 2930 559 2960 cinum
587 2928 758 2959 incendium
781 2927 852 2959 belli
875 2928 915 2958 ad
943 2936 973 2958 se
995 2925 1160 2967 transiret]

901 365 1043 395 NOTAE
1075 364 1298 395 VARIORU
1307 364 1340 393 M
1373 363 1425 394 IN

1187 458 1272 490 Cod.
1315 458 1436 500 aliquis
1472 457 1542 489 Ms.
1575 456 1613 488 τὸ
1646 456 1716 488 belli
1741 465 1807 487 non
1829 455 1887 487 ha-

1186 508 1256 540 bet.
1300 508 1385 539 Mihi
1410 507 1546 538 videtur
1571 507 1691 537 abesse
1719 515 1786 536 non
1813 515 1888 545 pos-

1187 567 1246 595 se;
1269 557 1328 588 sed
1357 561 1527 588 mutatum
1554 561 1668 587 tamen
1697 555 1732 586 in
1761 555 1884 585 bellum.

1187 608 1238 639 Ut
1254 617 1371 638 sensus
1388 607 1452 637 sit:
1479 607 1532 637 Ne
1548 606 1688 644 bellum,
1715 605 1822 636 veluti
1838 604 1888 635 vi-

1189 659 1300 689 cinum
1315 658 1521 696 incendium,
1534 657 1577 688 ad
1587 667 1622 688 se
1636 657 1808 688 transiret.
1830 655 1891 696 Ip-

1190 719 1263 739 sum
1280 708 1404 739 bellum
1434 708 1550 749 utique
1575 708 1617 738 ab
1647 707 1815 748 aliquibus
1845 706 1888 738 ad

1190 760 1319 801 aliquos
1346 760 1506 798 transire,
1531 759 1638 790 veluti
1664 759 1813 790 vicinum
1839 759 1890 790 in-

1191 810 1361 848 cendium,
1377 814 1505 850 potest.
1550 810 1586 840 Si
1599 810 1772 850 legeretur
1787 810 1891 840 incen-

1190 861 1275 891 dium
1290 860 1372 899 belli,
1397 861 1470 900 ipsa
1485 860 1698 900 comparatio
1713 869 1781 891 non
1807 859 1890 890 satis

1192 910 1358 941 concinna
1383 910 1538 948 videtur3
1576 919 1665 948 cum,
1702 908 1783 950 quid
1810 918 1892 949 quo-

1191 961 1292 991 modo
1317 960 1535 991 transiturum
1566 959 1686 998 fuerit,
1714 968 1780 990 non
1809 958 1892 989 satis

1191 1010 1336 1050 intelligi
1353 1010 1471 1051 possit.
1501 1009 1619 1040 Simile
1635 1013 1688 1040 est
1703 1007 1795 1050 quod
1812 1017 1888 1039 ΧΠ.

1194 1064 1246 1092 10.
1262 1063 1293 1091 6.
1311 1061 1456 1100 legitur:
1480 1061 1489 1077 ‘
1505 1060 1656 1092 Quarum
1684 1057 1818 1090 excidio
1834 1067 1892 1089 ve-

1193 1110 1255 1140 luti
1272 1110 1384 1140 vicino
1407 1109 1563 1140 incendio
1581 1106 1890 1148 territiSpartani.’

1192 1160 1233 1191 'rb
1254 1162 1263 1177 ‘
1276 1161 1374 1191 victis
1389 1159 1676 1198 Atheniensibus,⁷
1699 1168 1775 1199 pro,
1802 1158 1831 1189 si
1845 1157 1892 1189 A·

1194 1211 1389 1242 thenienses
1407 1209 1488 1240 v'icti
1503 1214 1632 1248 essent,
1654 1209 1763 1240 simile
1779 1212 1831 1239 est
1845 1207 1896 1238 his

1194 1270 1270 1302 quae
1296 1261 1339 1291 ad
1364 1270 1446 1292 vui.
1469 1263 1501 1291 2.
1530 1263 1559 1292 l.
1584 1260 1786 1291 notavimus.
1816 1259 1892 1289 Vor.

1194 1311 1285 1343 Illud
1316 1311 1385 1342 belli
1412 1311 1511 1342 abest
1537 1311 1572 1341 in
1596 1309 1752 1351 quibusd.
1797 1309 1844 1340 Et
1869 1307 1895 1340 f.

1195 1366 1309 1403 potest
1325 1361 1460 1399 abesse,
1482 1361 1510 1391 si
1523 1360 1629 1391 verba
1649 1361 1658 1378 ‘
1673 1359 1716 1391 ad
1731 1369 1768 1390 se
1785 1364 1897 1390 trans-

1195 1411 1280 1443 iret’
1303 1411 1530 1451 intelligamus
1560 1410 1603 1441 de
1632 1411 1810 1451 Philippo,
1837 1409 1896 1451 qui

1196 1461 1356 1493 incendio
1392 1466 1426 1492 et
1462 1461 1546 1501 igni,
1584 1461 1695 1491 omnia
1730 1459 1895 1500 vastanti,

1197 1516 1426 1552 comparatur,
1442 1520 1508 1542 non
1525 1510 1751 1552 ineleganter,
1766 1515 1804 1541 ut
1827 1509 1898 1550 opi-

1197 1571 1272 1593 nor.
1316 1563 1516 1602 Quanquam
1542 1565 1577 1591 et
1603 1560 1630 1590 si
1657 1564 1825 1599 servetur,
1852 1560 1900 1591 lo·

1199 1612 1291 1644 cutio
1308 1621 1374 1642 non
1399 1611 1557 1642 videatur
1582 1610 1805 1642 inconcinna:
1830 1619 1899 1641 rne-

1199 1663 1355 1702 tuebant,
1379 1662 1502 1703 inquit,
1527 1671 1567 1692 ne
1593 1661 1784 1693 incendium
1808 1661 1903 1702 belli,

1199 1714 1231 1744 h.
1248 1722 1277 1744 e.
1301 1712 1370 1752 fax,
1390 1711 1523 1743 flamma
1550 1711 1630 1742 belli
1660 1712 1702 1743 ad
1731 1721 1766 1743 se
1791 1716 1900 1743 trans-

1200 1764 1279 1803 iret,
1322 1762 1429 1793 veluti
1475 1762 1636 1802 vicinum,
1678 1761 1713 1793 h.
1743 1771 1773 1792 e.
1806 1761 1900 1793 velut

1201 1813 1290 1856 quod
1313 1813 1507 1845 incendium
1534 1812 1680 1844 vicinum
1705 1817 1806 1851 esset,
1827 1816 1901 1843 tan-

1200 1875 1299 1906 quam
1331 1865 1419 1906 quod
1457 1863 1604 1894 vicinum
1642 1866 1743 1894 esset.
1810 1863 1901 1894 Nam

1200 1918 1209 1934 ‘
1235 1915 1340 1947 veluti
1359 1914 1368 1928 '
1392 1915 1444 1946 hic
1475 1918 1526 1945 est
1559 1914 1650 1945 idem
1674 1917 1790 1954 atque,
1828 1918 1903 1944 tan-

1201 1975 1314 2007 quam,
1343 1964 1484 2005 quippe,
1526 1973 1637 2004 neque
1677 1964 1901 2005 comparatio-

1200 2017 1252 2046 nis
1286 2020 1400 2047 notam
1440 2015 1607 2046 continet.
1639 2013 1743 2051 Schef.
1799 2013 1902 2055 Angl.

1201 2064 1443 2096 Atheniensibus
1469 2064 1590 2104 bellum,
1621 2073 1650 2096 v.
1677 2074 1707 2095 υ.
1733 2063 1756 2095 i.
1791 2065 1832 2094 ad
1857 2073 1900 2095 se.

1203 2115 1299 2146 Lect.
1326 2114 1589 2154 elegantissima.
1635 2115 1731 2145 Lect.
1754 2113 1903 2154 vulgaris

1201 2165 1414 2196 incommoda
1436 2168 1472 2195 et
1495 2164 1625 2196 mutila.
1670 2164 1761 2197 Quid
1787 2163 1902 2194 enim?

1202 2214 1324 2246 transit
1351 2213 1393 2244 ad
1417 2223 1473 2244 eos
1499 2213 1690 2244 incendium
1712 2213 1806 2253 belli,
1833 2213 1903 2243 vel-

1201 2270 1241 2296 ut
1279 2264 1437 2295 vicinum.
1496 2264 1618 2295 Potest
1652 2264 1790 2306 quidem
1817 2264 1901 2295 illud

1206 2315 1340 2346 ‘veluti
1363 2314 1372 2328 '
1407 2314 1572 2354 explicari
1617 2325 1691 2355 per,
1743 2319 1903 2356 tanquam

1204 2376 1230 2398 s,
1261 2365 1349 2406 quia.
1393 2365 1521 2395 verum
1548 2365 1652 2404 inagis
1680 2369 1747 2404 est,
1778 2369 1816 2395 ut
1833 2374 1905 2395 cre-

1203 2416 1320 2446 damus
1349 2414 1499 2445 indicare
1522 2413 1778 2445 similitudinem
1803 2418 1839 2444 et
1855 2423 1906 2444 re-

1203 2465 1284 2496 ferri
1321 2473 1387 2495 non
1426 2463 1467 2494 ad
1499 2464 1509 2480 ‘
1529 2464 1698 2502 vicinun1,’
1736 2463 1793 2494 sed
1827 2463 1904 2494 ‘in-

1203 2514 1384 2551 cemliiun,'
1408 2514 1488 2555 quia
1504 2514 1624 2554 optimi
1638 2514 1822 2554 scriptores
1835 2513 1906 2545 bel·

1204 2566 1271 2597 lum
1288 2574 1486 2605 comparare
1503 2564 1617 2594 solent
1639 2574 1713 2595 cum
1735 2563 1905 2595 incendio.

1205 2615 1286 2655 Ipse
1315 2615 1439 2646 Noster
1462 2623 1536 2644 xrv.
1553 2617 1585 2644 5.
1610 2614 1787 2645 ‘Quorum
1813 2612 1905 2643 exci-

1206 2665 1274 2705 dio,
1310 2664 1413 2695 veluti
1452 2664 1563 2694 vicino
1593 2663 1763 2702 incendio,
1791 2661 1905 2694 territi

1207 2714 1391 2757 Spartani.’
1417 2715 1528 2745 Locus
1545 2713 1623 2744 huic
1639 2713 1839 2744 simillimus.
1855 2712 1907 2745 Id.

1249 2773 1266 2813 ξ
1283 2775 1303 2803 6
1327 2769 1562 2810 Legationibus‚
1575 2769 1645 2810 δῖα]
1669 2768 1762 2800 Saxo
1777 2776 1853 2799 xiv.
1871 2778 1906 2809 p.

1206 2825 1279 2853 358.
1306 2824 1360 2852 43.
1397 2821 1406 2837 ‘
1428 2820 1502 2851 Nec
1528 2819 1638 2849 miuus
1674 2817 1827 2849 Absalon
1871 2822 1908 2849 et

1207 2870 1463 2904 Roskildienses
1481 2869 1546 2909 leg.
1571 2868 1699 2899 curiam
1727 2868 1908 2909 fatigant?

1208 2931 1281 2954 xv1.
1307 2931 1339 2962 p.
1356 2922 1429 2952 374.
1444 2922 1497 2951 25.
1521 2920 1529 2936 ‘
1548 2918 1668 2951 Dubiis
1700 2917 1907 2951 Absalonem
