2174 3424
637 342 833 374 JUSTlNl
866 342 959 372 mn.
991 342 1083 372 xu.
1114 341 1220 372 oAP.
1249 333 1292 372 4.

301 441 386 473 ΟΛΡ.
404 449 453 472 ιν.
485 439 535 480 §l
564 437 690 469 Patriae
714 447 822 468 nomen
851 436 953 476 ejura-

257 492 321 532 ret]
345 489 521 524 Quomodo
537 488 655 529 patriae
673 497 794 519 nomen
810 487 954 527 ejurarit

257 540 467 579 Alexander,
502 548 570 569 non
598 538 720 578 capio:
755 547 775 568 a
803 537 953 568 moribus

257 591 391 633 quidem
406 589 524 630 patriis
536 587 728 619 discessisse
739 586 953 618 manifestum

257 645 330 673 est:
354 650 419 671 uon
445 639 523 670 ideo
551 643 664 669 tamen
694 638 804 669 Persa
834 636 953 668 haberi

256 690 374 722 voluit.
407 689 496 722 Quid
509 689 537 719 si
549 689 699 729 legamus
711 688 814 728 patris
825 684 955 719 nomen?

255 739 350 773 Jovis
381 739 470 769 enim
495 738 601 768 filium
625 747 673 775 se,
698 747 764 768 non
791 735 954 776 Philippi,

256 789 406 820 dicebat.
451 789 614 829 Plerique
643 789 727 820 Mss.
756 787 872 826 patriae
898 796 954 817 no-

255 840 338 871 mine
354 839 491 878 juraret.
536 839 645 870 Simili
668 837 790 867 mendo
806 835 953 867 infectus

258 889 390 921 Gellius
407 899 431 919 1.
447 891 478 919 2.
502 889 510 905 ‘
523 887 752 919 Sanctissimae
766 886 953 926 disciplinae

255 939 392 970 nomine
426 936 676 969 mentirentur!
731 938 812 976 Leg.
843 946 954 967 nomen

256 990 489 1021 ementirentur.
512 989 676 1028 Bongars.
721 988 849 1018 Contra
872 986 953 1017 Aci-

262 1040 329 1071 dal.
356 1040 399 1070 ad
424 1039 514 1070 Vell.
532 1047 571 1069 11.
587 1041 640 1069 68.
657 1040 688 1069 4.
709 1037 823 1078 patm'ae
845 1046 953 1067 nomen

254 1095 387 1121 rectum
403 1099 478 1121 esse
492 1088 679 1120 contendit.
702 1088 790 1119 Nam
808 1091 953 1126 certum,

255 1140 299 1171 de
316 1139 395 1170 luxu
412 1139 502 1179 regis
519 1143 555 1170 et
570 1138 711 1169 mollitie
725 1142 870 1176 tantum,
886 1146 953 1167 nou

257 1189 302 1221 de
327 1189 498 1230 superbia,
521 1189 691 1229 querelam
719 1188 774 1219 hic
803 1196 889 1226 esse,
915 1190 954 1217 ut

255 1239 326 1282 qui,
344 1249 424 1281 quos
440 1238 539 1270 armis
554 1238 749 1278 subegerat,
771 1246 885 1268 eorum
907 1236 954 1267 vi-

256 1290 313 1322 tiis
328 1290 577 1320 succumberet.
610 1287 849 1328 Adstipulatur
865 1287 954 1318 Nos-

260 1345 314 1373 ter
329 1350 407 1372 mox
424 1348 490 1371 xu.
506 1343 537 1370 5.
550 1342 582 1370 2.
628 1339 705 1370 Hoc
731 1338 835 1378 igitur
860 1347 952 1377 aegre

257 1392 429 1423 exercitus
455 1390 599 1429 ferebat,
629 1390 816 1421 masculum
836 1389 952 1420 Mace-

258 1441 381 1472 donum
402 1451 536 1479 nomen,
560 1441 640 1472 belli
661 1441 750 1472 fama
773 1441 854 1472 orbe
880 1446 952 1473 toto

257 1492 395 1523 celebre
411 1497 446 1522 et
462 1491 626 1529 terribile,
646 1491 797 1522 moribus
814 1490 953 1522 effoemi-

257 1541 344 1572 natis
368 1541 549 1572 Persarum
573 1540 756 1581 corrumpi,
779 1545 814 1572 et
843 1541 953 1581 ipsum

258 1591 354 1622 velut
383 1589 589 1621 effoeminari.
645 1591 817 1621 Caeterum
845 1601 954 1622 nomen

256 1642 372 1683 patria»
388 1642 474 1672 dixit
487 1640 595 1672 Autor
611 1650 685 1682 pm,
700 1642 842 1682 patriam
856 1654 864 1674 :
889 1643 954 1674 sic-

259 1697 296 1722 ut
313 1692 383 1722 Liv.
403 1700 428 1722 1.
456 1694 506 1722 10.
533 1694 565 1723 4.
600 1692 609 1708 ‘
628 1701 749 1722 nomen
773 1692 954 1724 Ceninum'

257 1751 336 1783 pro,
352 1742 579 1773 Ceninenses:
604 1746 640 1772 et
655 1740 767 1782 Agell.
782 1751 807 1772 1.
823 1745 855 1773 2.
879 1753 953 1783 pas-

258 1792 390 1832 simque
406 1792 478 1822 Liv.
506 1792 515 1808 ‘
537 1801 658 1822 nomen
680 1792 854 1823 Latinum’
877 1803 953 1833 pro,

256 1843 408 1874 Latinos.
453 1841 552 1873 Quod
583 1842 741 1882 loquendi
773 1851 880 1883 genus
910 1842 953 1873 de

258 1891 456 1924 Graecorum
472 1891 623 1923 fontibus
635 1891 834 1933 profiuxisse
850 1893 953 1925 docet

257 1941 351 1974 Guil.
380 1942 547 1973 Canterus
583 1942 671 1973 Nov.
701 1942 795 1974 Lect.
824 1951 867 1974 11.
899 1946 951 1974 10.

257 1992 357 2023 Bern.
413 1992 507 2032 Lego
535 1992 648 2032 potrioe
677 2002 800 2023 morem.
857 1993 951 2024 Nihil

255 2042 398 2083 planius,
420 2047 478 2073 aut
500 2052 575 2073 cnm
591 2043 732 2073 historia
747 2043 951 2074 convenien-

258 2092 336 2124 tius.
349 2093 429 2133 Ipse
439 2092 530 2124 Just.
542 2093 656 2133 paullo
668 2097 745 2133 post
757 2093 950 2125 eod.modo:

254 2143 265 2160 ‘
282 2143 433 2173 Maxime
449 2142 691 2182 indignabatur
712 2143 807 2184 carpi
827 2153 863 2174 se
880 2153 950 2174 ser-

256 2192 412 2224 monibus
430 2202 580 2231 snorum,
602 2193 755 2233 Philippi
768 2193 874 2233 patris
891 2203 950 2234 pa-

256 2243 398 2283 triaeque
421 2251 530 2273 mores
556 2242 785 2274 subvertisse.’
828 2243 950 2274 Proxi-

254 2301 310 2323 me
326 2292 511 2332 sequentia,
532 2302 604 2332 qnos
622 2295 748 2333 propter
762 2294 839 2324 tales
854 2304 951 2325 mores

254 2342 380 2380 vicerat,
396 2342 476 2382 quin
494 2352 513 2372 a
529 2342 616 2373 mala
628 2342 835 2374 Glossatoris
849 2353 949 2374 manu

255 2392 336 2431 sint,
358 2393 426 2422 noli
452 2391 621 2423 dubitare.
653 2393 814 2424 Boxhom.
859 2394 950 2424 Box-

254 2441 350 2473 horn.
367 2442 500 2481 legend.
518 2447 616 2482 putat
634 2443 749 2483 potriae
763 2453 875 2474 morem
887 2445 949 2483 eju-

254 2495 351 2524 raret.
406 2493 473 2523 Sed
500 2503 566 2523 non
594 2498 647 2524 est
673 2494 854 2524 verisimile
885 2493 948 2525 hoc

255 2547 398 2583 propter
423 2542 470 2582 id,
493 2542 583 2583 quod
605 2544 772 2584 sequitur,
796 2545 805 2561 ‘
821 2554 949 2575 mores—

256 2602 321 2633 que
358 2593 564 2625 Persarum?
623 2594 712 2626 Quid
751 2599 866 2626 autem
904 2595 949 2626 sit

255 2652 363 2674 nomen
378 2644 491 2683 patrioe
505 2644 636 2683 ejurare,
659 2645 860 2685 intelligitur
876 2644 948 2677 fere

256 2701 300 2724 ex
325 2694 396 2734 ipso
425 2695 481 2725 illo
509 2696 598 2735 quod
619 2696 784 2737 sequitur,
809 2698 948 2728 ‘mores

256 2742 437 2774 Persarum
465 2746 666 2777 assumerez'
691 2746 844 2777 nimirum
867 2747 949 2777 nihil

257 2791 331 2823 fere
354 2793 443 2824 aliud
467 2805 565 2835 quam
589 2796 678 2836 quod
694 2805 759 2828 xu.
774 2801 804 2828 5.
820 2800 850 2828 2.
866 2797 948 2827 dici-

257 2846 315 2873 tur
330 2843 339 2860 ‘
354 2844 474 2883 patriae
490 2854 600 2875 mores
617 2845 837 2878 subvertere!
869 2846 948 2884 Eju-

257 2901 329 2924 rare
354 2893 487 2935 quidem
508 2895 563 2927 vel
588 2894 703 2933 ejerare
728 2896 846 2928 dicunt
873 2906 947 2938 pro,

1615 330 1699 373 811

1002 446 1069 468 non
1099 446 1298 477 agnoscere,
1329 436 1486 477 rejicere,
1523 435 1701 467 detestari.

1003 486 1074 517 cic.
1093 495 1131 518 11.
1150 487 1190 517 de
1207 487 1310 518 Orat.
1333 488 1342 504 ‘
1368 487 1452 517 Cum
1478 486 1509 517 ei
1536 486 1586 516 Μ.
1603 486 1700 516 Flac·

1003 545 1063 566 cus
1087 537 1201 567 multis
1227 537 1358 577 probris
1382 537 1526 576 objectis
1553 537 1593 567 P.
1623 536 1701 566 Mn·

1004 586 1087 618 tium
1115 586 1267 626 judicem
1307 587 1452 624 tulisset,
1488 586 1605 626 Ejero,
1651 585 1701 616 in-

1003 637 1090 678 quit,
1128 635 1264 676 iniquus
1305 635 1382 667 est.’
1431 636 1504 667 Ver:
1564 637 1700 675 Ejurare

1002 694 1110 716 nomen
1123 685 1237 724 patria>
1252 684 1299 715 id.
1328 689 1381 715 est
1398 686 1487 725 quod
1512 686 1589 716 Tac.
1616 685 1702 715 dicit

1003 744 1051 767 1v.
1069 734 1115 766 H.
1133 737 1186 765 29.
1209 735 1218 751 ‘
1235 735 1365 774 ejurare
1393 735 1534 774 patriam
1545 734 1565 773 ς’
1588 734 1635 765 sic
1664 738 1700 766 et

1002 785 1012 802 ‘
1038 785 1172 825 ejurare
1196 785 1320 816 liberos
1341 795 1380 816 ac
1403 784 1596 825 parentem’
1621 785 1701 816 Sen.

1004 836 1091 867 dixit
1119 835 1161 867 ad
1194 837 1305 867 Marc.
1362 837 1481 867 Nomen
1508 836 1622 876 putriae
1649 840 1701 866 est

1003 887 1126 928 patria,
1148 891 1186 918 ut
1207 888 1216 903 ‘
1233 897 1355 918 nomen
1375 887 1492 927 agelli'
1515 897 1569 927 ap.
1583 887 1699 917 Valer.

1004 937 1078 968 Cat.
1109 937 1145 967 in
1175 937 1284 976 Diris,
1318 941 1353 968 et
1382 935 1523 967 inferius
1553 945 1634 968 xm.
1664 939 1696 966 6.

1002 988 1012 1004 ‘
1032 986 1180 1026 Philippi
1195 984 1448 1026 Alexandrique
1464 985 1617 1016 nomina'
1637 990 1701 1024 est,

1002 1036 1182 1077 Philippus
1213 1040 1248 1067 et
1279 1035 1491 1066 Alexander:
1528 1039 1564 1066 et
1593 1035 1700 1065 multa

1003 1092 1081 1119 sunt
1097 1088 1165 1128 huj.
1178 1088 1311 1128 generis
1329 1087 1392 1117 alia
1404 1086 1570 1126 exempla.
1591 1086 1699 1116 Graev.

1046 1139 1099 1179 §4
1127 1138 1277 1168 Laborem
1299 1135 1437 1175 militioe]
1459 1136 1540 1166 Tac.
1566 1144 1623 1166 111.
1646 1138 1699 1167 34.

1003 1192 1034 1220 5.
1059 1188 1183 1219 ‘Bella
1208 1188 1309 1228 plane
1334 1186 1494 1217 accinctis
1520 1185 1698 1216 obeunda:

1002 1238 1061 1270 sed
1077 1238 1330 1269 revertentibus
1343 1241 1419 1277 post
1431 1236 1596 1275 laborem,
1609 1235 1698 1277 quod

1002 1290 1176 1321 honestius
1205 1298 1302 1330 quam
1334 1288 1488 1318 uxorium
1528 1288 1699 1317 levamen-

1003 1345 1072 1372 tum
1085 1339 1107 1371 ?’
1150 1340 1360 1379 Disputatur
1383 1347 1423 1368 eo
1443 1338 1528 1377 loco,
1554 1336 1608 1368 An
1629 1346 1699 1367 ma-

1003 1391 1181 1432 gistratum
1198 1390 1230 1420 in
1248 1389 1456 1429 provinciam
1483 1391 1619 1418 euntem
1643 1396 1697 1418 eo-

1002 1441 1114 1472 mitari
1130 1450 1216 1471 uxor
1232 1439 1368 1470 debeat.
1399 1439 1505 1477 Bong.

1046 1493 1100 1532 §6
1122 1489 1319 1529 Posuissent]
1340 1489 1350 1507 ⁶
1370 1487 1518 1520 Ponere'
1542 1497 1616 1528 pro,
1641 1487 1699 1518 de-

1003 1550 1144 1582 ponere.
1189 1540 1288 1573 Quod
1306 1539 1360 1570 vel
1372 1548 1414 1569 ex
1430 1548 1471 1569 eo
1486 1538 1699 1578 intelligitur,

1003 1591 1092 1633 quod
1117 1590 1197 1622 alibi
1218 1590 1290 1630 ipso
1307 1588 1493 1628 composito
1515 1587 1550 1618 in
1576 1587 1698 1618 talibus

1003 1642 1135 1673 utitur:
1158 1645 1197 1671 ut
1212 1649 1278 1670 vn.
1294 1643 1325 1670 5.
1342 1641 1373 1669 3.
1397 1639 1406 1655 ‘
1425 1637 1582 1678 pueritiae
1607 1636 1698 1667 rudi-

1003 1698 1118 1724 menta
1139 1692 1310 1732 deponere
1321 1689 1341 1728 ;'
1365 1693 1400 1720 et
1423 1698 1473 1720 lx.
1490 1692 1521 1720 1.
1537 1692 1568 1720 8.
1591 1687 1601 1705 ‘
1619 1688 1698 1719 tiro-

1003 1743 1082 1775 cinii
1099 1742 1292 1773 rudimenta
1308 1738 1503 1780 deponere.'
1531 1739 1601 1769 Vor.

1045 1794 1063 1833 ᾧ
1091 1796 1110 1824 7
1138 1793 1216 1828 Quae
1243 1792 1426 1822 consuetudo
1454 1790 1488 1821 in
1517 1797 1700 1820 successores

1002 1852 1117 1884 quoque
1137 1841 1313 1874 Alexandri
1334 1840 1464 1879 mansit]
1487 1839 1571 1870 Mihi
1600 1838 1698 1869 vehe-

1001 1902 1096 1924 mens
1113 1893 1261 1932 suspicio
1287 1895 1340 1922 est
1362 1890 1429 1930 legi
1447 1889 1571 1920 debere
1587 1889 1619 1919 in
1634 1897 1699 1918 suc-

1001 1953 1132 1975 cessores
1148 1943 1303 1975 USQUE
1319 1940 1492 1972 Alexandri
1515 1939 1639 1978 mansit,
1661 1942 1698 1969 et

1002 1995 1052 2025 ita
1077 1993 1253 2033 scripsisse
1268 1992 1440 2024 ,Iustinum
1466 1995 1561 2031 puto.
1607 1989 1697 2020 Nam

999 2043 1084 2075 illud
1107 2043 1116 2060 ‘
1132 2042 1256 2074 mansit
1273 2042 1305 2072 in
1328 2041 1558 2072 successores'
1581 2038 1696 2069 durius

1000 2099 1055 2126 est
1079 2098 1115 2125 et
1140 2092 1351 2129 insolentius,
1375 2090 1438 2121 nisi
1464 2089 1568 2120 addas
1593 2098 1696 2129 usque.

999 2143 1114 2175 Latini
1146 2143 1296 2174 homines
1329 2139 1545 2180 judicabunt.
1583 2138 1696 2169 Faber.

1000 2194 1109 2234 Bong.
1125 2202 1167 2223 ex
1186 2193 1269 2222 Mss.
1288 2189 1396 2221 edidit
1420 2190 1453 2220 in
1467 2188 1696 2219 successoribus.

999 2244 1067 2275 Sed
1098 2244 1265 2274 Bernecc.
1294 2241 1413 2272 maluit
1438 2240 1472 2270 iu
1496 2248 1697 2270 successores:

1000 2293 1166 2336 quomodo
1191 2293 1226 2324 in
1249 2290 1496 2333 antiquioribus
1521 2290 1611 2331 typis
1637 2299 1695 2319 ex-

999 2344 1122 2385 pressis
1147 2348 1221 2382 est;
1251 2347 1286 2373 et
1313 2343 1346 2372 in
1370 2342 1484 2382 aliquo
1515 2341 1597 2371 item
1627 2340 1695 2371 Ms.

1000 2393 1193 2426 observavit
1209 2392 1428 2432 Bongarsius.
1450 2391 1523 2422 Vor.

1043 2446 1092 2485 §8
1110 2443 1249 2474 Praemz'a
1263 2442 1397 2482 statuto]
1416 2442 1485 2472 Liv.
1503 2450 1527 2471 1.
1538 2443 1591 2472 20.
1608 2440 1694 2471 ‘Sti-

999 2494 1160 2536 pendium
1177 2493 1218 2523 de
1235 2492 1370 2532 publico
1387 2491 1505 2521 statuit
1518 2490 1539 2521 :'
1563 2494 1599 2520 et
1611 2490 1692 2521 Tac.

1001 2554 1087 2577 xnr.
1101 2547 1152 2576 34.
1176 2544 1185 2560 ‘
1202 2542 1340 2574 Aurelio
1367 2541 1479 2572 Cottae
1496 2544 1531 2570 et
1547 2539 1693 2570 Haterio

998 2596 1174 2629 Antonino
1203 2602 1346 2625 annuam
1372 2591 1548 2632 pecuniam
1571 2590 1693 2622 statuit

1000 2647 1161 2688 princeps
1174 2644 1196 2676 :'
1217 2649 1253 2675 et
1277 2642 1381 2684 Apul.
1398 2650 1464 2672 vn.
1496 2642 1546 2672 M.
1581 2642 1590 2659 ‘
1615 2642 1691 2672 Nee

998 2697 1080 2729 mihi
1097 2696 1217 2727 misero
1233 2699 1362 2725 statuta
1373 2692 1500 2723 cibaria
1513 2701 1573 2732 pro
1587 2691 1691 2723 tantis

998 2746 1252 2788 praestabantur
1279 2741 1481 2774 laboribus:'
1504 2746 1539 2772 et
1565 2742 1693 2773 Matth.

999 2799 1131 2837 Euang.
1149 2805 1248 2827 xxw.
1266 2798 1316 2825 15.
1333 2793 1501 2830 Ἐστησαν
1515 2791 1597 2831 αὐτῷ
1610 2790 1692 2832 τριά-

997 2858 1092 2879 κοντα
1107 2844 1242 2886 ἆρνγύρια.
1269 2844 1368 2874 Gron.

1040 2899 1112 2938 §ll
1139 2894 1290 2937 Epigoni]
1313 2894 1390 2927 Quo
1418 2890 1550 2923 nomine
1577 2894 1613 2923 et
1634 2901 1690 2923 eo-
