2174 3424
664 391 860 422 JUSTiNI
895 391 989 421 Lm.
1023 392 1054 422 1.
1088 393 1191 423 CAP.
1222 384 1261 423 5.

268 487 314 517 nil
331 484 414 516 facit
432 493 495 515 vox
518 484 707 525 imperiosus.
752 485 842 517 Puto
858 485 963 526 igitur

268 538 316 568 sic
330 535 460 576 legend.
492 536 578 566 Puer
595 537 706 566 deinde
718 545 785 566 cam
800 535 881 566 inter
890 538 980 575 pas-¹

265 590 346 617 tores
360 589 437 617 esset
451 586 484 616 z'n
496 585 611 625 Persis,
626 585 704 625 Cyri
715 595 823 616 nomen
835 586 962 625 accepit.

267 636 430 667 Ostendit
445 645 566 675 nempe
581 635 664 666 illud
680 636 688 652 ‘
703 635 735 665 in
752 635 887 675 Persis,’
899 644 961 665 cur

265 687 296 717 ei
313 686 485 717 Persicum
509 695 628 716 nomen
654 685 734 725 Cyri
759 685 804 716 sit
825 685 961 726 imposi-

265 741 348 776 tum,
362 741 397 767 et
413 746 479 767 non
491 736 665 767 Medicum
685 735 833 776 aliquod,
854 736 958 768 videl.

265 788 343 829 quia
366 796 450 827 puer
466 786 666 818 versabatur
689 795 755 817 non
779 787 813 816 in
830 786 959 825 Medis,

265 840 325 872 sed
352 840 386 870 in
410 839 534 870 Persis.
579 839 687 869 Porro
714 839 825 869 locum
849 839 882 870 h.
911 839 959 870 sic

264 900 338 922 esse
355 889 488 930 legend.
513 893 611 930 patet
634 889 735 920 etiam
759 898 801 919 ex
816 898 910 930 seqq.
926 889 959 919 in

263 940 383 981 quibus
401 939 583 979 Harpagus
606 948 682 969 eum
707 938 824 970 scribit
845 939 854 956 ‘
872 938 960 969 able·

264 995 378 1031 gutum
401 989 435 1020 in
461 989 586 1020 Persas
598 988 619 1027 ;'
643 998 751 1029 neque
777 989 868 1020 enim
896 990 960 1020 ista

261 1044 402 1082 possunt
415 1039 570 1080 intelligi,
581 1039 644 1069 nisi
655 1038 746 1070 locus
760 1039 789 1070 h.
803 1039 845 1069 ad
859 1039 958 1070 istum

262 1091 396 1123 modum
412 1091 555 1130 legatur,
572 1099 646 1120 cum
664 1088 706 1119 de
723 1089 786 1119 ista
803 1089 884 1129 Cyri
901 1090 958 1120 ab·

262 1142 430 1183 legatione
456 1142 488 1172 in
514 1141 637 1172 Persas
664 1141 791 1172 nullum
818 1141 957 1172 verbum

264 1193 346 1224 alias
361 1191 591 1232 praecesserit.
614 1190 720 1229 Schef.

307 1242 384 1283 Cyri
398 1241 522 1282 nomen]
547 1242 556 1258 ‘
572 1242 717 1282 Cyrum'
734 1241 874 1273 Persico
888 1251 957 1273 ser-

261 1301 359 1323 mone
375 1292 477 1323 Solem
492 1291 683 1332 significare
709 1297 864 1324 auctores
879 1298 956 1324 suut

261 1341 405 1380 Ctesias,
438 1341 529 1372 Plut.
554 1342 587 1372 in
614 1341 806 1373 Artaxerxe
832 1352 908 1383 cap.
925 1346 956 1375 1.

262 1391 410 1424 Plethon
431 1391 466 1422 in
486 1391 708 1431 Expositione
729 1401 858 1432 eorum,
880 1403 955 1433 quae

259 1442 293 1473 in
309 1441 454 1482 Magicis
466 1441 655 1473 Zoroastris
668 1442 824 1473 Oraculis
838 1442 955 1473 obscu-

260 1492 329 1522 rius
358 1492 530 1522 dicuntur.
583 1491 682 1521 Unde
710 1497 854 1531 apparet
883 1493 955 1523 Sui-

260 1542 348 1578 dam,
375 1546 510 1581 etymon
536 1542 661 1572 exotici
678 1542 821 1572 nominis
839 1547 956 1581 peten-

260 1596 326 1623 tem
341 1602 359 1623 e
376 1592 513 1624 Graecia
529 1601 600 1631 sua,
625 1596 710 1632 toto,
735 1592 823 1633 quod
848 1593 956 1632 aiunt,

261 1643 346 1674 coelo
363 1651 489 1673 errare.
512 1643 614 1673 Rern.

301 1694 353 1733 §2
377 1692 548 1723 servilibus
561 1691 751 1731 verberibus]
775 1691 842 1723 Inf.
858 1701 899 1723 11.
922 1695 953 1724 5.

258 1746 289 1775 4.
314 1744 324 1761 ‘
341 1743 491 1774 Verbera
506 1743 540 1774 in
557 1744 676 1782 aciem,
700 1753 765 1774 non
781 1753 885 1782 arma,
904 1743 953 1775 fe-

259 1793 374 1834 renda,
388 1794 576 1834 omissoque
592 1793 697 1833 ferro,
710 1793 822 1834 virgas
840 1804 879 1825 ac
896 1794 954 1825 fla·

258 1844 358 1882 gella,
387 1848 572 1884 ceteraque
599 1843 731 1874 servilis
757 1849 867 1875 metus
895 1854 952 1884 pa-

257 1894 362 1925 randa
391 1893 638 1926 instrumenta!
690 1894 735 1924 Et
762 1899 855 1925 recte
885 1893 952 1925 Ac-

256 1944 384 1975 cursius
401 1943 442 1974 ad
459 1944 500 1975 L.
516 1946 567 1974 12.
595 1945 642 1974 D.
668 1943 711 1973 de
737 1943 821 1975 Jure
848 1945 952 1983 Fisci,

256 1995 266 2011 ‘
282 1993 418 2025 servilia
433 1992 593 2024 verbera'
611 1992 870 2033 interpretatur,
891 1993 951 2024 fla-

255 2045 365 2084 gella:
390 2048 427 2075 ut
443 2044 482 2075 L.
497 2046 545 2074 10.
562 2044 590 2084 ξ.
619 2052 698 2083 pen.
714 2043 757 2074 D.
774 2043 816 2074 de
833 2043 872 2074 In
888 2045 950 2076 Jus

254 2093 563 2133 Vocando,juncta
578 2093 618 2125 L.
633 2096 666 2124 7.
682 2093 710 2133 ξ.
723 2095 753 2124 2.
770 2093 812 2125 D.
835 2094 878 2124 de
897 2094 950 2124 In-

248 2144 360 2185 juriis,
370 2143 504 2185 probat.
531 2143 676 2174 Petron.
697 2144 706 2160 ‘
724 2143 864 2174 serviles
880 2153 949 2184 poe-

254 2197 330 2226 nas'
346 2194 443 2226 dixit.
468 2194 546 2225 Sall.
560 2203 586 2225 1.
600 2193 646 2225 H.
666 2195 676 2211 ‘
693 2192 836 2225 Abunde
849 2194 949 2226 liber-

255 2250 362 2277 tatem
387 2244 463 2285 rati,
491 2244 570 2286 quia
601 2243 703 2284 tergis
733 2243 949 2275 abstinetur)

252 2295 331 2326 Vid.
347 2295 510 2326 Senecam
526 2298 595 2326 ext.
612 2293 841 2335 Apolocynth.
865 2295 950 2326 Bon-

249 2355 335 2385 gars.
379 2346 470 2376 Hinc
494 2346 504 2363 ⁶
517 2345 715 2377 verberibus
731 2344 853 2376 foedari
866 2345 875 2359 ’
891 2346 948 2377 ho-

251 2396 358 2428 mines
384 2396 483 2427 liberi
509 2396 669 2427 dicuntur
684 2395 807 2426 Tacito
822 2404 879 2427 111.
902 2396 949 2428 Η.

251 2448 304 2478 77.
358 2445 458 2477 Aliud
489 2450 562 2477 est:
614 2447 623 2463 ‘
641 2445 765 2486 puerili
804 2445 948 2477 verbere

250 2497 400 2528 moneri.5
415 2506 449 2529 v.
473 2495 516 2528 A.
533 2500 564 2529 9.
588 2495 679 2528 Add.
704 2496 851 2528 Brisson.
878 2497 947 2528 Sel.

250 2547 332 2580 Ant.
345 2547 437 2580 Juris
450 2557 490 2579 11.
502 2551 534 2579 9.
560 2548 746 2580 Berneccer.
790 2548 908 2579 Florus
923 2557 948 2580 1.

250 2599 303 2628 23.
321 2600 351 2629 1.
375 2599 384 2615 ‘
403 2598 576 2629 Serviliter
591 2598 624 2628 in
640 2602 739 2638 terga
754 2597 899 2637 saevire‚'
913 2602 948 2629 et

251 2647 378 2679 Noster
393 2647 452 2679 inf.
464 2657 505 2679 11.
519 2652 551 2680 5.
565 2652 597 2680 5.
626 2648 730 2680 Vorst.
766 2648 857 2679 Saxo
869 2657 945 2679 xiv.

249 2707 284 2738 p.
301 2700 374 2730 306.
390 2701 442 2730 12.
465 2700 474 2716 ‘
492 2698 610 2730 Primo
630 2699 800 2740 siquidem
825 2699 944 2730 verbe-

252 2747 344 2779 ribus
360 2747 540 2780 adfectus?

291 2799 309 2838 ξ
324 2801 342 2828 5
366 2798 513 2830 Animum
521 2799 670 2830 minacem
680 2801 832 2832 duntaxat
843 2799 876 2831 in
891 2801 944 2831 illo

243 2846 361 2889 fregit]
397 2850 464 2880 Pro
503 2850 652 2881 minacem
684 2850 798 2880 malim
830 2850 942 2889 legere

248 2898 437 2935 minatione;
475 2900 641 2940 quomodo
676 2900 792 2940 Major
820 2900 943 2932 edidit.

256 2946 356 2980 Vorst.
402 2948 480 2980 Non
496 2949 666 2991 displicet,
692 2950 781 2991 quod
806 2959 848 2981 ex
865 2951 940 2982 cod.

1623 384 1709 426 629

1014 485 1156 525 Majorjs
1174 486 1297 525 probat
1312 487 1428 518 Vorst.
1454 488 1587 528 legend.
1610 488 1708 520 mina-

1013 535 1096 566 tione
1120 545 1181 575 pro
1205 536 1363 576 minacem,
1391 547 1464 568 cum
1493 539 1548 568 vix
1574 538 1708 579 integer

1013 585 1096 616 alias
1126 586 1170 617 sit
1199 595 1326 618 sensus,
1377 588 1422 618 Et
1451 587 1617 619 minatione
1644 599 1707 629 pro

1012 635 1270 667 commiuatione
1299 637 1434 676 ponitur
1461 638 1646 677 eleganter,
1669 644 1708 670 ut

1011 696 1078 717 non
1093 686 1280 727 paucahuj.
1294 687 1424 726 generis
1441 688 1518 718 alia.
1563 688 1706 727 Sensus3

1011 737 1020 754 ‘
1038 735 1144 777 fregit
1170 736 1337 778 aninium,'
1366 738 1385 767 i.
1403 747 1433 768 e.
1462 738 1580 768 minuit
1609 739 1707 777 iram,

1009 788 1190 827 minatione,
1217 788 1239 819 i.
1267 797 1298 818 e.
1329 788 1602 825 comminatione,
1641 799 1708 829 qua

1010 837 1132 878 Cyrum
1150 837 1192 868 ab
1219 837 1380 869 ulteriore
1403 842 1525 869 conatu
1549 839 1627 869 satis
1649 838 1707 869 de-

1009 892 1139 919 terrere
1150 897 1249 928 posse
1263 887 1326 919 sibi
1339 888 1428 919 visus
1442 889 1526 929 est,‘
1542 888 1708 921 duntaxat
1724 914 1731 920 .

1009 938 1042 968 in
1059 937 1141 977 illo,'
1156 939 1176 969 i.
1191 948 1220 969 e.
1238 943 1377 969 eatenus
1390 939 1524 978 saltem,
1539 942 1704 980 quatenus

1008 987 1130 1018 iratum
1158 988 1277 1018 habuit
1299 989 1443 1019 animum
1460 998 1540 1028 erga
1556 989 1681 1029 Cyrum
1695 1002 1704 1019 ;

1007 1047 1074 1068 nou
1091 1044 1257 1079 quatenus
1273 1042 1307 1069 et
1323 1048 1404 1079 erga
1422 1038 1633 1078 Harpagum,
1650 1040 1704 1070 cui

1008 1097 1075 1118 non
1104 1089 1238 1128 putavit
1261 1087 1414 1119 sufficere
1440 1088 1482 1119 ad
1506 1088 1705 1119 delinimen-

1007 1142 1091 1177 tum,
1104 1139 1131 1169 si
1144 1139 1307 1179 Harpago
1317 1139 1504 1169 minaretur
1514 1139 1633 1179 solum,
1644 1139 1705 1170 sed

1007 1189 1129 1220 damno
1156 1189 1252 1220 simul
1277 1189 1388 1230 aliquo
1415 1189 1449 1219 in
1474 1189 1630 1220 solatium
1655 1190 1704 1219 ul-

1006 1239 1105 1270 tionis
1131 1238 1357 1270 afficiendum.
1390 1238 1495 1277 Scltes.
1539 1240 1704 1270 Vetusta-

1006 1298 1078 1320 rum
1107 1289 1184 1321 edd.
1212 1290 1404 1329 lectionem,
1432 1299 1507 1330 quae
1536 1289 1705 1321 minatione

1006 1349 1078 1380 prae
1094 1349 1129 1370 se
1146 1339 1273 1379 ferunt,
1301 1339 1391 1380 quod
1407 1344 1442 1370 et
1458 1339 1492 1369 in
1507 1339 1604 1371 Junt.
1622 1340 1704 1380 legi-

1006 1395 1075 1430 tur,
1102 1390 1238 1421 minime
1261 1389 1467 1431 sequendam
1483 1389 1581 1421 duco.
1624 1390 1703 1421 Ληί-

1004 1450 1072 1471 mus
1087 1439 1195 1470 minax
1211 1444 1274 1479 est,
1298 1440 1349 1470 ira
1374 1439 1536 1480 percitus,
1559 1440 1616 1481 qui
1632 1441 1703 1470 exi-

1005 1490 1089 1521 tium
1105 1490 1298 1521 minabatur
1318 1494 1354 1521 et
1371 1490 1532 1530 Harpago
1547 1495 1582 1521 et
1599 1490 1700 1530 Cyro.

1005 1540 1083 1571 Non
1106 1541 1194 1571 enim
1212 1541 1382 1581 placatum
1408 1540 1481 1580 ejus
1502 1540 1647 1571 animum
1664 1545 1701 1572 et

1004 1589 1196 1629 mitigatum
1212 1599 1293 1630 erga
1309 1589 1435 1630 Cyrum
1450 1590 1564 1621 statim
1580 1589 1700 1630 fuisse,

1004 1646 1183 1681 postquam
1208 1648 1283 1670 eum
1311 1645 1509 1680 agnoverat,
1536 1644 1632 1680 patet
1656 1650 1699 1672 ex

1006 1690 1135 1720 Herod.
1151 1690 1207 1731 qui
1221 1699 1244 1721 1.
1273 1692 1347 1721 120.
1362 1694 1492 1729 narrat,
1518 1694 1555 1721 ut
1573 1690 1698 1731 Astya-

1004 1750 1062 1781 ges
1079 1739 1277 1771 deliberarit
1293 1749 1367 1770 cum
1385 1739 1511 1780 Magis,
1528 1740 1697 1771 tollendus

1003 1800 1046 1821 ne
1063 1791 1169 1830 Cyrus
1185 1795 1277 1821 esset
1296 1795 1440 1831 propter
1455 1790 1632 1830 somnium,
1655 1801 1698 1822 an

1001 1851 1083 1872 vero
1098 1841 1292 1872 servandus.
1337 1841 1424 1872 Haec
1437 1845 1567 1872 tantum
1581 1842 1696 1882 verbo,

1002 1892 1084 1922 utin
1098 1892 1310 1932 compendio,
1323 1892 1432 1931 tangit
1442 1892 1569 1924 Justin.
1614 1893 1698 1924 Sen—

1002 1943 1111 1973 tentia
1126 1947 1200 1974 est:
1224 1942 1400 1983 Astyagen
1424 1942 1507 1972 iram
1530 1942 1621 1972 illam
1638 1944 1699 1974 mi-

1001 2002 1129 2032 nacem,
1139 1993 1244 2023 sinon
1257 2002 1338 2033 erga
1349 1992 1562 2033 Harpagum,
1575 1993 1698 2024 saltem

1001 2053 1083 2084 erga
1109 2044 1246 2085 Cyrum,
1279 2042 1532 2083 compressisse.
1574 2043 1583 2058 ‘
1602 2043 1695 2073 Dun-

1000 2093 1118 2134 taxat:
1137 2093 1266 2124 Latinis
1284 2097 1349 2133 est,
1364 2093 1496 2132 saltem,
1511 2092 1695 2125 minimum.

1002 2144 1109 2175 Groev.

1042 2195 1059 2234 ξ
1075 2197 1095 2225 6
1123 2194 1236 2226 Filium
1253 2193 1328 2233 ejus,
1343 2192 1410 2234 ξω]
1446 2193 1696 2225 Commemorat

999 2248 1034 2275 et
1053 2245 1131 2276 Sen.
1147 2244 1188 2275 de
1204 2244 1262 2275 Ira
1277 2253 1333 2275 111.
1360 2247 1412 2275 15.
1446 2244 1602 2284 Bongars.
1650 2245 1696 2276 Et

999 2295 1067 2327 Ov.
1085 2296 1119 2325 iu
1135 2294 1223 2326 Ibin.
1252 2295 1351 2325 Bern-

1042 2346 1295 2386 Epulandumque
1312 2344 1401 2385 patri
1417 2345 1564 2385 tradidit]
1589 2345 1695 2376 Theo-

998 2396 1107 2435 philus
1125 2395 1167 2426 ad
1180 2394 1384 2435 Autolycum
1402 2395 1461 2426 lib.
1477 2404 1531 2426 111.
1547 2405 1613 2426 non
1629 2395 1693 2426 hoe

996 2444 1154 2486 Astyagi,
1176 2444 1236 2475 sed
1254 2444 1425 2485 Cambysi,
1450 2444 1583 2476 tribuit.
1612 2445 1694 2476 Per-

996 2504 1124 2536 peram.
1153 2495 1240 2526 Voss.

1039 2544 1056 2584 ᾧ
1072 2546 1091 2574 7
1114 2543 1166 2575 Ad
1180 2552 1314 2583 praesens
1325 2542 1457 2583 tempus]
1479 2541 1611 2574 Sufficit
1625 2543 1635 2561 ‘
1648 2543 1691 2574 ad

996 2592 1172 2634 praesens,'
1197 2598 1232 2624 et
1248 2593 1297 2624 sic
1315 2594 1498 2634 loquuntur
1514 2593 1594 2623 Tac.
1609 2603 1691 2634 quo-

996 2654 1060 2685 que
1085 2643 1128 2676 A.
1154 2653 1204 2676 ιν.
1230 2647 1283 2676 31.
1310 2648 1347 2675 et
1368 2647 1422 2675 44.
1456 2644 1502 2675 Η.
1527 2653 1552 2675 1.
1578 2647 1632 2675 44.
1655 2649 1692 2675 et

994 2697 1088 2727 Suet.
1117 2696 1184 2727 Tit.
1208 2699 1240 2726 ὃ.
1271 2705 1332 2726 nec
1361 2695 1512 2726 dubitem
1542 2706 1561 2726 a
1589 2706 1689 2727 rnanu

993 2746 1189 2786 glossatoris
1203 2755 1277 2776 esse
1292 2749 1420 2785 tempus.
1460 2746 1526 2777 Sed
1543 2746 1604 2778 hoc
1621 2747 1690 2777 edi-

994 2801 1105 2827 torum
1124 2805 1287 2826 consensu
1314 2796 1395 2826 nihil
1420 2796 1528 2827 audeo
1545 2801 1688 2828 mutare.

992 2847 1173 2877 Berneccer.
1194 2845 1302 2876 Putat
1312 2846 1475 2877 Bernecc.
1487 2850 1604 2888 tempus
1614 2857 1688 2878 esse

993 2907 1012 2928 a
1027 2907 1126 2928 manu
1143 2896 1359 2937 glossatoris3
1382 2896 1471 2937 quod
1493 2898 1550 2927 alii
1571 2898 1688 2929 dicant

993 2951 1000 2965 ‘
1019 2947 1059 2978 ad
1076 2946 1248 2987 praesenS,'
1265 2946 1443 2978 subaudita
1456 2950 1583 2988 tempus.
1620 2948 1685 2978 Ve-
