2101 3419
442 318 528 361 866

445 422 536 453 tinus
565 422 683 454 utitur.
718 422 834 454 Plaut.
858 422 907 454 ita
928 422 1033 453 habet
1058 422 1140 454 Cur-

446 473 511 503 cul.
541 481 581 503 11.
613 475 643 503 1.
672 472 876 504 ‘Auscultes
906 472 998 512 mihi,
1028 471 1140 513 Atque

446 522 546 553 istam
578 523 741 555 exturbes
770 533 812 554 ex
840 522 951 554 animo
971 522 1142 563 aegritudi-

447 575 549 605 neni.y
574 574 676 612 Schcf.

494 626 608 656 Cursus
643 626 753 667 comes]
796 625 922 663 Pallor,
954 629 1012 656 aut
1050 624 1142 657 Just.

449 675 589 715 scripsit
615 686 704 707 cursu
725 686 835 706 comes.
880 675 956 706 Hoc
977 675 1063 706 enim
1081 674 1145 705 sin-

453 725 569 763 gulare
592 725 626 755 in
649 725 861 765 Lysimacho,
875 729 910 755 et
925 725 1030 755 simile
1045 723 1145 754 fratri

450 774 631 815 Philippo:
656 775 779 815 pedum
795 775 970 805 celeritate
991 773 1147 814 aequabat

451 833 575 864 equum
588 823 784 855 Alexandri.
810 826 866 855 De
882 824 1042 864 Philippo
1055 825 1146 855 clare

454 875 551 906 Curt.
584 884 664 905 V111.
694 878 726 906 2.
753 875 810 905 ubi
835 875 938 905 habet
962 875 1147 914 historiam,

452 935 551 966 quam
566 926 655 957 Just.
672 926 799 965 tangit:
824 926 833 942 ‘
847 925 882 956 Is
906 925 1022 965 pedeS,
1044 925 1150 955 incre-

454 975 558 1006 dibile
587 975 692 1014 dictu,
719 985 778 1016 per
805 975 849 1006 D.
878 975 988 1006 stadia
1014 980 1149 1005 vectum

454 1035 568 1065 regem
597 1026 776 1056 comitatus
802 1030 876 1056 est:
908 1034 999 1065 saepe
1027 1034 1150 1065 equum

455 1086 550 1106 suuni
564 1074 727 1106 offerente
741 1074 964 1116 Lysimacho!
1002 1075 1152 1115 Lysima-

456 1128 554 1159 chum
581 1127 731 1168 peditem
762 1127 864 1158 fuisse
894 1126 1019 1157 docent
1044 1129 1079 1156 et
1103 1135 1153 1156 se-

456 1178 606 1219 quentia.
652 1178 755 1216 Nam,
784 1177 812 1207 si
840 1175 961 1206 fuisset
994 1175 1028 1205 in
1056 1185 1155 1216 equo,

458 1228 539 1269 quid
555 1228 605 1259 ita
620 1237 694 1258 eum
714 1228 891 1258 vulnerare
914 1226 1077 1267 potuisset
1094 1235 1154 1256 rex

457 1279 490 1309 iu
506 1277 631 1315 fronte,
644 1287 719 1309 cnm
736 1277 887 1309 desiliret
910 1286 995 1318 equo
1010 1276 1157 1315 demum,

458 1333 494 1360 et
505 1338 572 1359 non
585 1333 663 1360 ante
675 1328 696 1360 ?'
710 1329 719 1346 ‘
731 1328 852 1359 Hastae
865 1326 1050 1367 cuspidem‘
1067 1327 1155 1358 enim

458 1378 650 1419 intelligere
677 1388 743 1409 non
781 1377 1027 1409 ferramentum
1056 1376 1157 1407 debe-

459 1437 532 1459 mus
549 1428 638 1468 qnod
654 1431 707 1458 est
732 1428 766 1458 in
793 1427 921 1467 capite,
939 1431 975 1457 et
991 1435 1057 1467 quo
1073 1435 1157 1466 pug-

460 1479 533 1508 nari
557 1478 656 1517 solet,
678 1487 792 1508 verum
809 1477 897 1517 qnod
914 1477 947 1507 in
964 1475 1029 1506 imo
1046 1484 1159 1505 manu·

459 1528 538 1567 brii,
554 1532 603 1568 ut,
629 1537 704 1559 cnm
722 1537 859 1559 necesse
876 1531 939 1566 est,
953 1530 1069 1557 erecta
1085 1535 1158 1566 pos-

463 1578 505 1609 sit
521 1577 623 1618 defigi
641 1580 674 1609 in
691 1583 794 1610 terra.
821 1578 870 1608 Id.

505 1630 523 1669 ᾧ
549 1632 588 1659 12
613 1629 703 1664 Quod
728 1628 821 1664 idem,
849 1626 917 1667 ἔγω]
944 1625 1160 1658 eonferenda

463 1679 536 1710 haec
551 1683 629 1709 sunt
644 1688 719 1710 cnm
743 1677 892 1718 Appiani
907 1676 1101 1707 narratione
1117 1676 1161 1707 de

464 1729 506 1759 B.
522 1729 595 1768 Syr.
612 1738 644 1768 p.
662 1730 732 1758 129.
747 1732 781 1758 et
798 1736 867 1767 seq.
892 1727 991 1757 Bern-

511 1777 737 1818 Expirmserut]
757 1777 918 1808 Vincent.
934 1777 943 1793 ‘
957 1775 1127 1816 expiravit
1140 1775 1160 1806 :’

466 1834 503 1859 et
531 1829 630 1868 paulo
656 1833 752 1868 post:
777 1826 787 1844 ‘
804 1826 918 1857 claudi
942 1835 1009 1857 nou
1035 1830 1162 1866 posset,

466 1889 566 1920 quam
592 1884 629 1909 nt
655 1877 812 1908 diadema
839 1877 902 1908 sibi
926 1876 958 1907 d.
981 1886 1008 1907 r.
1026 1886 1056 1907 a.
1092 1876 1163 1906 vnl-

467 1929 559 1960 neris
591 1938 672 1959 cura
693 1927 820 1968 capiti‚'
845 1929 911 1958 stc.
948 1931 1004 1958 et:
1037 1928 1046 1943 ‘
1063 1926 1162 1958 Quod

473 1988 503 2010 a.
520 1989 553 2019 p.
572 1978 694 2009 futurae.
710 1978 815 2018 regiae
832 1987 875 2007 m.
897 1976 936 2008 L.
958 1974 993 2006 f.'

514 2031 531 2069 ξ
556 2031 595 2059 13
623 2028 728 2065 eludi,
755 2028 823 2067 δικ]
864 2027 946 2064 Pro,
972 2024 1101 2056 claudi:
1125 2034 1165 2055 au

470 2080 504 2110 in
526 2090 557 2119 u,
584 2084 622 2110 ut
650 2076 862 2116 ‘defraudes
889 2080 897 2092 ¹
914 2074 1079 2113 defrud0‚’
1110 2084 1165 2115 ap.

471 2130 695 2160 Terentium:
722 2138 741 2159 a
770 2126 909 2159 ‘causa'
939 2127 949 2143 ‘
968 2127 1106 2156 excuso’
1133 2129 1168 2155 et

472 2180 637 2211 ‘accuso.’
660 2180 815 2218 Bongars.
871 2178 1016 2208 Videtur
1041 2176 1169 2207 Auctor

474 2230 648 2269 scripsisse
663 2231 696 2259 ut
710 2229 837 2268 sanguis
851 2231 921 2258 ante
936 2227 1017 2258 cludi
1032 2237 1090 2257 non
1098 2235 1169 2266 pos-

474 2283 531 2310 set.
557 2280 662 2311 Gron.

519 2329 620 2364 Quam
642 2328 799 2367 diadema]
822 2327 971 2368 Legend.
990 2325 1014 2357 f.
1038 2336 1128 2366 quam
1143 2326 1171 2356 si

476 2380 558 2410 diuzi.
581 2379 693 2410 Vorst.
738 2379 884 2419 Propius
902 2378 1011 2408 abiret
1027 2387 1117 2417 quam
1136 2381 1170 2408 ut

476 2430 637 2460 diadema.-
665 2429 775 2468 potuit
791 2438 831 2468 m,
853 2427 997 2459 totidem
1013 2432 1172 2458 constans

478 2479 622 2516 lineolis,
634 2481 668 2508 ut
683 2477 894 2508 absumsisse.
919 2475 1023 2514 Schef.

522 2528 693 2568 Diudema]
718 2527 859 2567 Regium
880 2527 1022 2566 insigne.
1067 2525 1109 2557 Id
1125 2524 1175 2556 fu-

478 2582 556 2621 isso,
577 2585 697 2612 contra
721 2590 819 2620 quam
842 2580 943 2619 vulgo
969 2587 1177 2618 persuasum,

480 2641 546 2662 non
573 2631 637 2661 nisi
665 2629 805 2660 fasciam
835 2637 854 2659 e
882 2637 993 2668 panno
1016 2628 1177 2666 liuteove,

481 2691 557 2713 cum
585 2679 764 2720 originatio
788 2678 930 2709 nominis
953 2678 1076 2718 arguit,
1097 2677 1179 2717 παρὰ

482 2731 517 2762 τὸ
539 2732 660 2769 διαδεῖν,
687 2739 706 2759 a
727 2730 885 2766 nectendo,
909 2728 1044 2767 ligando,
1061 2737 1088 2758 s.
1104 2727 1179 2758 obli-

480 2783 584 2822 gando
611 2779 716 2810 dicti:
741 2784 811 2809 turn
843 2778 953 2809 allatis
977 2782 1012 2809 et
1028 2778 1091 2808 hoc
1107 2787 1180 2808 nos-

484 2835 538 2861 tro
565 2834 600 2860 et
623 2827 776 2868 pluribus
804 2827 876 2858 aliis
902 2831 1078 2858 auctorum
1100 2825 1182 2856 locis

485 2879 671 2912 ostendunt
687 2877 749 2909 viri
775 2877 809 2908 in
828 2877 934 2909 literis
949 2877 1076 2918 magni,
1092 2875 1184 2907 Bris-

509 3005 521 3019 Χ

895 326 1037 357 NOTAE
1069 325 1333 357 VARIORUM
1366 327 1416 357 IN

1189 430 1260 454 son.
1277 422 1319 453 de
1334 423 1453 464 Regno
1469 421 1567 454 Pers.
1584 430 1610 454 1.
1631 421 1725 462 Lips.
1747 424 1817 453 not.
1831 423 1885 453 99.

1191 472 1233 503 ad
1248 473 1331 506 Tac.
1347 482 1396 505 vt.
1412 473 1565 505 Paschal.
1577 472 1620 503 de
1631 470 1770 503 Coronis
1784 480 1838 503 lx.
1851 474 1885 503 ὃ.

1191 523 1290 554 Rern.

1233 573 1396 612 Alligandi
1408 572 1557 612 vulneris]
1569 571 1578 589 ‘
1591 571 1742 612 Alligare
1755 570 1888 602 vulnus’

1193 633 1268 664 pro,
1281 623 1440 663 obligare.
1469 623 1540 654 Cic.
1556 632 1596 653 11.
1610 622 1710 653 Tnsc.
1727 621 1770 654 Q.
1781 621 1790 638 ‘
1804 621 1889 653 Qui-

1194 683 1270 705 esce
1285 674 1386 714 igitur
1399 679 1434 704 et
1448 673 1564 704 vulnus
1579 673 1699 713 alliga-²
1732 672 1806 704 Liv.
1822 680 1890 703 vn.

1194 727 1247 754 24.
1270 727 1278 741 ‘
1293 725 1418 755 Consul
1430 724 1567 754 vulnere
1581 724 1718 764 alligato
1731 726 1889 754 revectus

1195 774 1238 805 ad
1255 775 1362 815 prima
1380 773 1497 814 signa.'
1540 773 1595 805 Ad
1614 784 1712 815 quem
1727 775 1749 804 l.
1768 778 1803 804 et
1818 773 1890 805 No-

1196 828 1247 854 tas
1265 824 1424 855 Gronovii
1441 824 1508 854 vid.
1535 824 1734 855 Scribonius
1757 823 1890 863 Largus

1197 874 1280 905 dicit
1296 878 1425 915 quoque
1440 874 1449 891 ‘
1461 873 1599 913 alligata
1614 872 1734 913 pyxis,’
1751 873 1760 889 ‘
1775 871 1892 912 alliga-

1369 923 1377 937 5

1198 929 1269 955 tum
1294 934 1364 955 vas.
1420 924 1501 955 vid.
1526 924 1609 955 Lex.
1634 922 1892 954 Scribonianum

1198 974 1332 1005 Rhodii.
1362 975 1434 1005 Vor.

1242 1025 1259 1065 ξ
1285 1027 1324 1055 14
1346 1024 1527 1065 Auspicium
1538 1023 1686 1065 primum]
1719 1023 1893 1054 Commate

1199 1074 1273 1106 haec
1289 1075 1356 1106 duo
1372 1076 1458 1105 male
1475 1074 1684 1113 dividuntur,
1698 1083 1773 1114 quae
1785 1081 1846 1113 per
1858 1081 1895 1102 se

1201 1134 1355 1156 connexa
1383 1129 1471 1156 sunt.
1517 1124 1649 1155 Habuit
1671 1124 1759 1154 enini
1782 1126 1817 1154 et
1832 1122 1898 1152 alia

1201 1174 1353 1214 auspicia
1378 1174 1501 1205 futurae
1523 1173 1781 1214 magnitudinis:
1806 1170 1897 1212 quod

1203 1234 1245 1255 ex
1258 1235 1351 1266 seqq.
1375 1229 1540 1265 apparet3
1567 1224 1628 1255 sed
1653 1224 1716 1254 hoc
1739 1222 1805 1254 fuit
1829 1222 1898 1262 pri·

1203 1284 1304 1306 mum.
1327 1274 1432 1313 Schef.

1246 1326 1263 1365 §
1287 1328 1326 1356 15
1365 1325 1578 1356 Feracissimae
1599 1324 1722 1365 gentes]
1753 1322 1900 1354 Thraces

1205 1380 1240 1406 et
1257 1375 1393 1406 Pontici
1408 1376 1514 1407 Maris
1530 1376 1675 1407 accolae:
1699 1383 1784 1406 xm.
1797 1376 1830 1405 4.
1847 1375 1900 1404 16.

1206 1425 1306 1456 Bern.

1250 1476 1337 1507 CAP.
1353 1483 1401 1506 tv.
1445 1476 1498 1516 §4
1529 1473 1681 1514 Anulum]
1716 1473 1784 1507 Qui
1812 1477 1902 1504 esset

1207 1523 1314 1555 instar
1335 1523 1550 1565 gnorismatis
1568 1534 1607 1555 ac
1625 1522 1844 1562 monumenti,
1858 1522 1902 1553 de

1210 1585 1275 1616 qno
1300 1584 1424 1615 genere
1449 1574 1585 1605 vidend.
1613 1573 1746 1605 omnino
1772 1573 1902 1604 Meurs.

1209 1627 1333 1658 Exere.
1350 1625 1435 1657 Crit.
1452 1634 1475 1656 1.
1490 1627 1521 1656 3.
1547 1625 1644 1655 Bern.

1251 1676 1417 1717 Jussaque]
1438 1674 1623 1706 Mendum:
1648 1672 1904 1715 leg.jussamque.

1210 1726 1294 1758 Fab.

1254 1777 1305 1817 §5
1331 1776 1452 1815 Figura
1472 1774 1629 1815 anchoras]
1659 1775 1742 1814 Leg.
1760 1773 1907 1814 Appian.

1211 1827 1244 1858 in
1257 1827 1397 1867 Syriaca
1409 1826 1500 1857 Hist.
1514 1825 1690 1856 Auson.de
1705 1823 1907 1856 Antiochia:

1212 1880 1221 1895 ‘
1236 1877 1299 1908 llla
1315 1877 1493 1908 Seleucum
1510 1876 1710 1916 Nuncnpat,
1726 1875 1908 1915 ingenuum

1214 1928 1310 1968 cujus
1333 1925 1400 1957 fuit
1430 1926 1575 1957 anchora
1604 1925 1758 1965 signnm:
1792 1924 1910 1957 Qualis

1213 1978 1326 2008 inusta
1350 1977 1437 2008 solet
1458 1975 1590 2016 generis
1613 1979 1695 2005 nota
1718 1977 1826 2012 certa,
1850 1983 1912 2014 per

1215 2037 1347 2059 omnem
1379 2027 1466 2057 Nam
1497 2025 1622 2056 subolis
1651 2024 1771 2055 seriem
1797 2024 1912 2055 nativa

1216 2075 1366 2107 cucurrit
1381 2074 1513 2115 imago.'
1555 2074 1622 2105 Hic
1638 2074 1811 2112 Seleucus,
1835 2082 1912 2104 cum

1218 2131 1308 2158 esset
1331 2127 1363 2156 in
1391 2125 1489 2156 bellis
1513 2122 1766 2163 ἐπιτυχέστατος,
1790 2124 1798 2140 ‘
1813 2123 1914 2154 Nica-

1219 2176 1289 2208 tor’
1318 2175 1431 2207 dictus
1456 2180 1517 2206 est.
1563 2175 1710 2215 Appian.
1735 2174 1809 2215 Syr.
1840 2176 1914 2205 124.

1220 2230 1323 2268 Bong.
1374 2228 1430 2258 Sic
1462 2231 1497 2257 et
1526 2225 1693 2257 Annnian.
1721 2233 1835 2256 xxm.
1861 2227 1914 2256 16.

1218 2279 1227 2295 ‘
1244 2278 1398 2309 Nicatori
1430 2277 1573 2307 Seleuco
1602 2275 1819 2306 victoriarum
1847 2284 1918 2306 cre-

1220 2329 1327 2359 britas
1352 2327 1415 2357 hoc
1440 2325 1611 2357 indiderat
1631 2323 1916 2365 cognomentum!

1222 2378 1321 2410 Unde
1349 2376 1551 2416 intelligitur
1574 2374 1654 2416 qnid
1678 2373 1723 2406 id.
1750 2373 1813 2404 sibi
1836 2373 1918 2404 velit

1223 2436 1298 2459 xiv.
1313 2430 1366 2458 26.
1390 2427 1399 2443 ‘
1412 2426 1574 2457 Seleucus
1587 2423 1746 2455 efficaciae
1759 2424 1920 2464 impetra-

1223 2477 1300 2508 bilis
1322 2486 1395 2515 rex,
1420 2479 1457 2506 ut
1480 2476 1610 2506 indicat
1636 2471 1920 2514 cognomentum!

1226 2527 1316 2557 Nam
1346 2529 1355 2543 ‘
1374 2524 1615 2566 impetrabilis’
1641 2523 1837 2564 ἐνεμγητικῶς
1865 2522 1920 2553 hic

1226 2584 1293 2616 est,
1307 2575 1418 2607 onmia
1442 2575 1627 2614 impetrans
1643 2583 1682 2604 ac
1706 2572 1919 2613 pervincens.

1227 2627 1324 2658 Sicut
1353 2627 1362 2643 ‘
1390 2623 1612 2664 impetrabilis
1640 2621 1777 2653 orator'
1807 2621 1922 2652 Plaut.

1228 2676 1378 2708 Mostell.
1411 2684 1443 2705 v.
1471 2676 1501 2705 2.
1526 2675 1579 2704 40.
1633 2672 1723 2703 Hinc
1751 2669 1866 2702 fanum
1896 2679 1922 2701 s.

1227 2726 1334 2767 ἡρῶον,
1356 2725 1499 2756 Seleuco
1519 2732 1539 2753 a
1560 2721 1628 2753 filio
1649 2720 1823 2761 Antigono
1845 2729 1924 2751 con-

1231 2780 1410 2814 secratum,
1450 2773 1581 2803 dictum
1616 2770 1682 2803 fuit
1717 2769 1923 2811 Νικατόρειον.

1232 2825 1379 2866 Appian.
1395 2823 1428 2854 in
1441 2822 1571 2863 Syriae.
1586 2823 1659 2852 129.
1673 2820 1705 2851 d.
1749 2821 1790 2851 In
1805 2819 1926 2851 numis·

1231 2875 1330 2906 matis
1347 2878 1458 2905 tamen
1481 2875 1518 2904 et
1541 2871 1622 2903 alibi
1647 2872 1656 2888 ‘
1671 2869 1840 2904 Nicanor’
1866 2869 1924 2902 Se·
