2174 3424
663 333 858 364 JUS'rlNl
895 333 987 363 mu.
1022 335 1062 363 v.
1096 335 1201 364 CAr.
1233 325 1301 365 11.

255 427 374 459 Oratio
391 425 572 466 Ciceronis,
582 435 661 468 qua,
673 426 871 466 Thrasybuli
889 436 946 458 ex-

252 478 376 517 emplo,
424 476 582 507 Romanis
623 477 633 493 ⁴
660 476 862 507 Amnestian
876 476 883 489 '
918 486 945 508 s.

249 527 468 558 ‘Oblivionis
493 526 623 567 legem'
657 526 722 568 (ita
759 527 874 558 Probo
911 528 943 558 in

249 577 367 608 Thras.
379 581 544 615 vocatam,
557 577 655 608 Floro
671 586 718 608 ιν.
733 580 764 608 6.
776 580 807 609 4.
829 578 838 594 ⁶
854 576 945 608 Abo-

248 626 435 666 litionem')
459 627 573 657 suasit.
606 626 696 658 Add.
715 627 808 658 Suet.
825 627 944 659 Claud.

250 687 280 708 c.
299 680 351 709 11.
374 687 426 718 pr.
448 678 537 709 Vell.
561 686 602 709 11.
632 680 686 708 58.
708 680 739 709 4.
776 679 865 709 Flor.
886 688 943 710 111.

248 726 305 758 fin.
335 728 475 768 Vopisc.
505 728 538 758 in
568 727 753 759 Aureliano
787 738 862 769 cap.
890 732 941 760 39.

250 778 348 809 Bern.

291 828 378 859 CAP.
392 829 473 869 xr.§
490 831 506 859 1
520 828 651 868 Darius]
663 828 764 861 Diod.
776 838 858 861 Χιιῐ.
869 832 942 860 108.

248 878 304 909 De
322 879 403 919 Cyri
426 877 668 919 (cognomento
691 878 851 919 Minoris)
872 879 943 909 ἄνα-

245 927 348 968 βάσει,
361 929 382 959 i.
395 938 424 960 e.
438 933 475 960 ut
487 929 628 960 Hieron.
641 929 798 969 loquitur,
807 939 943 969 ascensu,

246 979 334 1010 Xen.
359 978 463 1010 Diod.
492 987 568 1009 xrv.
597 981 650 1018 20,
674 981 739 1010 &c.
786 979 878 1010 Plut.
908 980 942 1010 in

244 1028 429 1060 Artaxerx.
465 1029 622 1068 Bongars.
689 1029 790 1061 Oros.
818 1039 860 1063 11.
888 1033 940 1062 18.

244 1078 344 1110 Bern.

286 1128 483 1168 Artaxerxe]
506 1128 573 1161 Qui
595 1132 676 1160 ante
692 1138 833 1169 regnum
856 1128 940 1160 ‘Ar-

243 1178 353 1219 sicas,'
369 1180 435 1219 vel,
453 1184 489 1210 ut
506 1180 597 1210 Ctes.
629 1180 639 1196 ‘
656 1178 828 1215 Arsaces,’
850 1179 940 1210 dice-

242 1229 362 1261 batur:
397 1234 474 1270 post
496 1230 505 1247 ‘
524 1229 706 1260 Mnemon’
735 1234 789 1261 est
816 1239 939 1269 cogno-

242 1280 400 1311 minatus.
417 1280 572 1319 Bongars.
595 1277 691 1310 Alius
705 1288 778 1320 sup.
792 1288 847 1311 111.
866 1283 894 1311 l.
906 1283 937 1312 4.

243 1330 343 1361 Bern.

284 1382 302 1421 §
315 1383 334 1411 2
347 1381 490 1420 Regnum
502 1381 691 1422 Artaxerxi]
707 1381 843 1421 Quippe
856 1384 939 1413 natu

241 1431 373 1471 majori,
397 1431 460 1461 etsi
485 1435 581 1471 patre
598 1430 706 1462 adhuc
724 1431 856 1471 privato
881 1441 938 1471 ge.-

241 1480 332 1512 nitus
359 1485 462 1511 esset.
507 1481 623 1512 Contr.
649 1481 783 1512 Xerxes
806 1491 879 1521 sup.
896 1491 937 1513 11.

243 1534 295 1561 10.
324 1533 355 1561 2.
407 1530 475 1562 Ubi
502 1530 615 1561 citatis
644 1531 835 1562 auctoribus
859 1531 936 1564 add.

242 1581 289 1611 H.
308 1580 466 1611 Grotium
490 1580 533 1611 de
555 1581 590 1613 J.
607 1581 647 1611 B.
663 1585 699 1611 et
718 1581 758 1611 P.
774 1590 814 1611 11.
838 1584 868 1613 7.
884 1584 936 1613 28.

241 1631 291 1661 Id.

284 1679 450 1719 Civitates]
485 1680 624 1721 Lydiam
640 1684 677 1712 et
692 1680 876 1712 maritimas
890 1682 936 1712 ci-

237 1730 372 1761 vitates.
408 1731 500 1762 Plut.
530 1731 579 1761 Id.

281 1782 298 1821 ξ
323 1784 341 1812 3
357 1780 530 1820 Judicium]
560 1781 606 1811 H.
623 1791 652 1812 e.
671 1784 933 1821 testamentnm3

237 1831 328 1873 quod
354 1836 389 1863 et
425 1831 434 1848 ‘
451 1841 643 1871 supremum
663 1832 849 1872 judicium'
885 1834 933 1864 di-

238 1883 330 1913 citur
359 1883 392 1912 in
416 1882 510 1912 libris
544 1882 651 1921 Juris,
680 1887 717 1913 ut
750 1883 850 1913 etiam
877 1893 931 1923 ap.

236 1934 331 1964 Suet.
347 1931 435 1969 Aug.
451 1935 504 1963 66.
520 1935 552 1963 8.
581 1933 590 1949 ‘
604 1931 798 1963 Amicorum
816 1943 933 1973 supre-

236 1993 289 2014 ma
313 1983 442 2023 judicia
464 1982 689 2014 morosissime
721 1983 931 2023 pensitavit.'

236 2035 346 2066 Causa
375 2038 439 2073 est,
465 2032 569 2073 quod,
595 2032 623 2063 si
652 2042 797 2073 unquam
820 2034 931 2073 homo,

235 2089 315 2116 tuuc
328 2088 434 2123 certe,
451 2083 584 2125 quando
600 2088 838 2115 testamentum
852 2094 930 2115 con-

233 2135 294 2175 dit,
307 2136 348 2166 ad
371 2134 527 2176 ‘judicii'
545 2135 673 2165 lancem
685 2135 797 2166 omnia
809 2136 928 2176 exigit.

232 2186 341 2218 Quam
359 2185 392 2216 in
408 2194 477 2215 rem
495 2184 654 2215 videatur
669 2185 823 2225 egregius
837 2186 928 2217 locus

231 2244 284 2274 ap.
307 2235 384 2266 Seu.
411 2243 462 2266 ιν.
491 2234 612 2266 Benef.
638 2238 689 2266 11.
717 2235 797 2266 item
823 2245 847 2266 1.
873 2235 928 2268 fin.

234 2287 416 2317 Berneccer.
450 2285 541 2317 Add.
565 2286 634 2317 Cic.
649 2295 735 2317 Χιιῐ.
758 2287 851 2318 Fam.
875 2290 927 2320 46.

231 2337 240 2353 ‘
258 2336 438 2366 Hominem
463 2336 606 2376 probum
632 2337 856 2374 existimares,
871 2338 929 2379 qui

229 2386 501 2427 patronijudicio
527 2391 666 2418 ornatus
683 2388 793 2419 esset!
830 2388 927 2419 Idem

230 2446 291 2476 pro
318 2437 425 2468 Domo
454 2440 504 2468 19.
539 2438 548 2454 ‘
564 2437 721 2478 Denique
745 2439 847 2470 etiam
870 2440 927 2471 ille

230 2486 382 2517 novicius
405 2487 520 2527 Ligur,
546 2496 621 2518 cum
646 2488 694 2518 M.
709 2488 851 2529 Papirii,
873 2490 925 2520 sui

228 2536 357 2576 fratris,
387 2541 478 2569 esset
503 2541 709 2569 testamento
739 2542 774 2569 et
795 2539 926 2579 judicio

229 2587 453 2627 improbatum
467 2591 609 2619 mortem
624 2588 695 2628 ejus
704 2597 739 2619 se
752 2589 839 2619 velle
851 2599 925 2630 per-

229 2638 320 2679 sequi
346 2638 452 2669 dixit!
497 2639 542 2669 Et
570 2638 751 2678 ‘suprema
771 2639 923 2680 judicia’

230 2688 318 2720 Plin.
348 2698 413 2720 vu.
451 2689 515 2729 Ep.
542 2691 594 2719 20.
626 2692 662 2719 et
691 2691 744 2719 31.
788 2689 924 2721 Gronov.

227 2738 401 2769 Vocabulo
423 2738 584 2778 ‘judicii'
605 2742 845 2770 testamentum
869 2740 926 2771 de-

228 2787 350 2827 signat,
366 2788 462 2828 cujus
479 2793 557 2819 ante
572 2788 699 2818 mentio
718 2787 822 2819 facta.
866 2789 922 2820 Sic

226 2842 261 2868 et
272 2838 406 2870 Valerio
419 2848 484 2869 vn.
497 2842 526 2870 7,
540 2842 569 2870 4.
593 2839 905 2880 ‘supremajudicia
915 2840 924 2852 ’

227 2888 307 2919 nihil
337 2889 427 2919 aliud
461 2893 550 2928 sunt,
580 2898 679 2930 quam
706 2893 921 2922 testamenta.

1607 325 1693 366 727

997 426 1074 458 Vid.
1092 431 1126 458 et
1142 428 1236 460 Suet.
1253 428 1340 468 Aug.
1358 432 1409 460 66.
1426 432 1456 460 8.
1485 429 1584 461 Vorst.

1039 481 1055 520 ξ
1071 482 1091 511 4
1114 481 1371 512 Dissimulatione
1385 482 1470 521 belli]
1517 482 1691 522 Explicari

996 534 1148 569 possunt,
1172 530 1261 570 quod
1279 531 1453 570 negaverit
1472 541 1491 562 a
1514 542 1549 562 se
1568 531 1692 562 bellum

994 579 1098 610 ullum
1114 589 1186 610 esse
1212 587 1374 620 paratum.
1420 581 1503 611 Mihi
1520 586 1631 612 tamen
1648 592 1691 614 ex

994 629 1102 670 glossa
1118 629 1292 669 irrepsisse
1306 630 1474 662 videntur.
1498 631 1604 669 Scltef.

1040 679 1242 719 Compedibus
1263 680 1378 720 aureis]
1414 681 1467 712 Ne
1492 691 1539 712 sc.
1556 681 1691 713 familiae

994 728 1094 768 regiae
1134 729 1236 760 honos
1263 740 1328 760 nou
1367 730 1559 763 haberetur.
1616 733 1692 764 Qua

993 787 1092 809 causa
1104 789 1237 820 quoque
1248 779 1388 810 Darium
1401 780 1499 811 Bessi
1513 785 1549 812 et
1561 781 1693 813 Nabar-

993 829 1080 858 zanis
1093 829 1341 869 conspiratione
1354 831 1569 870 prehensum,
1583 832 1692 862 aureis

992 878 1211 918 compedibus
1227 879 1422 919 catenisque
1445 880 1594 911 vinctum
1610 880 1691 911 fuis—

991 938 1027 959 se
1051 928 1170 959 scribit
1194 929 1287 960 Curt.
1303 938 1336 961 v.
1354 932 1405 960 12.
1423 932 1475 961 26.
1502 935 1538 962 et
1563 931 1692 962 Noster

992 986 1043 1008 XI.
1063 980 1112 1008 15.
1130 980 1158 1008 l.
1195 977 1272 1008 Vid.
1288 978 1462 1018 Chrysost.
1489 979 1690 1010 Orationem

991 1027 1052 1059 ult.
1092 1026 1283 1067 Appianum
1310 1031 1429 1069 p.2l4.
1463 1029 1639 1061 Gebhard.
1657 1030 1691 1061 in

991 1077 1114 1107 Catull.
1131 1086 1164 1116 p.
1183 1079 1255 1107 185.
1268 1086 1311 1107 m.
1345 1077 1441 1109 Bern.

1033 1127 1049 1167 ξ
1067 1131 1085 1157 5
1105 1126 1223 1167 Coepit:
1245 1127 1380 1168 auxilia]
1401 1127 1561 1169 Suspicor
1574 1128 1616 1160 ob
1633 1129 1689 1160 lit-

990 1179 1138 1207 terarum
1170 1176 1424 1209 similitudinem
1442 1178 1496 1210 hic
1519 1180 1688 1212 excidisse

989 1230 1031 1258 et.
1058 1227 1172 1260 Schef.

1033 1278 1165 1309 Auxilia
1178 1279 1310 1319 undique
1327 1280 1498 1320 contrahit]
1530 1281 1686 1314 Justinus

989 1338 1066 1360 meo
1088 1329 1222 1369 quidem
1239 1329 1384 1370 judicio,
1407 1331 1688 1371 quantulumcun-

989 1388 1054 1419 que
1071 1378 1105 1409 in
1126 1379 1175 1409 his
1200 1379 1299 1410 rebus
1317 1383 1381 1418 est,
1397 1379 1546 1420 scripsit,
1560 1381 1689 1412 auxiliis

988 1439 1020 1460 u.
1036 1430 1215 1460 contractis.
1262 1430 1328 1462 Qui
1346 1430 1524 1461 verborum
1541 1432 1687 1462 colloca-

988 1479 1113 1510 tionem
1130 1479 1292 1518 sentiunt‚
1315 1484 1351 1510 et
1368 1479 1424 1520 qui
1450 1481 1617 1511 rhetorice
1635 1491 1685 1512 sa-

988 1529 1097 1570 piunt,
1108 1540 1172 1561 non
1183 1530 1461 1562 adversabuntur.
1475 1531 1587 1562 Faber.
1607 1531 1683 1563 Hoc

986 1580 1083 1610 nimis
1111 1581 1211 1620 longe
1239 1580 1370 1611 recedit
1392 1591 1411 1611 a
1433 1582 1602 1622 scriptura
1629 1592 1685 1613 ve-

986 1630 1061 1661 teri.
1106 1631 1253 1671 Propior
1280 1635 1331 1662 est
1353 1632 1557 1673 emendatio,
1581 1642 1684 1674 quam

980 1681 1052 1721 jam
1067 1681 1213 1712 indicavi
1226 1682 1260 1712 in
1277 1682 1386 1714 Notis.
1409 1682 1512 1721 Schef.

1028 1732 1045 1771 §
1077 1735 1097 1762 6
1124 1733 1226 1763 Enixe
1250 1742 1282 1763 se
1299 1733 1363 1771 ejus
1387 1735 1492 1775 opera]
1525 1734 1562 1764 F.
1578 1734 1683 1765 enixa.

987 1781 1074 1814 Plin.
1092 1790 1142 1813 ix.
1168 1783 1212 1814 N.
1229 1783 1272 1814 H.
1288 1786 1321 1814 3.
1357 1784 1365 1800 ‘
1383 1784 1551 1815 Euixioris
1567 1794 1682 1825 operae

984 1833 1110 1864 conscii
1123 1833 1211 1865 sibi!
1240 1834 1340 1865 Gron.

1027 1885 1044 1924 ξ)
1068 1887 1087 1915 8
1112 1885 1189 1915 Fors
1217 1885 1334 1925 proelii]
1378 1885 1413 1915 ‘H
1443 1884 1540 1925 τύχη.
1578 1886 1681 1918 Diod.

984 1943 1060 1965 xlv.
1085 1937 1138 1965 24.
1164 1935 1318 1974 Bongars.
1357 1936 1409 1966 Ex
1436 1936 1680 1976 antiquioribus

983 1985 1059 2017 edd.
1074 1995 1141 2016 sors
1157 1985 1232 2025 lego
1247 1996 1255 2024 ;
1280 1995 1344 2016 non
1352 1985 1437 2025 fors,
1460 1990 1497 2016 ut
1513 1987 1680 2017 Bernecc.

982 2038 1017 2064 et
1043 2034 1110 2065 alii.
1143 2035 1244 2066 Vorst.
1288 2034 1386 2066 Junt.
1409 2045 1483 2065 cum
1513 2036 1680 2065 nonnullis

980 2084 1053 2115 aliis
1063 2094 1140 2124 sors,
1149 2085 1238 2125 quod
1250 2094 1426 2125 perperam
1436 2085 1558 2126 probat
1565 2086 1680 2117 Vorst.

981 2135 1063 2167 Fors
1076 2135 1178 2176 proelii
1193 2140 1257 2175 est,
1280 2134 1418 2167 fortuna
1434 2136 1554 2176 proelii.
1598 2137 1679 2167 Sen-

979 2195 1034 2216 sus
1051 2191 1123 2216 est:
1149 2186 1230 2216 Cum
1246 2185 1335 2217 forte
1348 2186 1381 2217 iu
1396 2187 1514 2227 proelio
1527 2187 1633 2218 frater
1644 2188 1678 2218 in

979 2233 1121 2266 fratrem
1157 2235 1346 2268 incidisset.
1398 2237 1469 2269 Liv.
1505 2246 1608 2268 xxxr.
1644 2240 1676 2268 4.

977 2284 986 2301 ‘
1004 2286 1126 2316 Castra
1153 2296 1218 2327 quo
1243 2285 1312 2317 fors
1338 2287 1474 2318 tulisset
1496 2288 1583 2328 loco,
1606 2288 1678 2319 siue

979 2337 1048 2367 ullo
1077 2337 1270 2369 discrimine
1298 2342 1357 2369 aut
1386 2347 1469 2369 cura
1493 2339 1678 2376 muniendi,

978 2387 1113 2427 posita!
1138 2388 1234 2419 Curt.
1260 2397 1311 2419 1v.
1334 2391 1385 2420 15.
1418 2388 1427 2405 ‘
1445 2389 1550 2420 Plura
1576 2389 1674 2420 simul

976 2437 1122 2478 abrupta
1136 2448 1155 2468 a
1170 2438 1294 2469 ceteris
1315 2439 1458 2479 agmina,
1480 2439 1675 2481 ubicunque

977 2488 1076 2519 alium
1088 2488 1144 2519 alii
1157 2487 1224 2519 fors
1236 2489 1430 2530 miscuerat,
1445 2489 1677 2522 dimicabant.’

976 2539 1065 2570 Sorti
1078 2539 1132 2570 hic
1148 2540 1257 2570 nullus
1273 2539 1365 2570 locus
1381 2544 1443 2571 est.
1469 2541 1577 2571 Groev.

1023 2591 1193 2629 Utrumque
1209 2589 1362 2628 fratrem]
1387 2590 1534 2630 Propter
1554 2590 1674 2621 obscu-

976 2640 1111 2671 ritatem
1127 2639 1421 2679 uarrationis,quae
1434 2638 1522 2670 inest
1535 2640 1673 2670 lectioni

975 2691 1063 2729 vulg.
1090 2689 1255 2728 adducor,
1280 2692 1317 2719 ut
1345 2689 1535 2719 existimem
1565 2690 1671 2731 scrip-

974 2739 1056 2771 sisse
1075 2739 1234 2769 Nostrum
1250 2738 1392 2777 utrinque
1398 2737 1447 2776 fr.
1469 2737 1584 2769 Schef.

1016 2789 1032 2829 ξ
1054 2791 1075 2819 9
1096 2788 1124 2819 Λ
1142 2787 1262 2818 cohorte
1274 2787 1378 2827 regia]
1402 2788 1411 2804 ‘
1429 2787 1573 2818 Collors'
1598 2788 1631 2820 h.
1646 2789 1670 2821 l.

973 2849 1038 2870 uon
1055 2838 1178 2869 milites
1195 2841 1302 2877 notat,
1325 2837 1384 2867 sed
1411 2837 1564 2878 comites,
1585 2840 1670 2879 regi-

973 2899 1036 2930 que
1054 2888 1236 2930 proximos,
1256 2887 1312 2929 qui
1334 2896 1448 2928 regem
1467 2888 1668 2920 comitaban-
