2174 3424
12 2993 29 3419 -„-.„,-,-„„,„2,..⁶„-1-—————›

557 363 754 394 JUSTlNl
790 364 883 394 Llss.

176 455 363 495 tissimum,'
385 460 444 488 aut
467 456 477 473 ‘
492 457 786 497 potentissimum‚'
811 456 868 487 sed

178 507 188 524 ⁴
207 506 452 547 dignissimum'
474 507 663 547 scripserit,
678 507 720 538 ad
736 506 870 538 fortitu-

178 557 292 588 dinem
328 562 439 588 tamen
467 561 502 587 et
539 557 738 597 potentiam,
770 566 871 598 quam

178 606 373 638 Alexander
396 607 608 647 designatum
631 607 743 645 iverit,
763 611 798 637 et
823 606 871 646 ip-

177 666 250 687 sum
262 657 463 696 respexisse.
486 655 609 687 Subdit
620 656 707 686 enini
723 667 731 686 ε
748 656 757 673 ‘
772 656 872 686 Pror-

178 716 233 738 sus
249 707 343 747 quasi
357 705 449 737 nefas
473 710 564 737 esset
587 706 658 737 viro
674 705 754 737 forti
772 707 873 737 alium

180 766 280 798 quam
296 757 402 787 virum
418 755 542 787 fortem
558 756 766 787 succedere!
798 757 871 788 Vor.

221 806 239 845 ᾗ
257 810 278 837 9
294 806 460 846 Roxanen]
483 807 602 837 Filiam
619 807 800 838 Cohortani
816 807 873 837 Sa-

179 858 299 896 trapae.
329 857 424 887 Curt.
447 865 530 887 vm.
556 858 588 888 4.
619 859 671 887 31.
717 856 783 887 Sed
813 856 874 887 Ar-

180 905 275 937 riano
308 897 375 937 ιὲιι.
414 906 576 946 Oxyartis
605 906 749 945 Bactrii,
778 916 875 946 quem

182 955 283 987 Diod.
300 965 407 987 xvm.
420 959 452 986 3.
469 965 583 996 regem
596 957 759 996 appellat.
787 956 876 988 Quin

181 1007 254 1047 ipse
271 1007 365 1038 Curt.
381 1006 473 1045 alibi,
488 1015 536 1037 sc.
552 1015 588 1036 x.
605 1009 636 1037 3.
653 1009 705 1037 13.
738 1006 878 1037 Oxatris

182 1056 297 1087 Persae
312 1056 415 1087 filiam
430 1066 503 1087 eam
520 1057 682 1097 appellat.
706 1057 807 1087 Bern.

226 1109 244 1148 ᾧ
261 1110 298 1138 11
317 1108 438 1139 illalum
452 1107 629 1147 discordiae]
653 1108 796 1138 Pomum
808 1107 880 1139 Eri-

185 1157 248 1188 dis.
272 1158 369 1188 Idem.
419 1156 588 1189 Alluditur
604 1158 646 1189 ad
661 1157 811 1189 fabulam
826 1159 882 1188 τοῦ

186 1206 285 1248 μήλου
315 1209 372 1244 τῆς
402 1207 531 1248 Ἔριδος,
561 1208 635 1239 mali
668 1219 687 1239 a
713 1209 883 1239 Discordia

187 1258 285 1290 missi.
332 1259 378 1289 Et
399 1257 562 1288 ‘malum’
584 1258 638 1289 hic
661 1262 712 1289 est
736 1268 797 1298 per
814 1267 882 1289 me-

188 1307 280 1348 taph.
314 1306 362 1338 At
383 1316 459 1338 xw.
477 1310 507 1338 3.
522 1310 551 1338 1.
584 1308 593 1324 ‘
611 1307 792 1338 discordiae
814 1317 884 1338 ma-

188 1357 276 1388 lum'
306 1357 440 1397 dicitur,
464 1363 500 1389 ut
526 1359 535 1375 ‘
552 1358 720 1399 pervigilii
743 1357 882 1388 malum'

191 1416 294 1438 ΧΧιν.
310 1410 340 1438 8.
368 1408 442 1438 Vor.

234 1457 288 1487 Ita
313 1456 427 1496 omues]
466 1457 535 1488 Pro
558 1457 605 1488 ita
632 1457 814 1498 aliquando
836 1456 886 1488 ira

190 1507 326 1547 legend.
339 1507 539 1538 arbitrabar.
581 1507 746 1539 Judicent
761 1508 830 1545 alii,
845 1516 887 1538 an

194 1561 298 1588 recte.
342 1556 464 1587 Paullo
499 1561 590 1597 post,
626 1566 687 1597 pro
722 1557 888 1589 ambitione

192 1607 290 1646 vulgi,
305 1606 394 1647 quod
417 1607 487 1637 sine
511 1606 612 1637 dubio
633 1611 691 1638 aut
709 1607 889 1647 transposi-

194 1661 264 1688 tum
283 1662 341 1688 aut
364 1661 575 1697 corruptum,
598 1657 664 1688 vid.
688 1666 731 1687 an
753 1667 821 1688 non
844 1658 889 1688 le-

195 1706 298 1747 gend.
311 1717 340 1738 a.
356 1707 456 1738 multi.
479 1707 587 1738 Boxh.

240 1757 285 1787 Et
308 1757 472 1787 ambitione
497 1757 582 1795 tulgi
603 1757 733 1787 tacitum
749 1757 892 1795 fat-orem

195 1807 329 1838 militum
351 1807 506 1847 quaerunt]
543 1806 653 1837 Sebis.
675 1806 744 1837 ita:
767 1811 797 1837 et
812 1807 891 1838 amb.

193 1858 292 1888 tacita
303 1858 363 1888 vul.
375 1858 439 1887 mil.
447 1857 516 1894 sav.
528 1867 558 1896 q.
572 1857 775 1887 Berneccer.
800 1857 892 1888 Quid

196 1906 222 1936 si
238 1901 403 1946 legamus,
417 1906 499 1937 amb.
518 1907 578 1937 vul.
597 1907 662 1938 mil.
678 1907 808 1937 tacitum.
820 1907 892 1943 sav.

197 1954 363 1996 quaerunt?
387 1965 465 1986 sane
481 1956 490 1973 ‘
510 1955 643 1996 vulgus’
666 1961 703 1987 et
725 1960 734 1974 ⁸
750 1956 891 1987 milites'

195 2007 250 2037 hic
265 2007 320 2037 uni
337 2006 518 2047 iidemque.
557 2007 602 2037 Et
624 2015 707 2038 xm.
726 2010 755 2038 l.
772 2009 802 2038 8.
826 2006 893 2038 duo

196 2057 264 2088 ista
279 2057 543 2098 conjunguntur,
565 2058 771 2099 legiturque,
786 2060 795 2076 ‘
811 2059 895 2089 Vul-

196 2116 256 2146 gus
292 2107 434 2137 militum
469 2107 641 2138 thesauros
669 2107 894 2148 spectabant!

203 2156 305 2187 Vorst.
332 2156 531 2197 Emendant,
544 2158 623 2189 amb.
640 2160 737 2190 tacita
753 2160 813 2190 vul.
829 2159 894 2189 mil.

190 2205 259 2243 sav.
277 2206 329 2236 vel
344 2206 423 2237 amb.
440 2208 501 2238 vul.
517 2208 583 2238 mil.
601 2208 728 2239 tacitum
737 2208 809 2246 sav.
853 2209 895 2239 In

199 2255 267 2286 Ms.
282 2255 423 2296 quodam
439 2266 500 2297 pro
520 2258 649 2288 tacitum
671 2258 798 2298 legitur
814 2259 896 2290 tanti

198 2314 276 2336 cum.
320 2305 420 2336 Unde
457 2306 638 2338 videbatur
667 2308 834 2340 scribend.
865 2312 896 2339 et

200 2354 281 2386 amb.
310 2355 433 2394 vulgari
461 2357 543 2387 tanti
573 2360 639 2388 tum
670 2357 742 2395 fav.
772 2358 839 2389 mil.
867 2369 896 2398 q.

202 2404 318 2436 Possis
332 2416 463 2448 quoque
477 2408 626 2438 retinere
639 2409 739 2448 vulgi,
751 2412 786 2439 et
800 2409 897 2440 ambi-

201 2454 314 2486 tionem
327 2457 413 2496 vulgi
427 2458 597 2498 explicare
613 2468 697 2498 eam,
720 2459 828 2500 qualis
844 2463 898 2490 est

202 2502 238 2535 in
274 2506 386 2546 vulgo,
421 2507 555 2548 qualem
593 2509 710 2548 vulgus
747 2508 898 2540 adhibet.

203 2553 303 2585 Hanc
325 2556 543 2588 ambitionem
569 2561 727 2599 tanquam
753 2568 823 2589 rem
850 2559 899 2589 in-

205 2603 476 2638 decentissimam
501 2612 597 2640 notat
626 2609 660 2640 in
689 2611 798 2648 ίαηέἱε,
826 2610 848 2640 i.
866 2619 897 2641 e.

204 2657 310 2686 tantae
323 2656 498 2696 dignitatis
513 2658 604 2691 viris.
632 2659 821 2697 Sententia,
837 2660 899 2690 nisi

206 2702 317 2743 fallor,
329 2706 486 2746 eleganti.
509 2708 614 2746 Schef.
652 2710 730 2740 Non
746 2710 898 2750 capiunt,

208 2753 288 2792 quid
313 2755 357 2785 sit
377 2757 503 2788 ambitio
526 2759 622 2798 vulgi.
667 2759 707 2790 Iu
729 2759 812 2790 libro
828 2770 899 2801 seq.

207 2810 283 2842 cap.
298 2806 329 2834 3.
354 2811 492 2837 vocatur
507 2811 517 2825 ‘
535 2809 683 2841 adulatio
700 2809 816 2850 vulgi,’
833 2821 900 2851 qua

208 2860 255 2882 sc.
270 2855 358 2894 vulgi
372 2855 519 2888 favorem
536 2869 562 2890 s.
576 2860 772 2900 popularem
786 2870 900 2891 auram

208 2907 347 2943 captant
377 2914 546 2948 proceres,
581 2910 639 2949 qui
676 2915 835 2951 prensant
865 2915 900 2941 et

292 2956 405 2997 Delplt.
419 2962 446 2989 εἰ
465 2959 536 2991 Vur.
551 2962 636 2993 Clas.

918 363 1010 393 xii.
1039 364 1144 394 CAr.
1177 356 1242 395 15.
1535 355 1619 396 833

920 456 1071 487 ambiunt
1087 458 1288 498 dignitates:
1308 459 1403 500 cujus
1416 463 1450 490 et
1466 460 1620 492 meminit

919 515 944 536 1.
968 509 997 536 1.
1021 516 1097 537 cum
1121 508 1168 538 ait
1192 507 1432 549 antiquissimis
1460 510 1621 549 tempori-

920 556 983 587 bus
999 555 1105 587 bonos
1123 557 1164 587 ad
1190 559 1317 597 regiam
1334 558 1535 598 dignitatem
1552 569 1620 591 non

921 605 1073 636 evexisse
1091 607 1285 646 popularem
1307 608 1539 649 ambitionem,
1561 610 1621 640 sed

922 660 1112 695 spectatam
1133 656 1407 688 moderationem.
1452 659 1544 690 Quid
1565 669 1622 689 au-

924 710 991 736 tem
1008 705 1062 736 hic
1076 706 1119 736 sit
1135 707 1250 737 tacitus
1258 706 1366 747 favor,
1381 717 1446 738 non
1463 708 1624 748 intelligo.

923 756 961 786 F.
978 755 1113 796 scripsit
1128 756 1219 787 Just.
1235 757 1339 788 tacite.
1386 757 1625 789 Adulabantur

927 805 1024 844 vulgo
1054 805 1237 846 principes,
1263 816 1326 837 nec
1354 810 1467 838 tamen
1491 818 1560 848 prae
1588 818 1625 839 se

925 853 1084 886 ferebant
1111 856 1236 894 verbis,
1263 857 1389 897 regiam
1420 857 1626 898 dignitatem

926 914 966 935 ae
983 905 1230 936 successionem
1249 916 1283 937 se
1300 906 1440 946 ambire,
1456 907 1516 938 sed
1532 908 1626 939 blan-

927 954 978 984 dis
995 954 1106 985 verbis
1122 965 1160 986 ac
1175 956 1271 987 donis
1288 966 1419 998 quoque
1437 957 1558 997 tacite,
1574 959 1630 988 vel

928 1005 1037 1043 taciti,
1064 1003 1214 1036 favorem
1247 1006 1391 1037 militum
1415 1008 1630 1048 quaerebant,

929 1056 986 1096 qui
1008 1055 1267 1088 desiderabatur
1290 1057 1333 1088 ad
1358 1057 1392 1088 id
1419 1067 1631 1098 consequeu-

930 1106 1021 1145 dum,
1033 1106 1122 1146 quod
1138 1112 1254 1146 postea
1266 1108 1376 1148 palam
1390 1113 1505 1139 essent
1519 1114 1630 1139 osten-

930 1155 1009 1186 suri.
1055 1155 1107 1187 ld.
1125 1161 1186 1196 est,
1202 1167 1241 1188 ac
1265 1158 1292 1188 si
1315 1158 1507 1198 scripsisset
1522 1159 1630 1190 Justi-

931 1214 1014 1235 nus:
1039 1205 1142 1236 Omni
1168 1206 1280 1237 studio
1307 1207 1463 1238 nituntur
1487 1208 1631 1239 militum

932 1255 1081 1287 favorem
1106 1256 1170 1287 sibi
1194 1267 1394 1298 comparare
1419 1259 1505 1290 clam
1529 1264 1564 1290 et
1583 1264 1633 1290 ta-

933 1306 1014 1346 cite,
1031 1307 1062 1337 h.
1079 1316 1109 1338 e.
1126 1307 1197 1338 sine
1213 1307 1423 1348 professione
1437 1309 1524 1340 illius
1538 1319 1633 1341 caus·

934 1365 994 1394 sae,
1010 1366 1070 1387 cur
1087 1361 1265 1396 tantopere
1282 1358 1414 1389 illorum
1428 1359 1555 1390 animos
1569 1359 1634 1390 sibi

936 1405 1040 1436 velint
1056 1406 1240 1437 conciliari.
1269 1407 1378 1439 Graev.

977 1457 995 1496 ξ
1020 1459 1059 1488 12
1082 1457 1233 1497 Anulum]
1277 1458 1385 1491 Quem
1417 1469 1483 1490 una
1514 1461 1634 1492 traditi

936 1507 1070 1547 imperii
1088 1508 1140 1538 vel
1157 1508 1290 1539 heredis
1304 1509 1453 1541 instituti
1471 1516 1636 1542 tesseram

938 1567 1024 1596 esse,
1048 1567 1114 1588 uon
1142 1562 1256 1589 tamen
1284 1559 1380 1590 nimis
1406 1566 1548 1599 certam,
1573 1562 1636 1592 hoc

937 1608 1009 1648 ipso
1026 1612 1060 1639 et
1076 1608 1150 1639 aliis
1174 1609 1339 1649 exemplis
1364 1610 1541 1641 confirmat
1563 1620 1638 1641 eru-

939 1658 1049 1689 ditiss.
1084 1659 1306 1690 Kirchmann.
1333 1660 1367 1691 in
1395 1661 1451 1691 De
1478 1661 1639 1701 Annalis,

939 1711 992 1739 22.
1015 1709 1115 1739 Ber-n.

983 1759 1000 1798 ς
1025 1761 1063 1788 13
1096 1759 1315 1800 Nuncupatus]
1361 1760 1640 1801 Nuncupativum

940 1811 1179 1838 testamentum
1197 1809 1276 1849 quid
1291 1810 1533 1850 sit,explicant
1547 1811 1641 1843 JCti.

942 1858 991 1888 Eo
1009 1858 1205 1898 utebantur,
1228 1869 1304 1889 cum
1328 1864 1473 1900 urgente
1498 1861 1529 1891 vi
1550 1862 1641 1892 vale-

942 1906 1068 1937 tudinis
1092 1916 1158 1938 nou
1183 1907 1379 1939 sufficerent
1401 1909 1442 1940 ad
1464 1909 1642 1950 obsignan-

943 1955 1002 1986 das
1019 1958 1213 1987 testamenti
1231 1958 1375 1990 tabulas.
1401 1959 1496 1990 Suet.
1512 1961 1545 1990 in
1561 1961 1644 1991 Vita

943 2006 1092 2042 Horatii,
1105 2007 1137 2036 in
1151 2017 1217 2047 qua
1230 2017 1350 2038 nomen
1365 2008 1520 2039 Consulis
1533 2019 1645 2040 emen-

943 2056 1043 2088 dand.
1059 2062 1126 2097 est,
1149 2062 1188 2088 ut
1212 2067 1271 2097 pro
1296 2059 1333 2090 C.
1350 2059 1457 2090 Mario
1475 2060 1644 2091 Censorino

944 2107 1094 2148 legamus
1112 2109 1150 2139 C.
1167 2108 1290 2139 Marcio
1308 2110 1485 2150 Censorino,
1500 2120 1544 2141 ex
1565 2110 1645 2142 Cas-

943 2159 1027 2190 siod.
1046 2164 1081 2190 et
1096 2160 1220 2191 Dione.
1244 2160 1351 2199 Bong.

987 2208 1131 2248 Judz'cio]
1173 2209 1251 2240 Vid.
1282 2210 1366 2240 Not.
1394 2210 1435 2240 ad
1467 2220 1500 2242 v.
1530 2213 1580 2242 11.
1612 2214 1643 2241 3.

945 2258 1053 2290 Sebis.
1070 2259 1185 2289 indicio
1201 2260 1329 2299 mallet,
1349 2260 1441 2301 quod
1463 2260 1498 2292 id
1525 2261 1533 2278 ‘
1552 2260 1646 2292 voci'

945 2313 1148 2349 opponatur.
1171 2310 1356 2342 Berneccer.
1400 2311 1486 2341 Mihi
1512 2321 1572 2351 pro
1588 2311 1646 2349 ju-

945 2359 1039 2398 dicio,
1054 2359 1181 2399 indicio,
1205 2361 1295 2401 quod
1317 2362 1466 2393 malebat
1485 2363 1592 2393 Sebis.
1610 2367 1647 2394 et

947 2410 1110 2441 exhibent
1137 2411 1293 2451 impressi
1323 2413 1472 2454 quidam,
1511 2414 1647 2454 legend.

948 2465 1044 2492 certo
1057 2461 1203 2492 videtur.
1226 2461 1331 2500 Schef.
1375 2463 1496 2494 Sebisii
1513 2464 1647 2503 conjec-

948 2516 1057 2541 turam
1079 2511 1134 2542 hic
1160 2511 1296 2542 minime
1327 2522 1464 2552 possum
1494 2514 1645 2545 laudare.

949 2560 1039 2591 Nam
1055 2560 1208 2597 judicium
1221 2561 1276 2592 hic
1293 2567 1358 2601 est,
1383 2566 1570 2594 extremum
1591 2564 1648 2603 ju-

948 2610 1083 2649 dicium,
1099 2616 1251 2642 extrema
1266 2612 1434 2644 voluntas.
1469 2613 1648 2644 Sententia

948 2661 1021 2692 haec
1044 2665 1116 2692 est:
1140 2662 1213 2692 Etsi
1235 2671 1320 2692 voce
1346 2672 1412 2692 non
1436 2667 1527 2693 esset
1551 2664 1649 2694 heres

949 2712 1150 2751 declaratus,
1165 2712 1346 2743 videbatur
1361 2717 1473 2744 tamen
1486 2714 1558 2745 liaec
1574 2724 1648 2745 esse

949 2762 1103 2792 voluntas
1119 2769 1273 2792 extrema
1298 2762 1495 2803 Alexandri,
1511 2764 1650 2795 Perdic-

950 2820 1126 2842 camsuum
1135 2812 1259 2843 debere
1269 2812 1428 2843 heredem
1440 2815 1582 2853 esse‚cui
1592 2825 1649 2845 au-

950 2862 1065 2892 nulum
1082 2862 1211 2902 regium
1228 2862 1428 2894 tradiderat.
1440 2863 1496 2894 Sic
1509 2874 1538 2895 v.
1551 2867 1602 2896 11.
1615 2867 1647 2896 3.

950 2911 958 2927 ‘
976 2911 1241 2952 Cyrojudicium
1259 2912 1363 2953 patris
1377 2912 1498 2954 injuria
1513 2913 1648 2946 videba-

867 2963 987 2996 Justin.
1488 2969 1506 2997 3
1532 2967 1562 2997 G
