2174 3424
528 326 613 368 ‘784

527 434 625 462 tenus
641 431 730 472 quod
745 432 849 464 sciam
861 431 1122 473 reprehensum?
1139 433 1224 466 Quis

525 489 591 510 non
607 481 726 512 credat
742 482 844 523 duplo
856 483 1020 523 majorem
1035 483 1223 514 exercitum

528 529 649 561 ducum
668 531 764 562 Darii
780 531 896 571 fuisse,
919 542 1019 573 quam
1045 533 1148 573 ipsius
1173 542 1224 564 re-

527 580 591 620 gis,
607 582 741 621 quando
763 583 804 613 ad
828 582 1008 614 Amanicas
1027 584 1126 625 Pylas
1142 594 1223 625 pug-

527 635 666 661 naturus
681 641 757 663 cum
773 632 970 664 Alexandro
989 634 1147 670 venisset,
1165 634 1222 665 ubi

527 690 548 711 a
572 680 664 712 Just.
690 684 764 714 300.
786 683 837 713 M.
854 683 1006 723 peditum
1023 684 1221 715 narrantur?

527 730 597 762 Hic
625 741 718 771 vero,
746 732 774 763 si
800 732 878 763 Diis
903 733 1030 772 placet,
1060 736 1134 765 600.
1170 735 1220 765 Μ.

526 779 630 822 Atqui
649 781 816 822 quomodo
839 782 926 813 hunc
953 783 974 814 l.
996 784 1222 823 emendemus,

526 839 594 861 non
623 836 676 862 est
701 837 844 872 certum,
873 842 950 864 cum
978 843 1042 864 nec
1071 834 1161 864 aliud
1188 834 1222 864 iu

526 882 776 921 exemplaribus
793 882 936 924 legatur,
951 887 986 914 et
1001 893 1055 923 ap.
1071 884 1141 924 huj.
1158 884 1222 915 his-

525 931 623 962 toriae
638 932 821 972 scriptores
843 937 911 964 tam
935 925 1046 965 {rarius
1060 935 1224 975 prodatur

525 991 698 1022 numerus,
731 987 768 1013 ut
797 984 908 1023 pudor
942 984 985 1014 sit
1017 984 1220 1024 legentibus.

524 1031 629 1063 Diod.
645 1032 872 1064 verisimiliter
892 1036 964 1065 100.
987 1034 1036 1064 Μ.
1058 1034 1224 1075 peditum,

525 1083 576 1112 10.
603 1082 652 1113 Μ.
672 1083 836 1123 equitum,
859 1083 1016 1114 babuisse
1043 1084 1220 1115 Persarum

523 1130 626 1162 duces
640 1132 770 1163 scribit.
796 1132 972 1174 Arrianus,
986 1143 1061 1164 cum
1080 1133 1222 1164 Alexan-

522 1180 575 1211 dri
596 1182 718 1212 milites
734 1192 800 1213 non
813 1184 918 1214 multo
933 1184 1107 1223 pauciores
1121 1194 1220 1225 quam

521 1230 613 1262 Just.
631 1232 834 1272 scripsisset,
860 1233 1005 1264 hostium
1028 1234 1220 1273 peditatum

522 1282 686 1312 minorem
703 1281 805 1313 fuisse
823 1283 1048 1314 Macedonum
1066 1284 1220 1324 peditatu

521 1329 642 1371 inquit.
666 1331 774 1361 Fuere
791 1337 902 1363 autem
919 1333 1146 1364 Macedonum
1164 1344 1220 1374 pe-

525 1379 632 1410 ditum
646 1382 698 1411 32.
711 1381 760 1410 Μ.
772 1385 809 1411 ut
821 1381 911 1412 Just.
926 1383 1024 1421 paulo
1035 1386 1110 1413 ante
1122 1383 1220 1415 dixit.

524 1430 689 1463 Quaenam
704 1431 809 1472 igitur
821 1432 885 1463 erit
899 1433 968 1473 huj.
986 1433 1005 1464 l.
1017 1433 1219 1465 emendandi

521 1481 625 1512 ratio?
638 1482 751 1521 Ego‚si
762 1482 960 1523 conjectura
971 1483 1051 1513 satis
1063 1483 1118 1521 sit,
1128 1484 1218 1516 Just.

521 1530 667 1562 arbitror
683 1532 856 1572 scripsisse
872 1533 911 1563 In
925 1534 991 1564 acie
1007 1534 1173 1564 Persarum
1189 1544 1219 1566 c.

519 1581 618 1612 millia
626 1581 731 1619 suere.
764 1583 861 1614 Sicut
874 1587 909 1614 et
925 1583 1108 1615 Diodorus.
1136 1585 1219 1615 Lec-

520 1635 573 1661 tor
599 1631 688 1672 quod
717 1633 883 1673 placuerit
911 1639 1083 1674 sequatur.
1134 1635 1219 1665 Mox

520 1691 625 1712 novem
637 1683 756 1722 pedites
771 1684 808 1713 de
821 1683 996 1714 Alexandri
1012 1684 1151 1715 exercitu
1172 1696 1219 1716 ce-

519 1732 629 1763 cidisse
643 1733 815 1773 leguntur,
830 1733 886 1764 ubi
903 1734 1036 1774 quidam
1052 1734 1152 1766 codd.
1165 1745 1217 1766 no-

518 1782 662 1822 ningenti
691 1783 830 1815 habent.
876 1784 966 1816 Quid
993 1785 1018 1815 si
1047 1786 1217 1824 nonaginta

520 1833 695 1873 legamus?
728 1834 811 1865 Cum
837 1834 1002 1865 Arrianus
1025 1835 1133 1875 primo
1158 1835 1218 1866 im-

519 1888 602 1923 petu
623 1887 676 1916 25.
699 1885 821 1915 deinde
844 1888 896 1916 30.
923 1885 1087 1916 cecidisse
1110 1886 1217 1918 dicat.

519 1935 645 1965 Verum
670 1936 757 1965 euim
788 1945 868 1966 vero
891 1936 919 1966 si
950 1945 1088 1976 pergam
1104 1940 1216 1966 osten-

517 1982 612 2022 dere,
629 1985 762 2025 quoties
778 1985 810 2015 in
828 1985 949 2016 talibus
973 1985 1104 2016 varient
1127 1986 1216 2017 iuter

517 2042 554 2063 se
579 2040 748 2073 auctores,
772 2044 824 2065 res
847 2045 1016 2076 nunquam
1039 2034 1141 2066 finem
1164 2046 1214 2067 re-

517 2083 638 2123 periet.
686 2085 797 2115 Multa
813 2085 864 2115 hic
878 2085 973 2116 nobis
995 2086 1215 2118 transilienda

517 2143 557 2165 ac
573 2134 826 2167 dissimulanda.
852 2136 943 2167 Glar.

561 2186 600 2215 In
625 2186 691 2216 acie
717 2186 902 2226 Persarum]
926 2186 1029 2218 Diod.
1046 2195 1136 2218 xvrt.
1161 2190 1213 2218 19.

515 2234 667 2274 peditum
685 2238 757 2267 100.
771 2236 820 2266 Μ.
838 2236 990 2277 equitum
1009 2240 1059 2268 10.
1077 2238 1133 2278 qui
1148 2238 1211 2269 hoc

515 2284 636 2324 proelio
666 2285 847 2316 Persarum
883 2286 1034 2326 peditum
1072 2290 1124 2318 10.
1162 2289 1211 2319 Μ.

515 2332 667 2373 equitum
690 2337 720 2364 2.
744 2335 792 2366 M.
815 2336 977 2366 cecidisse
1000 2342 1118 2368 auctor
1139 2343 1210 2371 est:

515 2382 609 2413 Plut.
626 2393 654 2414 c.
670 2386 723 2415 26.
740 2385 889 2424 peditum
911 2388 964 2417 20.
982 2387 1031 2416 Μ.
1056 2387 1210 2426 Bongars.

513 2433 522 2449 ‘
538 2433 606 2464 Sed
623 2434 697 2475 quis
709 2435 814 2465 autin
831 2436 986 2475 victoria,
1002 2441 1060 2467 aut
1076 2437 1108 2467 in
1121 2437 1213 2478 fuga,

515 2483 630 2523 copias
657 2485 845 2516 numerat?
881 2486 977 2517 Curt.
1004 2495 1062 2517 ιιι.
1084 2490 1134 2518 11.
1157 2490 1210 2520 30.

514 2533 646 2565 Bernec.
671 2536 723 2566 Ci.
736 2536 913 2567 Blancard.
930 2537 962 2567 in
980 2537 1080 2568 Notis
1093 2537 1134 2568 ad
1149 2537 1211 2569 Ar-

514 2583 600 2614 riani
613 2584 669 2616 lib.
680 2586 885 2617 ¹.cxistimat
896 2586 928 2617 in
940 2587 1057 2627 grandi
1069 2588 1126 2619 illo
1136 2591 1209 2621 600.

514 2633 563 2664 M.
589 2644 727 2665 numero
753 2637 913 2675 grandem
945 2646 1092 2668 errorem
1120 2648 1209 2669 com-

511 2683 660 2724 missum,
668 2689 703 2716 et
714 2686 882 2717 scribend.
890 2697 962 2718 esse
972 2688 1136 2727 sexaginta
1143 2689 1211 2720 mil-

510 2733 565 2763 lia.
604 2733 692 2764 Nam
705 2735 777 2766 siin
792 2737 898 2776 primo
911 2738 1109 2777 certamine,
1120 2739 1208 2780 quod

513 2782 655 2814 absente
679 2785 783 2815 Dario
800 2796 875 2817 cum
891 2787 963 2827 ejus
977 2787 1116 2819 ducibus
1131 2788 1208 2827 fuit,

513 2835 586 2863 600.
619 2834 668 2864 Μ.
705 2835 862 2875 fuissent,
892 2837 1015 2868 nullam
1051 2837 1206 2870 idoneam

513 2880 622 2914 afferri
640 2884 816 2924 rationem,
832 2896 892 2917 cur
918 2888 1037 2918 Darius
1062 2888 1094 2919 in
1122 2899 1206 2929 pra:-

985 338 1123 368 NOTAE
1157 338 1418 371 VARIORUM
1452 341 1503 371 IN

1274 433 1354 465 lium
1369 434 1509 466 Issicum
1526 444 1600 466 cum
1613 438 1685 466 400.
1698 435 1748 466 Μ.
1766 434 1919 476 peditum
1932 446 1971 468 ac

1274 487 1347 515 100.
1364 486 1414 515 Μ.
1430 485 1581 526 equitum
1598 486 1815 526 processerit,
1838 491 1876 517 ut
1898 487 1971 527 ipse

1272 534 1361 566 Just.
1371 535 1441 575 huj.
1454 535 1559 575 ejusd.
1573 536 1631 567 lib.
1647 546 1722 576 cap.
1734 539 1766 567 9.
1778 537 1971 577 scripserit3

1273 588 1309 614 et
1329 584 1463 623 ingenio
1486 585 1581 616 Darii
1603 586 1835 627 institutisque
1859 587 1971 627 gentis

1272 632 1305 662 id
1328 632 1502 673 reflagari.
1548 634 1684 665 Deinde
1712 644 1785 666 esse
1809 639 1845 665 et
1869 635 1968 666 aliam

1272 691 1421 722 causam,
1438 692 1498 713 cur
1518 692 1584 713 non
1607 684 1673 722 legi
1697 684 1751 714 hic
1775 684 1880 724 possit
1902 695 1972 715 sex-

1272 734 1375 762 centa:
1399 732 1478 772 quia
1493 732 1649 763 nimirum
1666 732 1798 765 Auctor
1813 734 1871 766 inf.
1893 744 1970 765 cum

1271 780 1412 812 Darium
1439 785 1512 812 500.
1540 782 1589 813 Μ.
1617 783 1651 812 in
1679 783 1784 814 aciem
1813 784 1971 815 eduxisse

1273 831 1402 869 scribit,
1421 831 1534 869 addat,
1556 833 1724 864 ‘movisse
1747 833 1832 865 hanc
1857 834 1972 865 multi-

1273 881 1425 912 tudinem
1441 882 1588 913 hostium
1611 887 1769 923 respectu
1787 884 1969 923 paucitatis

1273 940 1340 962 suae
1356 932 1585 963 Alexandrum
1597 932 1616 964 :’
1637 942 1727 964 nunc
1744 943 1836 973 vero,
1853 933 1909 964 ubi
1925 934 1969 965 de

1272 983 1382 1022 primo
1409 983 1527 1023 proelio
1558 982 1641 1023 agit,
1669 983 1750 1014 nihil
1775 983 1968 1023 hujusmodi

1272 1032 1425 1072 adjiciat.
1470 1032 1630 1073 Agnosco
1646 1042 1726 1064 sane
1742 1037 1777 1064 et
1801 1033 1888 1074 ipse,
1907 1043 1970 1065 nu-

1271 1091 1399 1113 merum
1428 1087 1639 1114 sexcentorum
1670 1084 1803 1114 millium
1836 1083 1914 1115 huic
1945 1084 1968 1115 l.

1270 1132 1404 1163 minime
1421 1134 1621 1164 convenire:
1646 1142 1688 1164 an
1706 1143 1786 1164 vcro
1801 1133 1967 1173 sexaginta

1270 1182 1399 1214 millium
1410 1183 1582 1224 scripserit
1594 1184 1683 1216 Just.
1697 1183 1807 1214 adhuc
1819 1183 1968 1214 dubitari

1271 1241 1369 1272 posse
1392 1233 1538 1264 videtur.
1583 1233 1673 1266 Quid
1697 1233 1724 1263 si
1740 1233 1890 1264 dicamus
1906 1243 1968 1273 pro

1268 1286 1478 1313 sexcentorum
1502 1283 1636 1323 legend.
1663 1293 1736 1314 esse
1761 1287 1881 1327 centum
1907 1288 1968 1315 aut

1269 1330 1488 1363 ducentorum?
1509 1333 1609 1364 Diod.
1619 1340 1714 1364 certe
1729 1342 1820 1365 xvu.
1831 1337 1883 1365 19.
1894 1337 1970 1365 100.

1270 1382 1319 1412 Μ.
1336 1381 1499 1422 peditum,
1513 1386 1548 1413 et
1561 1392 1662 1423 supra
1675 1386 1726 1414 10.
1744 1383 1790 1415 Μ.
1805 1384 1967 1426 equitum,

1270 1431 1302 1461 in
1320 1431 1394 1462 acie
1409 1432 1587 1463 Persarum
1606 1437 1685 1463 tunc
1706 1432 1809 1464 fuisse
1832 1433 1965 1466 scribit.

1274 1481 1376 1512 Vorst.

1313 1532 1330 1572 ξ
1355 1534 1395 1562 12
1418 1532 1536 1563 Novem
1548 1532 1681 1573 pedites]
1705 1533 1757 1564 Id.
1773 1543 1815 1564 ex
1832 1533 1965 1567 Aristo-

1267 1581 1345 1612 bulo
1360 1581 1469 1613 refert
1483 1582 1577 1614 Plut.
1595 1593 1626 1614 c.
1647 1586 1701 1615 26.
1726 1588 1763 1615 et
1784 1583 1966 1616 confirmat

1268 1632 1368 1664 Oros.
1384 1642 1438 1664 ιιι.
1459 1636 1511 1664 16.
1535 1638 1571 1664 et
1595 1643 1645 1666 lv.
1671 1637 1700 1665 1.
1725 1644 1767 1666 ne
1792 1635 1863 1676 quis
1887 1645 1964 1667 cum

1267 1681 1435 1714 Glareano
1446 1683 1604 1714 mendum
1615 1684 1668 1716 hic
1677 1694 1751 1716 esse
1761 1685 1965 1725 suspicetur.

1267 1732 1430 1764 Arrianus
1454 1743 1496 1764 ex
1520 1735 1745 1766 Macedonum
1761 1735 1893 1767 auxiliis
1908 1740 1962 1767 25.

1266 1783 1446 1814 cecidisse:
1471 1793 1513 1814 ex
1529 1785 1669 1826 reliquis
1686 1785 1818 1826 equites
1833 1789 1887 1817 60.
1904 1796 1963 1827 pe-

1267 1833 1354 1864 dites
1376 1837 1426 1865 30.
1448 1834 1540 1866 Plut.
1565 1845 1607 1865 ex
1635 1835 1828 1867 Aristobulo
1854 1846 1883 1868 c.
1906 1840 1960 1870 26.

1265 1882 1426 1923 τριάκοντα
1441 1883 1562 1924 νεκροὺς
1575 1884 1717 1924 ’γενέσθαι
1738 1884 1809 1916 τοὺς
1829 1884 1961 1918 πάντας.

1266 1934 1421 1973 Bongars.
1460 1935 1664 1966 Matthaeus:
1707 1936 1716 1953 ‘
1736 1935 1775 1966 In
1806 1937 1961 1968 exercitu

1265 1992 1345 2013 vero
1363 1983 1550 2014 Alexandri
1566 1987 1640 2015 900.
1657 1984 1809 2016 cecidere
1825 1985 1959 2026 pedites

1264 2036 1300 2062 et
1318 2035 1388 2063 120.
1404 2032 1557 2073 equites?

1306 2083 1323 2122 ξ
1349 2085 1386 2112 13
1414 2083 1548 2122 Impense
1561 2084 1600 2114 ad
1609 2087 1777 2116 ceterorum
1789 2087 1961 2126 exemplum

1263 2131 1415 2172 humatos]
1437 2132 1541 2163 Diod.
1565 2137 1816 2174 μεγαλοπρεπῶς.
1855 2136 1960 2175 Bong.

1264 2182 1368 2213 Diod.
1385 2192 1474 2214 xvu.
1489 2187 1541 2215 21.
1578 2187 1586 2201 ‘
1600 2187 1673 2216 Rex
1687 2197 1764 2217 suos
1781 2187 1959 2227 magnifice

1262 2233 1447 2272 sepulturae
1464 2234 1581 2274 tradit,
1594 2236 1815 2267 excitatiores
1831 2237 1873 2268 ad
1889 2237 1958 2268 dis-

1262 2282 1400 2314 crimina
1429 2293 1614 2324 pugnarum
1644 2285 1786 2317 reddere
1814 2287 1957 2328 cupiens

1261 2332 1386 2364 milites
1397 2334 1855 2374 ejusmodihonestamentis!
1874 2338 1958 2369 Nos-

1263 2383 1324 2413 tris
1341 2384 1502 2424 moribus,
1519 2395 1616 2416 nemo
1639 2388 1799 2428 conqueri
1817 2389 1956 2428 poterit,

1262 2442 1388 2472 paucos
1404 2443 1479 2465 esse
1497 2435 1582 2465 viros
1599 2435 1716 2475 fortes,
1732 2437 1788 2478 qui
1812 2437 1955 2478 impigre

1261 2487 1296 2513 et
1312 2483 1481 2523 intrepide
1499 2484 1531 2514 in
1548 2485 1676 2516 hostem
1693 2486 1835 2518 vadant:
1854 2497 1957 2528 quan-

1260 2532 1303 2564 do
1319 2543 1382 2564 nec
1399 2534 1464 2564 vivi
1482 2534 1609 2565 meritis
1624 2536 1782 2574 praemiis,
1793 2545 1855 2568 nec
1869 2547 1956 2567 mor-

1260 2583 1306 2613 tui
1320 2583 1846 2624 dignislionoribus‚afficiuntur.
1865 2586 1954 2619 Add.

1257 2632 1317 2664 inf.
1336 2642 1402 2665 xu.
1419 2637 1446 2665 l.
1464 2637 1493 2665 1.
1516 2635 1614 2666 Rern.

1317 2684 1369 2714 Ad
1398 2687 1568 2715 ceterorum
1598 2686 1770 2725 exemplum
1798 2686 1953 2727 humatos]

1258 2731 1477 2774 Antiquiores
1491 2734 1568 2766 edd.
1584 2735 1686 2766 Bccli.
1701 2742 1734 2767 et
1748 2735 1829 2776 Maj.
1840 2738 1880 2767 ad
1895 2741 1953 2769 cet.

1255 2782 1377 2813 solatia.
1399 2785 1515 2815 Vorst.

1310 2833 1432 2864 Statuis
1458 2834 1662 2875 equestribus]
1690 2835 1810 2867 Τούτων
1835 2840 1957 2876 χαλκαῖ

1257 2881 1368 2914 εἰκόνες
1381 2883 1411 2914 ἐν
1423 2886 1484 2924 Διῷ
1496 2885 1630 2916 ἑστᾶσιν.
1648 2886 1780 2919 Arriau.
1797 2888 1953 2928 Bongars.
