2101 3419
472 376 728 407 aecensus
764 375 1045 406 EDITIONUM
1078 373 1287 404 JUSTINI.
1489 361 1601 401 1057

155 482 245 514 sunt
279 474 498 512 Victorinus
529 472 740 523 Strigelius,
760 471 944 521 Theoph.
973 471 1213 521 Cangiserus,
1231 475 1271 507 et
1294 468 1426 519 paullo
1442 468 1596 518 religio-

157 540 232 576 sior
254 537 447 587 Bongarsii
465 536 622 580 assecla,
644 535 786 572 Manh.
804 535 1079 581 Berneccerus,
1098 533 1197 570 illius
1216 539 1253 570 et
1275 532 1441 583 Strigelii
1457 538 1495 570 et
1508 533 1600 569 alio-

155 615 239 639 rum
273 607 382 638 notas
414 600 489 637 suis
518 598 683 644 addidit,
705 598 864 635 indicem
886 610 909 635 a
930 597 1200 641 Freinshemio,
1221 609 1372 645 genero,
1395 596 1601 632 concinna-

155 672 235 703 tum
257 664 436 713 subjecit,
459 663 510 701 ab
530 676 654 713 eoque
675 662 786 700 etiam
807 661 962 710 adjutus
982 661 1156 711 pluribus
1175 660 1268 697 locis
1289 659 1465 697 criticam
1485 660 1602 696 ratio-

155 741 241 766 nem
273 733 494 777 persecutus
525 732 596 763 est.
653 725 752 762 Dein
785 725 938 762 Isaacus
965 723 1124 761 Vossius
1144 724 1297 762 Justino
1318 723 1513 760 uberiores
1534 736 1602 759 no-

156 799 211 828 tas
232 797 270 828 et
290 790 456 834 criticas,
475 802 569 839 quas
589 787 636 825 ad
660 793 807 825 textum
827 785 1111 824 emendandum
1129 786 1251 824 secuti
1272 792 1361 822 suut
1381 786 1541 834 posteri,
1563 791 1604 823 et

155 854 350 891 historicas
370 851 543 895 addidit;
574 851 653 900 ipse
674 858 799 888 tamen
819 849 994 886 lectionis
1016 849 1285 898 Bongarsianae
1307 849 1472 885 retinens
1503 848 1595 893 fuit;

156 917 211 954 uti
244 917 299 954 M.
332 916 489 953 Zuerius
521 914 775 958 Boxhornius,
805 916 897 951 Ant.
923 912 1107 963 ThysiuS,
1137 920 1175 950 et
1203 913 1318 950 Corn.
1341 912 1601 950 Schrevelius.

155 980 258 1017 Inter
288 979 465 1024 editores,
496 985 587 1028 post
619 977 884 1027 Bongarsium,
912 976 1016 1013 Elias
1051 977 1222 1021 Vinetus,
1243 976 1363 1013 Janus
1396 975 1602 1022 Gruterus,

155 1049 192 1080 et
214 1043 313 1080 Dan.
338 1043 483 1079 Pareus‘
497 1041 690 1079 historiam
711 1048 857 1079 tantum
878 1039 1044 1090 amplexi
1062 1046 1162 1076 sunt.

212 1109 308 1144 1581
342 1105 603 1154 Bongarsiana
623 1105 814 1155 princeps.
845 1110 882 1142 8.
912 1103 1109 1142 Justinus:
1139 1101 1262 1151 Trogi
1292 1102 1451 1151 Pompei
1479 1102 1602 1139 histo-

153 1168 291 1206 riarum
318 1168 623 1218 Philippicarum
644 1169 835 1218 Epitoma,
857 1167 1096 1206 emendatior
1115 1172 1151 1204 et
1173 1166 1338 1216 prologis
1357 1166 1532 1203 auctior:
1563 1165 1600 1202 in

153 1230 311 1268 eandem
347 1238 461 1275 notae,
479 1231 746 1280 excerptiones
778 1231 1076 1280 chronologicae,
1097 1236 1135 1267 et
1169 1230 1357 1267 variarum
1390 1229 1600 1268 lectionum

152 1293 300 1331 libellus
320 1294 402 1331 Jac.
426 1294 633 1342 Bongarsii.
656 1294 822 1339 Parisiis,
843 1293 945 1343 apud
969 1293 1022 1330 du
1043 1293 1129 1330 Val.

210 1362 308 1396 1585
341 1357 565 1406 Gryphiana
585 1368 651 1395 XI.
678 1364 735 1396 12.
757 1356 934 1407 Lugduni
954 1356 1056 1406 apud
1079 1355 1237 1406 Gryph.

209 1420 310 1458 1536
340 1420 513 1457 Londini.
537 1427 572 1459 S.
592 1421 731 1459 Justini
765 1427 803 1457 et
836 1420 981 1457 Aurelii
1011 1419 1178 1457 Victoris
1213 1418 1381 1456 historia.
1420 1417 1600 1462 Londini,

156 1483 259 1532 typis
281 1484 439 1534 Georgii
463 1484 673 1521 Robinson.

207 1568 312 1574 ——-—
333 1547 514 1584 Veneriis.
538 1553 574 1585 8.

210 1615 310 1653 1587
338 1610 753 1659 Bongarsio-Modiana
778 1622 806 1648 1.
841 1617 898 1649 19.
919 1610 1116 1648 Justinus:
1148 1609 1268 1660 Trogi
1289 1610 1462 1660 Pompeii
1484 1610 1600 1648 histo-

153 1673 292 1710 riarum
326 1673 621 1723 Philippicarum
650 1675 844 1724 Epitoma,
866 1687 986 1723 nuper
1019 1687 1065 1710 ex
1098 1673 1369 1723 manuscriptis
1397 1674 1601 1711 codicibus

155 1735 356 1773 emendata
376 1741 414 1773 et
432 1737 601 1787 prologis
620 1750 641 1774 a
662 1737 870 1787 Bongarsio
890 1742 1025 1780 aueta;
1057 1749 1157 1772 nunc
1175 1748 1261 1772 vero
1278 1735 1450 1773 secundo
1470 1748 1604 1787 recog-

154 1797 231 1835 nita
251 1804 289 1835 et
308 1799 354 1836 ad
377 1799 475 1837 Mss.
498 1799 590 1837 item
611 1800 808 1845 librorum,
830 1799 1080 1836 Fuldensium
1102 1799 1279 1843 maxime,
1301 1797 1417 1836 fidem
1437 1812 1484 1836 ex
1504 1799 1601 1837 inte-

154 1873 223 1910 gro
253 1863 466 1900 emaculata
496 1875 519 1899 a
551 1863 684 1900 Franc.
719 1862 869 1900 Modio.
927 1861 971 1898 In
992 1861 1154 1899 eandem
1174 1862 1301 1907 Notae,
1322 1862 1599 1913 Excerptiones

155 1924 435 1975 chronologicae
466 1933 504 1963 et
533 1926 721 1963 variarum
751 1925 958 1964 lectionum
988 1925 1134 1963 libellus
1156 1925 1367 1974 Bongarsii,
1388 1939 1477 1963 cum
1498 1928 1602 1976 ejus-

155 1986 243 2025 dem
264 1988 389 2025 Modii
410 1995 486 2026 tam
506 1989 542 2025 in
561 1989 769 2033 Justinum,
791 2001 906 2039 quam
927 1989 964 2025 in
985 1989 1164 2039 prologos
1183 1988 1399 2039 spicilegio·
1434 1991 1599 2029 Franco-

154 2050 258 2095 furti‚
279 2051 381 2101 apud
401 2052 490 2089 Joh.
514 2052 688 2090 Wechel.

210 2118 311 2158 1590
340 2115 566 2165 Gryphiana
586 2127 674 2154 XII.
704 2122 764 2155 12.
785 2116 926 2154 Justini
945 2129 991 2153 ex
1011 2112 1128 2165 Trogi
1149 2116 1320 2166 Pompeii
1342 2116 1513 2156 historiis
1533 2133 1600 2157 ex-

153 2177 268 2214 ternis
298 2177 383 2214 libri
411 2188 535 2216 XLIV.
567 2179 652 2216 Sex.
686 2181 780 2216 Aur.
803 2180 969 2218 Victoris
998 2180 1169 2230 epitoma
1198 2179 1247 2217 de
1275 2180 1352 2218 vita
1372 2188 1410 2219 et
1428 2182 1599 2221 moribus

153 2241 280 2289 Impp.
302 2240 395 2277 Eliae
428 2241 554 2278 Vineti
587 2242 624 2278 in
654 2254 738 2279 eam
771 2242 967 2291 epitomen
1000 2249 1103 2279 notae
1133 2249 1171 2279 et
1203 2243 1491 2292 castigatIOneS,
1521 2248 1598 2283 &c.

155 2302 345 2352 Lugduni,
366 2302 470 2352 apud
490 2305 635 2342 Anton.
656 2304 1048 2354 Gryphium.—Bibl.
1071 2305 1263 2343 Emlinck.
1285 2306 1326 2344 P.
1351 2317 1424 2344 111.
1445 2320 1485 2357 p.
1506 2313 1599 2347 450.

154 2376 192 2400 n.
214 2369 304 2402 214.

212 2432 309 2472 1591
341 2429 755 2478 Bongarsio-Modiana
781 2441 831 2468 II.
868 2436 928 2470 12.
949 2444 995 2468 ex
1011 2430 1129 2485 priori
1148 2431 1320 2481 repetita.
1343 2433 1371 2470 F
1374 2433 1599 2481 ramoforti,

155 2489 259 2539 apud
279 2490 365 2528 Joh.
386 2491 554 2528 Wechel.

213 2557 312 2597 1593
342 2553 531 2602 Lugduni.
553 2555 744 2593 8.—Bib1.
770 2556 958 2594 Emtinck.
982 2557 1026 2594 P.
1049 2567 1120 2594 111.
1141 2570 1179 2607 p.
1201 2563 1291 2597 305.
1312 2571 1351 2596 n.
1375 2564 1464 2596 541.

212 2619 314 2659 1594·
343 2615 520 2665 Lugduni
541 2617 627 2654 Bat.
652 2623 686 2655 8.
708 2631 795 2655 cum
817 2619 875 2656 El.
895 2618 1021 2656 vineti
1040 2619 1154 2658 notis.

212 2676 312 2719 1596
343 2678 517 2726 Lugduni
539 2679 622 2716 Bat.
645 2685 708 2718 24.
727 2693 790 2730 ap.
810 2681 1050 2731 Rapheleng.

213 2738 311 2778 1602
342 2740 507 2790 Strigelii
525 2752 554 2779 Ι.
576 2748 611 2780 8.
633 2742 821 2781 Justinus.
840 2744 960 2794 Trogi
980 2744 1152 2794 Pompeii
1172 2745 1429 2784 Historiarum
1448 2745 1596 2796 Philip-

155 2802 326 2853 picarum
360 2803 553 2852 Epstorna,
587 2818 608 2842 e
636 2806 672 2843 J.
707 2806 874 2856 Cujacii‚
906 2807 966 2845 Cl.
999 2809 1176 2855 Puteani‚
1210 2810 1408 2860 utriusque
1438 2810 1595 2856 Pithoei,

155 2865 316 2915 aliisque
350 2879 415 2904 sex
442 2868 712 2920 manuscriptis
745 2869 1052 2910 doctissimorum
1084 2871 1250 2910 virorum
1271 2873 1425 2923 optimis
1446 2873 1593 2912 codici-

198 2928 311 2967 Daexlph.
326 2932 356 2959 et
376 2930 445 2960 Var.
465 2931 545 2961 Clas.
828 2934 950 2965 Justin.
1484 2939 1502 2967 3
1518 2936 1551 2966 Y
