2174 3424
490 335 576 376 736

493 441 568 468 tant
596 436 688 469 furta
713 437 900 470 bellorum!
925 440 1079 479 Bongars.
1124 441 1188 472 Im-

492 497 628 527 pressus
636 488 772 528 quidam
782 490 880 520 securi
893 490 1087 530 insidiantes,
1098 491 1187 532 quod

493 535 637 567 fortasse
673 547 740 568 nou
779 539 980 579 repudIand.
1024 541 1187 572 Veterem

491 595 563 617 esse
581 588 660 619 lect.
685 588 771 619 hanc
798 589 941 620 observo
967 599 1010 621 ex
1034 589 1187 623 Auctore

493 638 570 668 Fori
584 639 738 679 Romani,
751 641 876 682 quippe
893 642 949 683 qui
964 652 1027 683 pro
1042 642 1187 674 auctori-

493 692 564 719 tate
583 689 675 720 vocis
698 690 931 723 ‘insidianter’
947 693 1087 724 adducit
1098 693 1186 724 hunc

492 739 602 778 ipsum
628 740 755 772 Justini
781 742 806 773 l.
859 742 926 773 Sed
953 747 989 774 et
1014 743 1187 774 sententia

493 788 630 819 videtur
643 789 844 830 elegantior.
877 792 975 832 Cum,
989 792 1112 833 inquit,
1124 793 1187 823 La-

491 839 790 872 cedaemoniifacti
814 846 929 873 essent
954 843 1077 883 securi,
1097 843 1187 874 bello

493 897 554 928 per
567 897 681 928 regem
697 890 878 922 Persarum
889 893 1035 932 sublato,
1049 902 1115 924 non
1129 903 1187 933 po-

491 943 630 969 tuerunt
646 949 781 971 manere
796 941 914 982 quieti,
930 942 988 973 sed
1019 943 1188 983 speculati

492 992 583 1026 sunt,
598 998 680 1029 quos
698 989 914 1022 adorirentur
929 1003 938 1030 ;
957 996 1108 1023 ceterum
1133 1002 1189 1023 ex-

491 1038 616 1077 hausti,
654 1049 729 1070 cum
771 1047 891 1081 aperte
928 1052 1114 1084 magnaque
1154 1044 1188 1074 vi

492 1097 594 1127 agere
609 1098 674 1119 non
692 1097 844 1128 possent,
868 1101 931 1132 per
959 1092 1097 1123 insidias
1124 1093 1187 1124 hoc

491 1136 632 1169 faciunt.
677 1140 806 1181 Estque
820 1141 881 1172 hoc
902 1141 937 1172 id
953 1142 1062 1182 ipsum
1076 1143 1187 1183 plane,

491 1188 581 1228 quod
610 1189 710 1221 Oros.
742 1190 813 1222 ait:
837 1192 846 1208 ⁴
862 1192 1111 1222 Lacedaemonii
1139 1192 1188 1223 in-

492 1238 599 1278 quieti
617 1239 739 1279 magis,
754 1249 853 1281 quam
869 1242 1008 1281 strenui,
1025 1247 1060 1272 et
1075 1241 1188 1273 furore

493 1287 603 1326 potius
643 1298 743 1328 quam
777 1289 905 1321 virtute
942 1290 1190 1331 intolerabiles,

491 1341 568 1375 post
584 1335 672 1367 bella
687 1338 800 1377 posita
815 1343 952 1371 tentant
967 1339 1059 1371 furta
1081 1340 1187 1372 bello-

492 1388 589 1419 rum.'
634 1390 720 1420 Sane
736 1390 808 1430 ipse
826 1391 953 1422 Noster
968 1393 1117 1423 ostendit
1139 1394 1188 1423 in·

491 1438 637 1469 vasionis
664 1449 799 1470 causam
828 1441 1096 1473 Lacedaemoniis
1121 1452 1187 1473 non

491 1485 594 1517 fuisse
608 1487 779 1519 Arcadum
797 1490 1029 1531 securitatem,
1051 1492 1112 1522 sed
1129 1492 1186 1522 ab·

490 1538 649 1577 sentiam,
666 1539 745 1579 quia
761 1539 968 1571 tenebantur
995 1541 1084 1572 bello
1110 1552 1186 1573 curn

491 1588 593 1618 Eleis.
638 1587 809 1620 Absentes
824 1594 937 1621 autem
955 1596 1096 1631 propter
1116 1591 1186 1622 bel-

489 1637 556 1667 lum
570 1647 636 1668 non
651 1644 790 1678 possunt
806 1640 870 1670 ‹lici
885 1642 996 1672 seem-i.
1031 1642 1121 1674 Quia
1137 1647 1186 1673 ta-

489 1696 565 1716 mcn
581 1688 635 1717 vix
654 1688 804 1720 invenies
830 1691 1017 1723 insidianter
1032 1703 1086 1733 ap.
1105 1693 1187 1723 alios

489 1738 674 1777 scriptores
691 1739 826 1779 probos,
844 1742 922 1772 nolo
934 1742 1020 1773 certi
1035 1743 1113 1784 quid
1132 1743 1188 1774 hic

488 1787 643 1820 definire.
667 1788 770 1827 Schef.
815 1791 946 1832 Securi,
961 1793 1082 1834 quibus
1108 1794 1187 1824 iusi-

488 1837 671 1869 diabantur
711 1840 975 1882 Lacedaemonii,
1016 1853 1082 1874 non
1124 1845 1186 1874 soli

488 1894 585 1918 erant
598 1887 764 1929 Arcades,
779 1890 837 1921 sed
854 1901 969 1923 omnes
983 1892 1114 1924 finitimi
1131 1903 1187 1933 po·

488 1938 571 1977 puli,
596 1938 664 1979 qui,
691 1940 756 1970 sibi
770 1949 834 1971 non
851 1946 1055 1982 metuentes,
1076 1944 1186 1974 securi

488 1992 598 2019 erant.
636 1988 768 2019 Primos
781 1994 896 2022 autem
910 1991 1106 2023 invaserunt
1122 1992 1185 2023 Ar-

489 2036 601 2075 cades,
622 2041 692 2068 tum
716 2038 886 2071 absentes.
933 2041 978 2071 Et
992 2041 1023 2071 11.
1037 2051 1066 2072 e.
1095 2042 1184 2082 quod

488 2085 571 2116 dicit
598 2086 697 2118 Oros.
721 2088 811 2128 quod
834 2089 932 2129 ‘post
962 2090 1050 2121 bella
1073 2091 1186 2131 posita

489 2136 653 2166 tentarint
673 2136 765 2167 furta
782 2137 970 2179 bellorum‚'
994 2141 1027 2171 h.
1040 2149 1070 2172 e.
1095 2141 1185 2181 quod

486 2186 634 2218 insidiati
648 2188 715 2219 sint
723 2189 863 2229 securis,
875 2195 910 2221 et
923 2190 1080 2222 absentes
1093 2192 1184 2222 iuva-

487 2236 607 2268 serint.
637 2238 744 2268 Groev.

532 2286 716 2327 Castellum]
750 2290 893 2329 Κρῶμνον
908 2290 997 2321 Xen.
1011 2290 1057 2321 H.
1075 2290 1118 2321 G.
1135 2299 1184 2322 vi.

487 2335 617 2366 Civitas
647 2341 700 2367 est
723 2337 954 2379 Peloponnesi
979 2341 1098 2381 Steph.
1128 2341 1184 2372 De

484 2385 516 2416 h.
531 2384 619 2416 bello
632 2386 700 2417 vid.
713 2387 802 2418 Xen.
824 2389 929 2429 Bong.

529 2436 546 2475 ς
561 2438 580 2466 7
604 2436 728 2468 Amissa
744 2438 834 2478 bello]
868 2440 978 2470 Locus
995 2444 1184 2480 suspectus.

487 2485 574 2518 Mss.
588 2485 716 2518 habent
731 2488 841 2519 amisso
853 2488 883 2519 b.
900 2490 954 2520 vel
968 2490 1114 2520 amissum
1125 2490 1185 2521 bel-

485 2536 559 2566 lum.
604 2536 719 2567 Credo
732 2538 824 2570 Just.
838 2538 1011 2579 scripsisse
1026 2540 1185 2578 amissum,

487 2586 576 2625 bello,
594 2591 632 2617 ut
647 2588 793 2619 amissum
808 2588 976 2621 referatur
986 2590 1028 2621 ad
1044 2591 1053 2607 ‘
1066 2591 1185 2622 castel-

484 2635 577 2675 lum,'
607 2636 685 2668 bello
701 2644 814 2670 autem
838 2639 1019 2680 significet,
1045 2641 1184 2681 praelio;

488 2696 565 2717 nam
582 2689 739 2728 sequitur
754 2690 787 2720 in
813 2700 846 2721 eo
867 2691 1001 2731 praelz'o;
1024 2692 1114 2733 quod
1132 2702 1186 2724 os-

488 2736 601 2767 tendit
617 2737 659 2767 de
686 2739 805 2778 praelio
831 2745 909 2771 ante
934 2741 1095 2772 locutum.
1140 2743 1186 2773 Et

488 2792 566 2817 sunt
580 2787 660 2818 Mss.
672 2789 727 2829 qui
738 2789 792 2821 hic
802 2799 936 2831 quoque
948 2791 1023 2822 bello
1036 2791 1184 2830 liabent;

487 2836 520 2867 ld
535 2838 623 2878 quod
642 2839 766 2870 rectius
786 2840 929 2872 videtur.
953 2841 1056 2880 Sclaef.

532 2888 549 2925 ξ
566 2890 585 2916 f)
611 2887 673 2922 Qui
690 2899 755 2920 cum
771 2891 847 2923 cardi
864 2892 1008 2930 suosjum
1024 2896 1056 2924 ut
1075 2890 1185 2931 victos]

946 346 1084 377 NOTAE
1119 346 1381 379 VARloRUM
1417 350 1465 379 IN

1239 442 1306 474 Qui
1320 443 1509 484 caeduntur,
1534 443 1581 475 nil
1597 444 1673 476 novi
1688 447 1740 475 est
1755 444 1781 475 si
1798 445 1932 476 coedan-

1239 495 1294 523 tur
1308 497 1347 524 ut
1362 492 1459 532 victi,
1487 503 1597 534 neque
1613 494 1703 524 enim
1720 498 1756 524 ut
1773 494 1933 535 victores,

1238 547 1335 582 puto.
1378 543 1470 584 Lego
1485 543 1619 584 itaque:
1645 544 1781 583 quicum
1801 543 1871 582 jam
1886 554 1934 575 ce·

1237 593 1308 623 dere
1318 602 1387 623 suos
1400 596 1434 623 ut
1450 593 1546 623 victos
1559 593 1689 632 videret,
1702 594 1756 632 ὅγε.
1803 593 1934 632 Cedere,

1237 642 1260 673 i.
1277 652 1306 672 e.
1319 647 1418 683 terga
1434 647 1579 682 vertere,
1608 652 1676 673 non
1700 647 1738 674 ut
1762 643 1932 675 interdum

1236 691 1349 724 facere
1364 693 1413 723 illi
1427 693 1549 733 solent,
1577 693 1633 734 qui
1649 703 1692 724 ex
1705 697 1778 725 arte
1793 694 1932 726 militari

1236 741 1352 782 fugam
1365 743 1533 782 simulant,
1549 753 1615 784 quo
1632 743 1766 782 gravius
1777 743 1933 776 incautos

1237 796 1272 823 et
1287 793 1497 824 exsultantes
1513 801 1670 823 successu
1694 797 1933 833 persecutores

1236 842 1423 882 impetant;
1447 842 1505 873 sed
1530 846 1568 873 ut
1594 842 1617 872 ii
1643 841 1787 882 faciunt,
1812 844 1867 884 qui
1889 852 1931 873 ex

1237 893 1347 923 animo
1363 891 1513 932 fugiunt,
1535 896 1570 923 et
1596 892 1665 933 qui,
1691 902 1728 924 se
1743 892 1808 923 nisi
1824 893 1931 924 victos

1236 941 1399 983 fatentur,
1424 943 1510 974 tales
1530 947 1624 974 certe
1654 953 1697 974 ex
1726 943 1933 975 validissima

1237 997 1273 1023 et
1289 993 1518 1024 strenuissima
1532 1002 1671 1024 cursura
1686 1002 1722 1024 se
1733 992 1933 1034 ostendunt,

1237 1043 1315 1074 dum
1332 1043 1411 1074 totis
1426 1043 1562 1083 fugiunt
1576 1043 1714 1075 viribus.
1737 1043 1816 1075 Fab.
1862 1043 1933 1079 An-

1239 1093 1282 1133 gli
1305 1094 1381 1124 caedi
1405 1103 1474 1124 suos
1487 1093 1557 1132 jam
1583 1097 1613 1124 et
1639 1094 1747 1134 victos,
1772 1103 1820 1125 sc.
1845 1103 1931 1125 esse.

1238 1144 1354 1174 Proba
1369 1145 1448 1174 leet.
1469 1145 1619 1184 Vulgata
1640 1144 1736 1174 victos
1751 1143 1820 1182 jam
1847 1143 1932 1175 dicit

1237 1203 1339 1233 coesos,
1356 1194 1448 1234 quasi
1465 1194 1608 1234 primum
1625 1193 1670 1224 sit
1687 1193 1830 1225 victoria
1846 1203 1932 1234 prae-

1238 1244 1296 1284 lio,
1322 1249 1398 1284 post
1427 1245 1551 1276 caedes.
1576 1245 1677 1282 Sches.
1721 1245 1844 1276 Potest
1873 1244 1930 1276 de-

1238 1292 1331 1324 fendi
1349 1295 1438 1335 vulg.
1455 1295 1535 1326 lect.
1551 1295 1646 1335 cujus
1668 1299 1722 1326 est
1733 1294 1905 1326 sententia
1921 1305 1930 1326 τ

1239 1343 1322 1374 Cum
1339 1344 1425 1375 caedi
1441 1354 1518 1375 suos
1542 1355 1603 1385 pro
1624 1345 1722 1376 victis
1735 1344 1882 1384 videret,
1903 1354 1930 1377 s.

1238 1393 1481 1433 tanquamjam
1505 1395 1606 1435 plane
1622 1395 1744 1426 victos.
1789 1395 1933 1426 Caedun-

1238 1443 1342 1473 turin
1360 1444 1487 1483 praeliis
1512 1444 1610 1475 multi
1632 1445 1747 1485 etiam,
1768 1445 1795 1476 si
1822 1445 1932 1476 acrius

1237 1498 1422 1533 pugnatur,
1438 1494 1471 1524 in
1487 1494 1653 1525 victorum
1670 1495 1834 1527 exercitu.
1864 1496 1932 1526 Ve-

1237 1552 1308 1573 rum
1325 1544 1381 1584 qui
1398 1544 1576 1575 caeduntur
1592 1550 1629 1576 ut
1644 1545 1738 1584 victi,
1767 1555 1794 1576 s.
1811 1550 1847 1576 ut
1860 1547 1934 1577 Cae·

1237 1602 1291 1622 sar
1304 1592 1463 1633 loquitur,
1475 1603 1536 1633 pro
1549 1594 1656 1634 victis,
1666 1604 1730 1625 non
1743 1601 1933 1635 pugnantes

1237 1642 1429 1683 caeduntur,
1450 1643 1508 1673 sed
1526 1648 1584 1674 aut
1600 1649 1695 1684 terga
1710 1644 1846 1685 dautes,
1873 1651 1933 1677 aut

1239 1692 1412 1723 ordinibus
1423 1694 1596 1733 perruptis
1613 1694 1687 1734 jam
1703 1694 1935 1734 incompositi,

1239 1748 1276 1773 ut
1294 1742 1503 1774 adversarios
1518 1744 1661 1774 victores
1676 1753 1750 1775 esse
1767 1745 1866 1784 plane
1878 1754 1935 1786 ap-

1238 1796 1368 1832 pareat.
1424 1793 1547 1823 Verior
1583 1798 1635 1824 est
1663 1794 1744 1826 lect.
1770 1794 1931 1825 librorum

1238 1841 1341 1882 Angl.
1357 1852 1425 1872 cum
1440 1843 1517 1873 caedi
1527 1843 1671 1881 suosjam
1694 1847 1724 1874 et
1739 1844 1834 1874 victos
1848 1844 1932 1874 vide-

1237 1895 1300 1930 ret,
1348 1893 1467 1933 quibus
1505 1891 1707 1934 suffragatur
1745 1893 1799 1925 ed.
1834 1893 1930 1926 Junt.

1239 1941 1345 1972 Graev-

1280 1994 1298 2032 ξ
1317 1996 1355 2023 10
1380 1993 1450 2023 Hoc
1470 1997 1516 2024 est
1537 1994 1620 2024 enim
1646 1994 1786 2034 signum]
1825 1995 1930 2026 Diod.

1238 2050 1335 2072 xvn.
1351 2046 1405 2074 68.
1440 2043 1560 2080 αἴτησιν
1571 2046 1632 2075 τῶν
1647 2047 1758 2084 νεκρῶν
1773 2045 1821 2076 ait
1835 2045 1931 2086 περιέ-

1237 2103 1304 2131 χειν
1318 2094 1413 2130 ἥττης
1426 2093 1621 2132 ὃμολόγησιν.
1635 2095 1739 2134 Bong.
1784 2095 1837 2127 Id.
1856 2104 1932 2127 xlx.

1237 2145 1289 2172 31.
1313 2143 1322 2158 ‘
1338 2143 1505 2174 Eumenes
1521 2145 1563 2174 ad
1586 2155 1691 2176 caesos
1707 2146 1841 2186 regredi
1857 2155 1934 2186 pro-

1236 2197 1407 2232 posuerat,
1438 2194 1556 2224 tollere
1591 2204 1649 2225 cos
1679 2200 1865 2235 maturans,
1894 2201 1932 2227 ut

1237 2242 1420 2282 ancipitem
1444 2244 1615 2274 hacteuus.
1633 2245 1810 2276 victoriam
1837 2251 1933 2278 certo

1234 2290 1296 2321 sibi
1325 2292 1515 2322 assereret!
1560 2293 1660 2324 Unde
1686 2294 1846 2325 laudandi
1873 2296 1935 2326 Ni-

1236 2340 1299 2370 cia‘,
1335 2346 1472 2381 sumpta
1512 2343 1653 2374 materia
1684 2344 1869 2376 Plutarcho
1899 2346 1933 2377 in

1237 2391 1311 2430 ejus
1326 2391 1408 2421 Vita
1424 2401 1500 2432 cap.
1516 2396 1566 2424 13.
1592 2394 1681 2425 Nam
1697 2395 1778 2426 licet
1793 2396 1825 2427 in
1839 2407 1930 2428 more

1237 2441 1381 2481 positum
1399 2446 1502 2482 esset,
1529 2447 1578 2482 ut,
1602 2444 1656 2484 qui
1680 2454 1842 2477 caesorum
1859 2457 1932 2478 cor-

1236 2499 1320 2530 pora
1336 2500 1397 2531 per
1412 2491 1564 2523 inducias
1577 2494 1800 2534 recepissent,
1812 2506 1934 2528 renun-

1237 2541 1323 2572 tiare
1338 2541 1488 2573 victoriae
1506 2542 1877 2587 viderentur‚adeoque
1890 2557 1932 2579 ne

1237 2596 1404 2632 tropaeum
1432 2593 1568 2633 quidem
1598 2594 1729 2634 erigere
1759 2596 1825 2628 rite
1857 2607 1933 2637 pos-

1237 2648 1330 2673 sent:
1355 2642 1518 2684 (victores
1531 2644 1621 2675 enim
1632 2650 1722 2685 sunt,
1734 2646 1789 2686 qui
1803 2656 1933 2686 praeva-

1237 2694 1308 2725 lent
1323 2705 1331 2725 ε
1369 2704 1431 2726 nec
1461 2696 1648 2735 praevalere
1679 2697 1845 2737 videntur,
1876 2700 1934 2740 qui

1237 2747 1360 2784 petunt
1375 2743 1465 2785 quod
1481 2745 1551 2776 suis
1576 2745 1702 2777 viribus
1727 2756 1851 2788 capere
1868 2758 1933 2779 non

1237 2793 1414 2834 possunt:)
1423 2794 1577 2825 maluisse
1591 2798 1703 2826 tamen
1714 2796 1845 2828 Niciam
1858 2807 1932 2837 pro-

1238 2843 1380 2874 fundere
1400 2845 1545 2875 lauream
1564 2849 1594 2874 vt
1613 2845 1837 2887 dccus,quum
1852 2848 1934 2877 duos

1238 2894 1328 2927 cives
1355 2894 1545 2928 inhumatos
1575 2896 1777 2938 relinquere.
1825 2898 1933 2931 Quale
