2101 3419
699 370 749 400 IN

163 464 288 505 sicaque
302 475 397 507 regna
427 467 478 504 xli,
497 470 526 504 l,
543 471 562 499 8
599 468 719 500 Medici
744 469 864 512 imperii

161 508 245 547 origo
262 508 283 545 i,
300 511 330 545 3,
346 512 377 540 6.
400 510 465 547 xlii,
478 513 510 547 3,
524 513 546 542 6
568 510 674 548 fin1si,
690 515 724 551 6,
739 515 778 544 17

204 550 367 582 Mediocre
383 553 454 594 (pro
469 553 603 590 modico,
619 554 730 596 parvo)
757 555 809 590 vii,
831 557 864 590 3,

161 595 180 624 7
213 592 350 624 Freinsh.
385 594 546 626 mediocris
568 596 612 626 vir
640 596 720 638 (non
757 597 866 627 illustri

162 634 231 665 loco
254 636 362 677 natus)
376 638 397 674 i,
414 641 446 678 4,
459 640 480 669 4
502 638 583 668 haud
601 638 762 670 mediocris
786 639 865 669 fruc-

162 681 211 707 tus
222 679 303 718 (non
315 679 452 720 exiguus,
464 679 608 720 magnus)
630 680 673 717 iv,
685 683 716 716 2,
728 684 748 712 4
763 681 866 711 Vorst.

162 720 246 750 haud
260 721 420 752 mediocris
444 727 543 752 metus
558 722 642 762 capit
667 723 801 763 aliquem
824 722 866 758 xi,

163 765 194 797 1,
210 766 228 792 5
253 773 314 792 non
331 763 492 794 mediocris
514 764 647 804 populus
669 764 761 800 xxxii,
777 768 808 800 3,
826 767 866 794 12

162 814 226 834 non
252 805 404 836 mediocre
427 811 615 836 momentum
629 816 783 838 accessere
797 806 870 836 viri-

161 847 218 876 bus
248 846 408 878 Persarum
431 848 470 884 xi,
486 851 519 887 4,
547 850 592 882 12
624 859 687 878 non
716 849 869 880 mediocre

163 894 352 919 momentum
367 890 498 931 partium
520 890 584 926 xiii,
600 893 632 927 6,
648 894 688 922 12
712 902 782 923 cum
806 901 869 922 me-

161 931 259 1003 dliocri
273 932 361 962 turba
377 932 571 974 popularium
586 933 670 964 venit
690 933 722 964 in
748 933 870 964 Italiam

162 984 182 1003 x
195 972 239 1009 iii,
256 976 286 1009 1,
301 976 322 1004 6

205 1015 422 1047 Mediolanum
436 1016 596 1048 Gallorum
611 1018 731 1049 colonia
741 1029 790 1054 xx,
805 1022 837 1054 5,
850 1021 870 1049 8

208 1058 456 1090 Meditabundus
492 1060 607 1091 bellum
646 1061 769 1097 xxxviii,
793 1064 824 1097 3,
849 1064 869 1092 7

165 1100 233 1140 (Ita
247 1100 409 1132 Sallustius
432 1106 440 1119 ¹
452 1101 615 1132 vitabundi
629 1103 708 1133 tela'
727 1103 801 1143 Jug.
817 1106 870 1135 60.

166 1146 198 1175 4.
220 1147 252 1173 et
265 1147 273 1160 ‘
287 1143 427 1174 classem’
441 1143 524 1174 Hist.
536 1144 582 1185 iii,
596 1148 628 1181 3,
644 1146 682 1186 7)
698 1145 835 1176 Freinsh.

210 1185 360 1216 Meditari
374 1185 489 1217 bellum
510 1198 579 1224 xxv,
599 1191 632 1224 4,
660 1191 676 1220 1
710 1188 815 1228 fugam
838 1188 870 1218 in

165 1237 292 1268 regnum
315 1228 438 1265 xxxviii,
453 1232 484 1265 9,
498 1232 519 1261 4

210 1270 360 1301 Medius:
384 1271 487 1302 media
512 1272 577 1302 saxi
591 1282 682 1313 rupes
704 1273 785 1309 xxiV,
803 1276 835 1309 6,
851 1276 870 1304 7

169 1311 270 1344 media
283 1313 364 1343 inter
376 1319 536 1354 utramque
564 1315 719 1355 regionem
741 1316 814 1353 xliv,
841 1319 871 1351 l,

169 1358 190 1386 4
212 1354 326 1385 flumen
342 1365 396 1395 per
409 1357 540 1387 mediam
557 1357 661 1387 urbem
677 1357 809 1388 influens
830 1357 872 1394 xi,

168 1400 201 1433 8,
217 1400 236 1428 3
255 1398 354 1427 medio
370 1404 506 1440 tempore
524 1399 726 1440 (mitlerweil,
742 1401 800 1431 hoc
815 1406 873 1436 est,

169 1439 303 1478 interea)
319 1440 360 1476 iv,
376 1443 408 1477 3,
425 1444 441 1472 1
459 1440 597 1472 Freinsh.
619 1442 652 1478 ii,
668 1445 700 1478 4,
717 1446 747 1474 1.
780 1442 825 1478 iii,
841 1445 874 1479 2,

171 1484 191 1513 7
214 1482 307 1512 medii
321 1481 436 1513 itineris
450 1483 519 1514 loca
532 1484 617 1514 arida
638 1484 691 1520 xii,
704 1488 756 1521 10,
768 1488 786 1515 7
811 1496 875 1515 me-

171 1524 224 1554 dia
239 1525 365 1564 potione
381 1524 473 1566 (dum
487 1526 582 1567 bibis)
598 1526 650 1563 xii,
668 1529 720 1564 13,
736 1530 756 1559 8
771 1527 875 1558 Vorst.

217 1567 344 1597 Medius
357 1567 520 1598 Thessalus
534 1569 587 1604 xii,
603 1572 654 1604 13,
669 1572 689 1600 7

215 1608 332 1640 IMedus
348 1610 443 1650 AEgei
456 1621 492 1641 ex
508 1611 625 1642 Medea
639 1611 720 1642 filius
736 1611 769 1646 ii,
785 1614 816 1646 6,
835 1614 875 1643 14

173 1650 247 1723 {oui
272 1656 304 1681 et
332 1652 459 1683 Medius
481 1653 655 1694 appellatur
686 1653 752 1689 xlii,
767 1656 800 1690 2,
818 1654 875 1693 12)

200 1693 311 1724 reinsh.

218 1736 415 1777 Megabyzus
430 1737 470 1767 ad
493 1736 693 1778 subigendam
715 1737 875 1769 Thraciam

174 1788 194 1808 a
207 1777 304 1809 Dario
320 1779 427 1809 missus
453 1780 505 1815 vii,
533 1782 564 1815 3,
586 1783 602 1811 1
636 1780 781 1811 Bubaren
806 1791 876 1811 cum

175 1820 308 1851 exercitu
325 1822 356 1851 in
369 1822 589 1852 Macedoniam
604 1822 699 1852 mittit
720 1823 773 1858 vii,
788 1826 820 1859 3,
835 1826 854 1854 7

220 1863 352 1904 BIegara
366 1863 551 1895 aPisistrato
563 1875 651 1904 paene
667 1870 758 1904 capta
772 1865 805 1901 ii,
818 1869 849 1902 8,
858 1868 878 1897 4

218 1905 420 1946 Megarenses
447 1905 683 1937 Atheniensium
708 1907 822 1939 inimici
845 1908 879 1944 ii,

181 1952 214 1985 7,
226 1951 246 1979 7
272 1953 485 1989 strategemate
499 1949 663 1979 vincuntur
677 1949 711 1985 ii,
726 1952 758 1986 8,
773 1953 792 1980 3

221 1990 290 2021 Mel
304 1991 465 2021 inventurn
480 1990 545 2027 xiii,
559 1994 591 2027 7,
609 1994 659 2022 10.
682 1992 754 2027 xliv,
768 1994 835 2028 4,-1

221 2032 382 2074 Meleager
394 2033 458 2069 xiii,
473 2036 505 2068 2,
520 2036 551 2064 6.
582 2033 647 2070 xiii,
663 2036 693 2069 3,
709 2037 729 2065 2
756 2044 881 2065 summae

179 2085 277 2105 rerum
292 2075 455 2116 praeficitur
468 2075 533 2111 xiii,
549 2078 581 2112 4,
597 2080 615 2106 5

222 2116 337 2147 Melior
359 2118 435 2158 (hoc
457 2122 514 2157 est,
532 2116 649 2158 aptior)
674 2128 704 2154 ν,
719 2120 751 2154 2,
767 2121 787 2150 7
816 2117 884 2158 (Ita

179 2158 327 2200 Virgilius
339 2159 453 2200 Georg.
465 2160 486 2196 i,
497 2163 572 2192 286.
585 2166 617 2191 et
624 2161 698 2191 AEn.
711 2171 740 2196 v,
756 2164 808 2192 68.
824 2162 883 2191 hoc

182 2206 239 2237 est,
256 2201 375 2240 fortior)
391 2203 432 2238 ix,
447 2205 480 2239 2,
496 2205 517 2234 4
530 2203 581 2244 (et
592 2203 634 2233 ibi
645 2203 768 2243 notata)
776 2203 817 2239 xi,
831 2206 883 2240 13,

181 2247 204 2276 9
219 2243 316 2284 (sicut
331 2244 424 2276 etiam
448 2249 456 2262 ⁸
471 2244 586 2275 bonus'
600 2255 655 2286 pro
668 2245 737 2275 forti
749 2246 885 2285 ponitur,

183 2291 193 2305 ‘
206 2286 256 2316 ut’
271 2288 355 2327 apud
370 2286 546 2317 Sallustium
560 2287 634 2328 Jug.
650 2290 704 2318 63.
721 2290 771 2319 10.
783 2293 815 2318 et
825 2287 886 2317 Ta·

182 2328 277 2359 citum
304 2329 326 2365 i,
341 2332 373 2364 3,
390 2329 426 2369 1)
441 2328 466 2359 F
468 2329 579 2359 reinsh.
612 2330 749 2360 meliores
772 2329 887 2360 versifi-

183 2376 300 2401 catores
312 2371 353 2407 iv,
363 2374 395 2405 9,
406 2373 426 2401 4
449 2372 488 2401 ad
500 2371 625 2401 meliora
635 2371 740 2411 patriae
751 2376 888 2412 tempora

185 2423 217 2443 se
232 2423 381 2443 reservare
396 2413 429 2448 ii,
441 2415 493 2449 11,
510 2417 562 2444 15.
583 2413 688 2449 xxviii,
702 2416 734 2449 4,
749 2417 770 2445 9

229 2455 373 2485 Membra
388 2455 487 2486 lacera
508 2455 630 2491 xxxviii,
656 2458 688 2491 8,
705 2458 744 2486 15
780 2454 887 2485 civitas

186 2507 242 2538 per
253 2497 347 2527 multa
358 2498 491 2528 membra
501 2497 598 2528 divisa
612 2508 642 2534 v,
656 2500 707 2532 10,
716 2500 757 2528 10
779 2497 888 2527 Achaei

188 2550 243 2580 per
268 2539 407 2570 civitates
431 2540 526 2570 veluti
555 2549 609 2579 per
637 2540 771 2570 membra
798 2539 888 2569 divisi

187 2582 289 2617 xxxiv,
306 2585 335 2617 1,
351 2585 371 2613 2
404 2592 514 2623 corpus
539 2581 572 2611 in
599 2582 732 2612 membra
757 2581 888 2611 divisum

187 2623 311 2660 xxxviii,
326 2627 358 2660 8,
373 2627 411 2655 15
447 2625 570 2654 urbibus
584 2624 681 2655 veluti
694 2623 780 2665 regni
794 2634 889 2654 mem-

189 2666 248 2696 bris
264 2667 379 2696 amissis
390 2677 459 2703 xxx,
474 2670 506 2704 4,
524 2669 562 2697 17

232 2709 414 2739 Meminisse
443 2709 485 2746 xi,
508 2711 562 2744 13,
591 2709 622 2739 9.
665 2707 769 2744 xxviii,
797 2711 829 2744 2,
858 2710 889 2739 3.

190 2751 290 2786 xxxvi,
305 2753 338 2791 2,
355 2754 394 2782 15
418 2761 476 2782 uec
486 2750 556 2782 belli
569 2750 772 2791 periculorum
785 2750 891 2781 memi-

190 2798 300 2823 nerant
313 2793 398 2834 (pro,
413 2803 476 2823 non
493 2792 673 2833 cogitabant
687 2793 726 2824 de
741 2792 822 2824 bello
837 2803 890 2834 ge-

191 2835 306 2875 rendo)
320 2836 360 2872 xi,
377 2839 409 2871 5,
423 2839 444 2867 9
459 2835 560 2866 Vorst.

235 2877 359 2908 Memor
373 2879 474 2908 adhuc
489 2878 616 2908 Darium
632 2877 731 2908 vivere
746 2877 786 2914 xi,
803 2880 855 2913 10,
871 2880 891 2909 4

194 2930 353 2956 memoreS,
368 2931 400 2951 se
422 2919 489 2960 ejus
504 2931 597 2960 opera
611 2920 733 2961 adjutos
758 2931 786 2956 ν,
803 2923 854 2955 11,
870 2923 891 2951 6

237 2973 352 3016 Delph.
365 2977 396 3006 et
416 2973 486 3006 Var.
504 2974 586 3006 Clas.

784 368 1053 402 JUSTINUM.

1476 358 1611 403 lxxxi

913 478 1060 500 memores
1075 467 1200 508 originis
1216 467 1277 504 xlii,
1294 471 1325 503 3,
1341 470 1360 499 4

953 511 1165 542 Memorabilis
1180 510 1299 540 Parthis
1314 511 1445 541 Arsaces
1474 511 1525 547 xli,
1542 515 1573 547 5,
1591 517 1609 544 5

912 553 1001 594 pellis
1015 553 1116 583 arietis
1131 553 1332 583 memorabilis
1347 554 1488 594 gentibus
1503 554 1566 589 xlii,
1579 558 1612 590 2,

914 598 954 627 10
989 594 1022 625 in
1046 605 1107 635 qua
1119 595 1246 626 victoria
1259 597 1351 625 ctiam
1368 596 1443 625 illud
1464 607 1612 626 memora-

915 637 974 667 bile
990 637 1049 666 suit
1071 637 1092 672 i,
1108 639 1140 672 8,
1158 640 1196 668 12
1230 637 1322 678 hujus
1346 638 1400 667 viri
1415 638 1494 668 inter
1518 639 1614 668 multa

914 679 1037 719 egregia
1059 685 1091 709 et
1106 679 1182 708 illud
1208 680 1400 710 memorabile
1415 680 1473 710 suit
1498 680 1530 716 ii,
1546 684 1578 717 7,
1594 684 1614 712 6

915 731 1000 760 reges
1016 721 1104 751 variis
1126 721 1246 751 casibus
1259 722 1469 752 memorabiles
1493 723 1513 757 i,
1526 726 1558 759 7,
1576 722 1615 754 11

915 763 1125 793 memorabiles
1140 763 1269 803 alicujus
1284 774 1371 794 casus
1383 764 1505 799 xxxviii,
1515 769 1547 800 9,
1565 769 1580 796 l

958 805 1132 835 Memorare
1146 817 1153 835 z
1169 816 1260 846 quem
1276 807 1388 836 bellum
1405 806 1521 837 Graecis
1536 808 1619 838 intu-

917 847 987 878 lisse
1001 848 1234 878 memoravimus
1248 859 1297 883 xx,
1313 852 1344 883 5,
1359 851 1374 878 1

959 890 1121 920 Memoriae
1132 890 1360 931 patrisaliquem
1372 891 1486 920 donare
1497 891 1619 927 xxxviii,

918 935 949 967 6,
965 935 986 963 6
1009 933 1162 963 memoriae
1175 932 1306 972 alicujus
1321 934 1467 962 honorem
1490 934 1621 964 tribuere

918 974 972 1014 xli,
987 977 1018 1011 5,
1036 978 1056 1006 6
1079 975 1110 1005 ὶη
1126 975 1299 1006 memoriam
1315 975 1423 1005 somnii
1440 976 1571 1005 revocari
1598 977 1619 1011 i,

918 1021 951 1051 5,
967 1020 985 1048 3
1003 1017 1034 1046 in
1047 1017 1219 1047 memoriam
1232 1017 1362 1058 alicujus
1377 1018 1450 1048 facti
1465 1018 1598 1048 revocari
1614 1030 1620 1047 :

918 1058 1000 1089 Vide
1016 1059 1175 1090 Revocare

962 1101 1147 1143 Menalippe
1170 1101 1308 1132 Amazon
1325 1103 1363 1133 ab
1379 1101 1513 1132 Hercule
1529 1107 1621 1141 capta

919 1143 951 1179 ii,
967 1146 1000 1179 4,
1015 1147 1055 1175 23
1080 1144 1198 1174 traditis
1213 1155 1230 1174 a
1246 1155 1346 1175 sorore
1363 1145 1451 1175 armis
1466 1145 1623 1175 redimitur

918 1185 951 1222 ii,
968 1189 1001 1221 4,
1015 1190 1055 1217 25
1272 1214 1276 1217 .

963 1229 1138 1259 Menander
1152 1229 1184 1258 in
1198 1228 1350 1259 divisione
1362 1228 1478 1269 imperii
1489 1228 1623 1260 Alexan-

920 1270 964 1301 dri
980 1270 1110 1312 Lydiam
1125 1271 1249 1301 sortitur
1263 1270 1327 1306 xiii,
1342 1274 1373 1305 4,
1392 1275 1429 1302 15

963 1313 1133 1344 Mendacio
1149 1314 1235 1344 Deos
1250 1314 1377 1344 illudere
1393 1314 1454 1348 xvi,
1471 1318 1503 1348 5,
1520 1317 1557 1345 11

963 1355 1129 1386 Menelaus
1153 1356 1340 1397 (Alexandri
1367 1356 1477 1397 Magni
1494 1356 1625 1397 abavus)

923 1397 976 1431 vii,
992 1400 1024 1433 4,
1041 1401 1060 1428 3

966 1439 1131 1470 Menelaus
1156 1439 1311 1481 (Philippi
1334 1440 1423 1481 primi
1438 1440 1546 1482 frater)
1572 1440 1624 1477 vii,

923 1484 954 1518 4,
972 1486 990 1514 5
1014 1483 1053 1512 ab
1068 1483 1176 1513 eodem
1194 1482 1345 1513 occiditur
1361 1483 1423 1519 viii,
1439 1486 1469 1519 3,
1489 1486 1526 1514 ll

966 1523 1131 1556 Menelaus
1157 1525 1337 1565 (Ptolemaei
1361 1526 1448 1566 primi
1477 1525 1586 1564 frater)
1609 1536 1627 1555 a

924 1565 1084 1597 Demetrio
1107 1567 1205 1608 primo
1230 1573 1339 1609 captus
1362 1568 1445 1598 fratri
1468 1567 1631 1599 remittitur

926 1620 976 1645 XV,
992 1612 1024 1645 2,
1041 1613 1059 1640 7

967 1651 1061 1682 Meus
1077 1663 1084 1681 :
1110 1656 1216 1691 gentes
1241 1651 1350 1682 mentis
1377 1652 1480 1682 infidae
1504 1652 1544 1687 xi,
1563 1655 1592 1688 1,
1608 1655 1633 1683 6

925 1694 1032 1724 ardore
1047 1695 1156 1724 mentis
1166 1694 1308 1724 incensus
1323 1694 1362 1730 xi,
1374 1698 1406 1730 5,
1417 1697 1437 1726 4
1453 1695 1631 1735 repentinus

926 1735 1061 1777 impetus
1076 1736 1186 1766 mentis
1201 1737 1254 1772 xii,
1268 1740 1300 1772 7,
1317 1740 1336 1767 8
1361 1736 1425 1767 sine
1439 1738 1501 1768 ullo
1519 1738 1629 1767 tristio-

927 1779 966 1808 ris
982 1778 1092 1809 mentis
1116 1784 1295 1819 argumento
1320 1780 1375 1816 xii,
1392 1782 1444 1815 15,
1461 1783 1480 1811 3
1513 1785 1630 1810 mentes

928 1825 1030 1851 vatum
1046 1821 1077 1850 in
1093 1821 1264 1851 vecordiam
1278 1822 1368 1852 vertit
1385 1823 1463 1857 xxiV,
1478 1825 1510 1858 6,
1526 1826 1547 1852 9

969 1863 1090 1893 Eleusis
1103 1875 1110 1893 ι
1127 1873 1230 1894 mense
1243 1868 1351 1894 octavo
1366 1870 1474 1894 exacto
1488 1864 1550 1900 xiii,
1564 1867 1595 1900 2,
1613 1869 1631 1896 5

928 1911 999 1946 post
1014 1916 1132 1935 menses
1147 1906 1313 1936 admodum
1334 1913 1451 1946 septem
1476 1907 1549 1942 xvii,
1565 1910 1597 1942 2,
1613 1910 1633 1938 4

928 1953 1000 1978 ante
1015 1958 1135 1978 menses
1151 1959 1199 1984 xX,
1211 1952 1244 1984 5,
1254 1951 1274 1979 4
1299 1949 1466 1989 interjectis
1479 1950 1632 1979 mensibus

931 1990 1054 2025 xxxviii,
1071 1993 1101 2025 l,
1116 1993 1137 2021 6

972 2032 1166 2062 Mentionem
1182 2032 1292 2063 habere
1308 2032 1379 2073 (pro
1396 2038 1491 2063 ment.
1517 2033 1635 2073 facere)

930 2086 960 2111 x,
977 2077 1008 2110 2,
1024 2077 1044 2105 2
1060 2074 1197 2105 Freinsh.
1230 2075 1347 2105 mentio
1362 2081 1428 2105 orta
1442 2086 1539 2106 rerum
1567 2086 1635 2116 ges-

931 2123 1030 2147 tarum
1044 2116 1124 2147 inter
1138 2116 1237 2147 ebrios
1252 2117 1305 2153 xii,
1321 2120 1353 2153 6,
1369 2121 1388 2148 2

976 2159 1105 2189 Mentiri
1120 2169 1225 2189 sexum
1241 2160 1263 2196 i,
1278 2163 1310 2196 2,
1325 2163 1345 2191 4
1369 2159 1515 2200 originem
1538 2161 1635 2191 alicu-

928 2201 981 2243 jus
995 2212 1084 2237 xxxV,
1101 2204 1132 2236 2,
1148 2204 1168 2232 4

977 2243 1110 2274 Mercari
1125 2244 1163 2273 ab
1180 2243 1295 2283 aliquo,
1310 2248 1345 2273 ut
1359 2244 1481 2274 differat
1496 2244 1576 2274 bella
1593 2244 1633 2279 vi,

934 2289 992 2322 l,5
1007 2286 1108 2326 (quod
1124 2286 1208 2321 alibi,
1220 2285 1366 2316 redimere
1380 2286 1520 2326 bellum).
1534 2286 1635 2316 Vorst.

934 2327 1060 2358 mercari
1076 2338 1182 2367 pacem
1197 2327 1316 2368 ingenti
1330 2329 1461 2367 pecunia
1476 2328 1555 2363 xxiv,
1571 2331 1602 2364 4,
1617 2331 1635 2359 7

976 2370 1166 2400 Mercatores
1182 2369 1334 2410 peregrini
1347 2370 1446 2405 xxxvi,
1462 2373 1493 2405 2,
1510 2374 1530 2401 6

978 2412 1137 2442 Mercatus
1152 2411 1355 2452 Olympiacus
1370 2411 1435 2447 xiii,
1452 2416 1483 2447 5,
1499 2415 1517 2442 3
1534 2412 1638 2451 (Mer-

936 2459 1022 2485 catus
1037 2459 1139 2484 autem
1154 2453 1276 2489 dicitur,
1301 2454 1373 2494 quia
1394 2459 1455 2484 tam
1470 2454 1583 2484 celebri
1605 2455 1638 2484 in

937 2501 1090 2528 conventu
1106 2500 1303 2526 mercaturam
1320 2500 1352 2526 et
1376 2496 1531 2526 nundinas
1552 2507 1638 2526 exer-

937 2539 998 2570 ceri
1014 2538 1134 2568 occasio
1158 2538 1239 2567 fuit:
1261 2539 1334 2568 hinc
1350 2538 1474 2578 quidam
1503 2544 1638 2568 nostrum

937 2580 1119 2612 vocabulum
1131 2580 1182 2611 die
1194 2580 1308 2616 Messe,
1324 2590 1342 2610 a
1354 2580 1453 2611 Missa
1468 2581 1635 2611 derivatum

937 2633 997 2654 nec
1011 2623 1141 2653 absurde
1156 2627 1278 2662 putant,
1294 2624 1377 2663 quod
1393 2633 1430 2652 eo
1448 2623 1637 2663 potissimum

937 2670 1085 2705 tempore,
1115 2675 1184 2695 cum
1206 2664 1314 2695 Missae
1339 2665 1531 2706 legebantur,
1555 2666 1640 2705 quod

938 2707 1114 2748 priusquam
1142 2706 1263 2736 viliores
1298 2717 1364 2737 esse
1400 2712 1566 2747 coeperant,
1595 2708 1639 2737 bis

939 2755 992 2780 aut
1007 2755 1051 2780 ter
1065 2749 1230 2790 quotannis
1239 2749 1344 2786 fiebat,
1361 2756 1484 2789 propter
1498 2751 1640 2789 frequen-

940 2792 1013 2822 tiam
1028 2802 1066 2822 eo
1081 2791 1269 2822 venientium
1294 2792 1441 2822 nundinae
1468 2792 1641 2823 committe-

939 2834 1067 2874 bantur)
1082 2834 1218 2864 Freinsh-

983 2877 1128 2907 Merces:
1153 2881 1213 2906 tam
1230 2876 1311 2906 foeda
1337 2875 1367 2905 ei
1392 2885 1506 2909 merces
1522 2877 1641 2907 reddita

940 2919 992 2956 xii,
1005 2922 1038 2957 6,
1055 2922 1093 2952 ll
1138 2923 1230 2960 pacta
1255 2919 1394 2951 mercede
1422 2919 1533 2950 bellum
1564 2921 1644 2950 redte

843 2972 913 3005 Ind.
929 2973 1013 3005 Just.
1578 2973 1589 3002 l
