2101 3419
392 357 512 399 cxliv

435 465 509 506 Ung
511 465 561 495 ula
575 464 647 504 equi
676 462 730 500 xii,
746 466 799 501 14,
813 466 833 495 7

434 475 554 539 Unicus
568 506 677 536 filius
669 516 691 542 1,
706 509 738 542 8,
754 509 786 537 9.
807 505 879 542 xvii,
894 508 982 543 3,10
999 505 1090 535 unica

392 550 455 580 filia.
477 549 558 585 xxvi,
573 551 605 585 3,
620 551 640 579 2
663 549 754 579 unica
768 548 910 589 praesidia
930 548 992 585 xiV‚
1004 551 1035 584 2,
1048 551 1068 578 8

435 591 547 621 Unitas
562 591 670 620 mundi
691 591 724 627 ii,
741 594 770 627 l,
786 594 826 622 14

435 634 604 664 Universus
615 633 748 673 populus
771 633 793 669 i,
810 636 862 669 10,
878 636 919 664 10
943 632 1091 663 universis

393 676 497 708 castris
511 676 609 717 (idem
625 676 708 716 quod
722 675 794 705 totis
809 675 931 716 castris)
956 675 1008 711 xii,
1023 679 1054 711 5,
1070 678 1091 707 4

392 719 418 749 F
420 719 531 749 reinsh.
553 718 701 748 universae
716 718 814 758 copiae
840 717 949 759 (totae)
973 717 1007 753 ii,
1022 720 1054 753 3,
1069 720 1091 749 4

393 761 499 791 Vorst.
536 771 698 791 commune
726 761 936 790 universorum
974 759 1091 790 bellum

394 814 443 840 xv,
458 806 491 839 2,
508 805 547 834 15
571 813 635 833 non
660 802 861 844 singulorum,
889 803 944 833 sed
971 802 1091 833 univer-

395 856 496 876 sorum
511 850 558 876 est
569 846 628 875 hoc
644 856 722 886 opus
743 845 825 881 xxxi,
839 848 872 881 4,
887 848 908 876 2

436 887 583 928 Unquam
605 887 650 924 iii,
665 892 698 925 5,
713 890 765 919 14.
790 887 856 926 viii,
871 891 902 924 2,
919 890 970 919 11.
1001 886 1043 924 xi,
1058 889 1092 923 4,

395 933 426 963 3.
448 930 501 967 xii,
516 933 569 967 16,
584 932 624 961 ll

438 973 527 1003 Unus
543 983 579 1003 ex
595 971 725 1012 captivis
747 972 789 1008 xi,
804 974 837 1008 4,
852 975 868 1003 1
900 981 936 1001 ex
965 971 1093 1002 medicis

395 1015 437 1051 xi,
454 1018 485 1051 8,
501 1019 519 1046 5
557 1025 594 1045 ex
617 1014 723 1044 amicis
758 1014 811 1050 xii,
826 1018 858 1050 5,
875 1016 915 1044 10
938 1024 955 1043 e
971 1014 1093 1043 senibus

395 1057 450 1094 xii,
465 1061 499 1094 6,
513 1060 532 1088 3
562 1067 658 1086 unum
681 1056 784 1086 Deum
799 1057 929 1086 credunt
943 1055 1045 1086 Solem
1071 1056 1093 1092 i,

397 1103 450 1136 10,
466 1105 485 1131 5
509 1109 572 1129 uno
586 1099 619 1129 in
636 1098 698 1128 viro
711 1098 874 1128 maximum
885 1098 1037 1128 interdum
1054 1099 1094 1128 ad

395 1141 524 1182 imperia
537 1144 726 1171 momentum
747 1143 825 1177 v‚4‚
842 1143 882 1172 12
898 1150 977 1170 unus
992 1141 1032 1170 de
1046 1140 1094 1169 in-

396 1183 607 1214 terfectoribus
633 1182 706 1223 (pro
735 1182 858 1223 aliquis,
887 1182 1032 1222 quidam)
1073 1183 1095 1219 i,

398 1230 451 1262 10,
468 1230 507 1258 15
531 1225 665 1274 (Aliter)
679 1235 759 1255 unus
783 1235 820 1255 ex
846 1225 924 1265 regis
950 1225 1020 1255 filiis
1050 1225 1095 1261 iii,

398 1272 429 1305 1,
446 1272 465 1299 5
489 1272 562 1297 aetas
577 1267 697 1308 utrique
719 1277 781 1297 una
803 1266 877 1308 (pro
903 1267 1030 1308 eadem)
1052 1268 1096 1304 vi,

397 1314 430 1347 2,
447 1313 466 1341 8
489 1309 592 1340 Vorst.
628 1320 692 1340 non
706 1320 743 1340 ex
758 1320 820 1339 una
847 1314 949 1349 gente,
979 1310 1033 1340 sed
1058 1320 1095 1340 ex

398 1357 464 1383 toto
479 1356 623 1382 terrarum
637 1353 710 1383 orbe
733 1352 824 1383 electi
845 1352 909 1389 xiii,
925 1355 955 1389 1,
974 1355 1010 1383 11
1035 1362 1098 1383 una

402 1405 488 1425 mora
509 1395 590 1430 xxix,
602 1397 635 1430 2,
650 1397 670 1426 9

441 1437 636 1467 Vocabulum
654 1448 661 1466 :
691 1437 751 1467 hoc
780 1436 917 1477 ipsorum
945 1436 1097 1467 vocabulo

400 1479 614 1510 manifestatur
634 1479 687 1516 xli,
704 1482 734 1515 1,
749 1481 769 1509 2
806 1478 879 1509 Istri
903 1489 922 1509 a
945 1479 1097 1510 vocabulo

404 1522 500 1552 amnis
513 1521 661 1563 appellati
688 1521 781 1557 xxxii,
796 1524 828 1558 3,
845 1525 884 1552 15

443 1564 565 1594 Vocare
592 1564 624 1594 in
653 1564 824 1604 portionem
847 1563 980 1594 muneris
1004 1563 1099 1603 (sive,

403 1611 437 1637 ut
451 1617 519 1636 meo
530 1605 652 1646 judicio
666 1607 745 1637 bene
756 1606 831 1646 legit
843 1606 927 1636 Nob.
950 1606 1098 1642 Sebisius,

401 1654 410 1667 ⁴
420 1649 544 1685 oneris,'
559 1649 617 1679 hoc
625 1653 681 1685 est,
690 1648 793 1688 partiri
803 1659 924 1684 munus,
932 1648 1100 1685 onus,'cum

402 1691 523 1732 aliquo)
539 1701 569 1727 v,
585 1694 617 1728 2,
631 1694 652 1722 9
667 1691 746 1733 (Ita,
763 1695 771 1708 ¹
785 1691 817 1721 in
829 1696 946 1732 partem
961 1701 1100 1721 curarum

404 1734 443 1764 ab
459 1733 602 1773 Augusto
628 1744 661 1764 se
683 1733 850 1770 vocatum‚'
873 1733 950 1764 dicit
961 1733 1101 1763 Tiberius

403 1776 487 1816 apud
502 1776 643 1806 Tacitum
665 1775 686 1811 i,
701 1778 753 1812 11,
769 1775 807 1817 4)
828 1775 853 1806 F
856 1776 968 1806 reinsh.
993 1785 1102 1806 vocare

404 1818 437 1848 in
453 1818 599 1848 auxilium
622 1818 662 1854 iv,
679 1821 710 1854 3,
727 1821 756 1849 1.
779 1828 809 1854 v,
825 1821 856 1854 3,
872 1822 902 1850 3.
939 1819 1019 1854 xxiv,
1035 1823 1066 1855 5,
1082 1820 1103 1849 9

403 1861 507 1890 vocari
522 1860 553 1890 in
568 1860 757 1900 colloquium
778 1860 821 1897 vi,
838 1864 868 1897 l,
884 1864 903 1892 3
940 1871 1048 1891 vocare
1072 1860 1104 1890 in

404 1902 579 1934 convivium
601 1902 655 1940 xii,
670 1907 702 1940 6,
720 1906 735 1933 l
774 1903 812 1933 ad
836 1903 1016 1934 concionem
1043 1903 1104 1938 xiv,

406 1949 438 1982 1,
454 1948 505 1976 10.
527 1945 587 1981 xvi,
602 1948 635 1982 4,
652 1948 692 1976 12
714 1945 746 1974 in
762 1945 942 1976 concionem
964 1946 1025 1982 xvi,
1039 1949 1069 1981 l,
1085 1949 1106 1976 9

405 1997 515 2018 vocare
532 1988 634 2017 urbem
649 1997 686 2017 ex
698 1987 823 2018 nomine
833 1987 963 2029 alicujus
978 1998 1029 2024 xv,
1041 1991 1106 2024 4,8

406 2034 518 2060 vocant
529 2030 592 2059 fata
603 2029 683 2059 urbis
693 2029 826 2070 aliquem
837 2030 941 2070 aliquo
952 2030 1036 2066 xviii,
1047 2033 1078 2066 6,
1086 2034 1104 2060 5

449 2071 620 2102 Vociferari
641 2071 703 2107 xiv,
719 2075 750 2106 6,
768 2075 820 2102 11.
842 2073 914 2109 xxii,
930 2075 962 2108 7,
978 2074 1018 2104 11

448 2113 640 2144 vociferatio
663 2113 725 2149 xix,
741 2115 773 2149 3,
790 2116 825 2144 11

450 2155 597 2186 Vocontii
609 2155 701 2196 Trogi
716 2155 847 2195 majores
869 2155 945 2192 xliii,
960 2159 993 2192 5,
1010 2158 1049 2187 ll

450 2197 619 2229 Volumina
635 2198 707 2238 (pro
721 2197 831 2238 libris),
848 2198 940 2228 Praef.
954 2201 974 2229 4
990 2198 1094 2229 Vorst.

451 2240 654 2271 Voluntarius
667 2251 674 2270 ι
687 2240 862 2270 verberibus
873 2240 1050 2271 voluntariis
1063 2241 1108 2271 af-

413 2283 512 2314 fectus
534 2282 567 2318 ii,
582 2286 613 2317 8,
628 2285 647 2313 7
671 2282 841 2312 voluntaria
855 2292 934 2312 mors
962 2283 1005 2318 iv,
1019 2287 1050 2319 5,
1067 2286 1108 2314 10

413 2326 446 2356 in
460 2324 666 2355 voluntarium
681 2324 805 2354 exilium
821 2324 974 2365 proficisci
996 2336 1025 2360 ν,
1041 2329 1073 2363 5,
1089 2328 1109 2357 8

411 2368 551 2399 civitates
564 2367 699 2407 recipere
714 2367 899 2397 voluntarias
920 2378 951 2404 v,
967 2370 998 2403 7,
1015 2371 1033 2398 3

455 2410 608 2440 Voluntas
624 2409 773 2440 moriendi
795 2409 849 2446 xii,
863 2412 895 2444 6,
917 2412 938 2441 9
964 2410 1111 2441 scelerata

413 2452 555 2482 voluntas
577 2451 658 2489 xxiv,
673 2454 704 2489 2,
720 2455 739 2483 3
763 2457 848 2493 grata
863 2452 1003 2483 voluntas
1030 2454 1109 2489 xxiv,

457 2535 649 2577 Voluptariae
664 2536 872 2577 possessiones
895 2535 975 2573 xxxi,
988 2539 1018 2572 8,
1034 2540 1056 2568 9

457 2579 613 2619 Voluptas
626 2578 755 2610 Veneris
777 2579 798 2615 i,
816 2582 867 2614 10,
882 2582 901 2610 7
931 2590 993 2609 non
1017 2578 1113 2619 major

415 2621 461 2651 illi
475 2632 513 2652 ex
533 2621 660 2662 imperio
686 2631 777 2661 quarn
802 2632 839 2651 ex
865 2621 945 2652 bello
972 2622 1114 2670 voluptas

416 2674 485 2699 xxv,
499 2666 531 2699 4,
544 2666 564 2695 2
579 2663 770 2704 voluptatum
786 2663 975 2694 conscientia
989 2664 1010 2702 i,
1025 2668 1113 2700 7,15

417 2705 593 2746 voluptates
607 2705 804 2736 venationum
826 2706 880 2742 xli,
896 2710 927 2743 5,
943 2709 963 2737 4

462 2747 603 2778 Volutari
617 2758 687 2778 cum
704 2753 845 2788 serpente
859 2749 923 2778 visa
939 2748 990 2783 xii,
1006 2751 1057 2785 16,
1074 2752 1094 2779 2

462 2789 587 2831 Vorago
599 2790 671 2830 (pro
680 2791 854 2821 vorticibus.
870 2791 914 2823 W
915 2791 999 2822 iit-bel
1008 2791 1040 2821 in
1048 2793 1115 2822 dem

425 2831 569 2873 Wasser)
591 2833 632 2867 iv,
649 2836 679 2868 l,
697 2835 737 2864 10
760 2833 895 2863 Freinsh.

465 2874 598 2904 Vorare:
615 2876 713 2905 oriens
732 2875 889 2915 imperium
908 2874 1117 2906 Romanorum

424 2921 509 2946 vetus
525 2916 701 2955 Graecoruin
718 2923 889 2949 voraturum
911 2929 978 2953 xxx,
994 2920 1024 2953 4,
1041 2920 1060 2949 4

1046 364 1206 396 INDEX

1183 462 1323 495 vortices
1337 463 1433 495 Siculi
1455 463 1495 500 iv,
1514 467 1543 499 1,
1559 466 1596 494 ll

1181 505 1265 536 Voto
1291 505 1406 546 majora
1429 506 1663 536 Atheniensium
1683 516 1777 547 opera
1797 507 1832 544 ii,

1138 551 1170 585 6,
1187 550 1204 578 1
1223 549 1300 578 votis
1314 559 1377 579 non
1390 549 1554 588 agendum,
1571 549 1623 578 ubi
1637 549 1772 589 pericula
1785 549 1833 579 in-

1139 595 1222 620 stant
1242 591 1322 627 xxiv,
1338 596 1369 626 5,
1386 594 1426 622 12
1461 592 1499 620 ad
1517 596 1590 621 vota
1604 592 1676 621 belli
1691 602 1756 621 aras
1772 597 1833 622 sta-

1140 638 1225 663 tuere
1247 633 1288 669 xi,
1305 636 1371 669 5,4
1400 633 1477 663 votis
1502 634 1605 663 hostes
1632 634 1753 664 vincere
1782 634 1833 675 (id

1140 680 1197 711 est,
1213 675 1283 715 plus
1297 676 1425 715 vovere)
1448 686 1497 711 XX,
1515 679 1546 712 3,
1559 679 1577 707 3
1600 675 1704 706 Vorst.
1729 682 1834 706 votum

1139 718 1339 748 intermittere
1360 717 1421 753 xxi,
1438 720 1468 753 3,
1481 721 1500 749 3
1523 723 1595 747 voto
1612 718 1735 758 publico
1747 719 1836 759 fungi

1139 760 1200 796 xxi,
1215 763 1246 796 3,
1259 763 1279 791 4
1294 770 1385 801 supra
1399 766 1470 790 vota
1479 771 1525 790 res
1539 760 1639 790 fluunt
1653 761 1736 797 xxiii,
1749 764 1780 797 3,
1794 765 1835 792 12

1182 802 1304 833 Vovere
1320 807 1451 833 statuam
1476 802 1547 832 Deo
1570 803 1611 840 ix,
1627 806 1658 839 2,
1677 806 1716 834 10
1752 804 1837 834 deci-

1140 855 1218 880 mas,
1232 855 1329 875 nonas
1351 856 1400 881 xx,
1417 848 1448 881 3,
1465 848 1483 876 3

1184 887 1255 917 Vox
1285 886 1424 918 Africani
1455 886 1535 923 xxxi,
1566 889 1597 923 7,
1628 891 1659 918 5.
1702 888 1782 922 xxxi,
1805 890 1837 923 8,

1143 932 1163 960 8
1196 929 1365 960 Alexandri
1393 930 1515 969 quaesiti
1552 939 1645 969 quem
1684 930 1838 960 haeredem

1141 972 1256 1002 faceret
1278 972 1330 1008 xii,
1346 975 1398 1006 15,
1414 975 1433 1003 8
1456 971 1671 1002 Dardanorum
1694 972 1773 1012 regis
1799 972 1839 1002 de

1143 1014 1313 1044 temeritate
1333 1014 1494 1044 Ptolemaei
1518 1014 1688 1054 (Cerauni)
1710 1014 1791 1050 xxiV,
1807 1019 1840 1050 4,

1143 1059 1182 1087 11
1220 1055 1446 1096 Epaminondae
1472 1056 1628 1087 morientis
1664 1056 1706 1092 vi,
1736 1059 1768 1091 8,
1798 1059 1838 1087 13

1143 1098 1280 1139 Gobryae
1303 1099 1325 1134 i,
1341 1101 1372 1134 9,
1387 1101 1428 1130 22
1462 1099 1611 1128 Leonidae
1632 1099 1666 1134 ii,
1691 1102 1742 1135 11,
1759 1103 1777 1130 5
1809 1102 1841 1128 et

1144 1144 1183 1172 11
1208 1141 1449 1181 Philopoemenis
1476 1141 1631 1171 morientis
1663 1142 1756 1176 xxxii,
1773 1144 1839 1179 1,9

1144 1182 1254 1224 Pyrrhi
1270 1183 1310 1213 de
1326 1193 1402 1213 nece
1417 1183 1471 1213 filii
1486 1184 1532 1216 sui
1564 1194 1633 1219 xxv,
1648 1186 1680 1218 4,
1704 1187 1743 1215 10
1779 1183 1841 1213 To-

1144 1225 1238 1267 myris
1253 1225 1285 1255 in
1300 1230 1396 1256 morte
1412 1225 1488 1266 Cyri
1510 1226 1531 1262 i,
1549 1229 1580 1262 8,
1597 1229 1636 1257 13
1658 1225 1842 1266 Thrasybuli

1144 1279 1174 1303 v,
1193 1271 1243 1304 10,
1261 1270 1277 1298 1
1301 1268 1505 1308 tyrannicidae
1520 1268 1636 1298 Athen.
1650 1268 1683 1303 ii,
1698 1271 1731 1304 9,
1747 1273 1765 1299 5
1783 1279 1842 1297 vox

1144 1310 1218 1350 (pro
1246 1310 1362 1350 lingua,
1392 1311 1555 1350 idiomate)
1591 1311 1633 1348 xi,
1656 1313 1708 1347 15,
1729 1314 1750 1341 6
1787 1321 1842 1351 pro

1145 1352 1283 1383 oratione
1305 1353 1365 1386 xiv.
1382 1356 1411 1388 1,
1427 1357 1446 1384 5
1471 1353 1607 1385 Freinsh.

1188 1394 1332 1426 Urbanus
1359 1395 1493 1436 populus
1515 1395 1557 1432 vi,
1583 1399 1616 1433 9,
1631 1398 1650 1427 5
1675 1405 1725 1425 rus
1755 1395 1844 1424 urba-

1145 1447 1220 1467 num
1242 1438 1323 1474 xxxi,
1338 1440 1370 1473 2,
1387 1441 1406 1469 3

1189 1479 1270 1510 Urbs
1299 1480 1371 1521 (pro
1401 1479 1536 1519 civibus)
1564 1479 1654 1510 urbes
1683 1479 1844 1510 transferre

1147 1522 1211 1558 viii,
1227 1526 1257 1558 5,
1275 1525 1294 1553 7
1319 1523 1385 1553 urbi
1399 1522 1573 1553 consultum
1588 1533 1653 1552 esse
1669 1522 1747 1552 velle
1761 1521 1847 1558 xviii,

1147 1568 1179 1600 6,
1193 1567 1214 1595 4
1238 1565 1326 1595 urbes
1340 1575 1372 1595 se
1386 1565 1415 1595 ei
1427 1565 1551 1595 tradunt
1572 1565 1644 1601 xxii,
1660 1567 1691 1600 8,
1707 1567 1726 1596 3
1742 1564 1847 1595 Vorst.

1148 1606 1278 1637 modicae
1293 1608 1381 1638 urbes
1405 1608 1446 1644 ix,
1461 1610 1491 1642 1,
1509 1610 1525 1638 1
1560 1607 1644 1637 mille
1659 1608 1749 1637 urbes
1764 1607 1848 1637 Bac-

1148 1649 1255 1679 trianae
1271 1649 1325 1685 xli,
1340 1653 1373 1686 4,
1383 1653 1401 1680 6
1416 1650 1448 1679 in
1463 1650 1713 1690 supplementum
1727 1649 1847 1680 urbium

1150 1691 1233 1721 bello
1249 1697 1356 1732 captos
1371 1692 1508 1722 dividere
1530 1691 1594 1726 viii,
1609 1695 1641 1727 6,
1658 1695 1676 1723 l

1194 1733 1289 1764 Urere
1303 1735 1412 1775 (etiarn
1423 1735 1463 1764 de
1477 1734 1586 1775 frigore
1595 1732 1723 1773 dicitur)
1737 1733 1769 1769 ii,
1784 1736 1816 1769 2,
1827 1736 1849 1764 9

1152 1775 1221 1816 (Ita
1248 1776 1372 1807 Curtius
1411 1777 1464 1813 vii,
1492 1780 1523 1812 3,
1552 1780 1606 1808 20.
1632 1781 1664 1807 et
1701 1776 1849 1817 Virgilius

1153 1818 1269 1859 Georg.
1290 1819 1312 1855 i,
1327 1819 1387 1860 93)
1412 1818 1551 1850 Freinsh-

1197 1861 1313 1901 Urgere
1335 1861 1415 1892 fame
1440 1862 1580 1892 obsessos
1610 1871 1642 1898 v,
1658 1864 1690 1897 8,
1704 1864 1724 1892 l
1761 1864 1851 1900 urget

1154 1903 1344 1934 immaturam
1360 1908 1481 1934 aetatem
1507 1903 1638 1944 alicujus
1662 1903 1770 1944 inopia
1798 1903 1850 1938 vii,

1155 1948 1188 1982 6,
1205 1949 1223 1976 3
1247 1956 1352 1986 urgere
1367 1947 1447 1977 farne
1463 1951 1495 1977 et
1521 1946 1599 1977 ferro
1621 1946 1682 1982 xiv,
1697 1949 1729 1982 6,
1745 1949 1763 1977 5
1801 1954 1851 1974 ur-

1156 1988 1218 2027 geri
1233 1988 1316 2018 bello
1338 1989 1462 2024 xxxviii,
1478 1992 1510 2025 9,
1527 1991 1545 2020 1
1569 1988 1772 2030 periculorum
1786 1996 1851 2017 cer-

1156 2030 1321 2060 tatninibus
1336 2031 1390 2066 xli,
1405 2034 1434 2066 1,
1447 2034 1468 2062 9

1198 2072 1304 2102 Urna:
1329 2073 1488 2103 sententiae
1512 2073 1544 2103 in
1570 2083 1674 2103 urnam
1699 2071 1852 2113 conjectae

1157 2114 1229 2149 xxii,
1245 2117 1277 2150 3,
1289 2117 1309 2145 6

1200 2137 1339 2196 Usquam
1361 2155 1406 2192 iii,
1421 2159 1452 2192 3,
1468 2159 1489 2188 9

1200 2198 1308 2239 Usque
1323 2199 1408 2239 AEgy
1413 2204 1499 2238 ptum
1514 2197 1599 2239 (pro,
1618 2208 1716 2239 usque
1739 2174 1778 2229 ad
1796 2199 1853 2229 AE-

1158 2240 1307 2282 gyptum)
1339 2241 1361 2276 i,
1394 2244 1423 2276 l,
1447 2244 1467 2272 6
1490 2241 1561 2271 Ita.
1592 2251 1688 2288 usque
1717 2245 1855 2281 tempora

1159 2283 1287 2324 Jancyri
1309 2283 1342 2317 ii,
1356 2286 1387 2318 5,
1404 2286 1423 2313 8
1446 2293 1542 2323 usque
1557 2283 1713 2313 interitum
1735 2282 1770 2320 ii,
1785 2286 1818 2319 7,
1833 2286 1853 2315 ⁷

1163 2335 1260 2366 usque
1275 2325 1419 2355 terminos
1435 2326 1541 2365 patriae
1563 2336 1592 2362 v,
1617 2327 1669 2361 11,
1685 2328 1725 2357 11
1758 2335 1857 2366 usque

1161 2367 1304 2398 terminos
1321 2367 1456 2398 Orientis
1470 2368 1524 2404 vii,
1539 2369 1570 2403 1,
1585 2370 1605 2398 4
1627 2367 1765 2408 (Usque,
1779 2378 1856 2408 prae-

1161 2410 1273 2451 positio
1300 2410 1483 2450 postposita,
1510 2411 1561 2450 ut)
1589 2410 1734 2440 terminos
1760 2420 1857 2451 usque

1161 2453 1270 2493 Libyae
1293 2453 1316 2488 i,
1332 2455 1361 2488 l,
1375 2456 1393 2483 5
1417 2452 1553 2483 Freinsh.
1581 2463 1619 2482 co
1635 2462 1732 2493 usque
1747 2453 1856 2493 despe-

1162 2495 1287 2526 rationis
1302 2495 1455 2525 adducere
1478 2495 1522 2531 iii,
1534 2499 1566 2531 5,
1582 2498 1602 2526 6

1206 2537 1359 2578 Usurpare
1371 2537 1539 2568 libertatem
1555 2537 1638 2577 (pro,
1647 2537 1740 2567 libere
1754 2535 1859 2578 loqui)

1162 2580 1204 2616 ix,
1220 2583 1252 2616 4,
1268 2582 1308 2611 10
1332 2580 1492 2618 imperium
1515 2579 1575 2615 xiv,
1591 2582 1623 2616 2,
1641 2582 1680 2611 12
1711 2579 1816 2609 Vorst.

1207 2622 1289 2653 Usus
1313 2622 1495 2662 frugalitatis
1527 2633 1578 2657 xx,
1593 2625 1624 2657 4,
1639 2625 1657 2652 5
1688 2631 1760 2651 usus
1788 2622 1859 2651 vitae

1165 2664 1301 2696 cultioris
1322 2664 1398 2701 xliii,
1412 2667 1444 2701 4,
1458 2667 1476 2695 l
1493 2674 1564 2694 usus
1579 2664 1650 2694 vitae
1665 2663 1775 2694 cultior
1786 2664 1860 2700 xliv,

1167 2711 1198 2744 5,
1214 2710 1233 2738 Β

1209 2749 1253 2780 Ut
1268 2749 1340 2790 (pro
1355 2748 1457 2789 quod)
1475 2760 1482 2778 ε
1509 2758 1632 2788 sperans
1656 2753 1692 2778 ut
1711 2748 1774 2778 dux
1788 2748 1862 2778 belli

1167 2792 1316 2832 legeretur
1338 2801 1367 2827 ν,
1384 2794 1415 2826 3,
1432 2794 1450 2822 3
1473 2791 1572 2831 (Vide
1588 2790 1655 2820 Lib.
1678 2791 1717 2821 de
1733 2790 1860 2822 Latinit.

1167 2835 1188 2864 f.
1205 2845 1288 2874 susp.
1304 2843 1335 2874 p.
1350 2833 1442 2874 247).
1453 2833 1613 2873 pollicetur
1627 2837 1661 2862 ut
1676 2838 1817 2872 ponatur,
1831 2837 1863 2863 et

1167 2876 1313 2906 inviolata
1327 2881 1449 2906 mancat
1470 2875 1511 2911 ix,
1528 2879 1558 2911 2,
1577 2878 1616 2906 12
1639 2875 1863 2905 obstrinxerunt

1168 2918 1419 2959 sejrrrcjuraudo,
1433 2922 1466 2948 ut
1477 2918 1595 2948 Thebas
1609 2917 1761 2948 diruerent
1779 2917 1817 2955 xi,
1830 2920 1861 2953 3,-
