<?xml version="1.0" encoding="UTF-8"?>
<!DOCTYPE html PUBLIC "-//W3C//DTD XHTML 1.0 Transitional//EN"
    "http://www.w3.org/TR/xhtml1/DTD/xhtml1-transitional.dtd">
<html xmlns="http://www.w3.org/1999/xhtml" xml:lang="en" lang="en">
 <head>
  <title>
</title>
<meta http-equiv="Content-Type" content="text/html;charset=utf-8" />
  <meta name='ocr-system' content='tesseract 3.04.00' />
  <meta name='ocr-capabilities' content='ocr_page ocr_carea ocr_par ocr_line ocrx_word'/>
</head>
<body>
  <div class='ocr_page' id='page_1' title='image "./historiaephilipp02just/historiaephilipp02just_0374.png"; bbox 0 0 2101 3419; ppageno 0'>
   <div class='ocr_carea' id='block_1_1' title="bbox 483 335 568 377">
    <p class='ocr_par' dir='ltr' id='par_1_1' title="bbox 483 335 568 377">
     <span class='ocr_line' id='line_1_1' title="bbox 483 335 568 377; baseline 0.012 -2"><span class='ocrx_word' id='word_1_1' title='bbox 483 335 568 377; x_wconf 77' lang='lat'><strong>976</strong></span> 
     </span>
    </p>
   </div>
   <div class='ocr_carea' id='block_1_2' title="bbox 483 424 1196 1514">
    <p class='ocr_par' dir='ltr' id='par_1_2' title="bbox 483 424 1194 1419">
     <span class='ocr_line' id='line_1_2' title="bbox 483 424 1183 468; baseline 0 -11"><span class='ocrx_word' id='word_1_2' title='bbox 483 436 561 468; x_wconf 86' lang='lat' dir='ltr'><strong>que,</strong></span> <span class='ocrx_word' id='word_1_3' title='bbox 584 425 702 467; x_wconf 83' lang='lat' dir='ltr'>Lysias</span> <span class='ocrx_word' id='word_1_4' title='bbox 719 430 753 457; x_wconf 87' lang='lat' dir='ltr'><strong>et</strong></span> <span class='ocrx_word' id='word_1_5' title='bbox 771 424 974 467; x_wconf 83' lang='lat' dir='ltr'><strong>Antiochus,</strong></span> <span class='ocrx_word' id='word_1_6' title='bbox 990 430 1027 457; x_wconf 89' lang='lat' dir='ltr'><strong>ut</strong></span> <span class='ocrx_word' id='word_1_7' title='bbox 1041 425 1183 458; x_wconf 88' lang='lat' dir='ltr'><strong>tradunt</strong></span> 
     </span>
     <span class='ocr_line' id='line_1_3' title="bbox 485 477 1184 519; baseline 0 -11"><span class='ocrx_word' id='word_1_8' title='bbox 485 482 604 508; x_wconf 85' lang='lat' dir='ltr'><strong>auctor</strong></span> <span class='ocrx_word' id='word_1_9' title='bbox 618 477 773 508; x_wconf 86' lang='lat' dir='ltr'><strong>Maccab.</strong></span> <span class='ocrx_word' id='word_1_10' title='bbox 783 486 809 508; x_wconf 87' lang='lat'><strong>1.</strong></span> <span class='ocrx_word' id='word_1_11' title='bbox 821 480 853 508; x_wconf 85' lang='grc'><strong>7.</strong></span> <span class='ocrx_word' id='word_1_12' title='bbox 869 482 904 508; x_wconf 93' lang='lat' dir='ltr'><strong>et</strong></span> <span class='ocrx_word' id='word_1_13' title='bbox 915 477 1055 518; x_wconf 84' lang='lat' dir='ltr'><strong>Joseph.</strong></span> <span class='ocrx_word' id='word_1_14' title='bbox 1066 477 1184 519; x_wconf 91' lang='lat' dir='ltr'><strong>Antiq.</strong></span> 
     </span>
     <span class='ocr_line' id='line_1_4' title="bbox 487 527 1185 568; baseline 0 -10"><span class='ocrx_word' id='word_1_15' title='bbox 487 536 571 559; x_wconf 84' lang='lat' dir='ltr'><strong>xm.</strong></span> <span class='ocrx_word' id='word_1_16' title='bbox 588 530 640 559; x_wconf 88' lang='lat'><strong>16.</strong></span> <span class='ocrx_word' id='word_1_17' title='bbox 659 528 732 558; x_wconf 92' lang='lat' dir='ltr'><strong>Liv.</strong></span> <span class='ocrx_word' id='word_1_18' title='bbox 744 527 839 568; x_wconf 87' lang='lat' dir='ltr'><strong>Epit.</strong></span> <span class='ocrx_word' id='word_1_19' title='bbox 853 536 950 559; x_wconf 74' lang='lat' dir='ltr'><strong>XLVI.</strong></span> <span class='ocrx_word' id='word_1_20' title='bbox 973 528 982 544; x_wconf 88' lang='lat'>‘</span> <span class='ocrx_word' id='word_1_21' title='bbox 996 527 1100 559; x_wconf 92' lang='lat' dir='ltr'><strong>Hune</strong></span> <span class='ocrx_word' id='word_1_22' title='bbox 1114 527 1185 558; x_wconf 93' lang='lat' dir='ltr'><strong>An-</strong></span> 
     </span>
     <span class='ocr_line' id='line_1_5' title="bbox 486 577 1185 618; baseline 0 -9"><span class='ocrx_word' id='word_1_23' title='bbox 486 578 636 609; x_wconf 81' lang='lat' dir='ltr'>tiochum</span> <span class='ocrx_word' id='word_1_24' title='bbox 662 587 806 618; x_wconf 87' lang='lat' dir='ltr'><strong>puerum</strong></span> <span class='ocrx_word' id='word_1_25' title='bbox 833 587 910 608; x_wconf 92' lang='lat' dir='ltr'><strong>cum</strong></span> <span class='ocrx_word' id='word_1_26' title='bbox 941 577 1044 618; x_wconf 87' lang='lat' dir='ltr'><strong>Lysia</strong></span> <span class='ocrx_word' id='word_1_27' title='bbox 1071 581 1185 609; x_wconf 87' lang='lat' dir='ltr'><strong>tutore</strong></span> 
     </span>
     <span class='ocr_line' id='line_1_6' title="bbox 486 627 1189 669; baseline -0.001 -9"><span class='ocrx_word' id='word_1_28' title='bbox 486 630 557 669; x_wconf 91' lang='lat' dir='ltr'><strong>ejus</strong></span> <span class='ocrx_word' id='word_1_29' title='bbox 589 629 801 668; x_wconf 89' lang='lat' dir='ltr'><strong>Demetrius,</strong></span> <span class='ocrx_word' id='word_1_30' title='bbox 828 628 965 659; x_wconf 88' lang='lat' dir='ltr'>Seleuci</span> <span class='ocrx_word' id='word_1_31' title='bbox 999 627 1101 664; x_wconf 81' lang='lat' dir='ltr'><strong>filius,</strong></span> <span class='ocrx_word' id='word_1_32' title='bbox 1130 628 1189 669; x_wconf 90' lang='lat' dir='ltr'><strong>qui</strong></span> 
     </span>
     <span class='ocr_line' id='line_1_7' title="bbox 487 677 1187 719; baseline 0 -9"><span class='ocrx_word' id='word_1_33' title='bbox 487 680 630 710; x_wconf 86' lang='lat' dir='ltr'>Romam</span> <span class='ocrx_word' id='word_1_34' title='bbox 642 679 740 710; x_wconf 89' lang='lat' dir='ltr'>obses</span> <span class='ocrx_word' id='word_1_35' title='bbox 756 679 874 710; x_wconf 88' lang='lat' dir='ltr'><strong>missus</strong></span> <span class='ocrx_word' id='word_1_36' title='bbox 885 677 1012 718; x_wconf 85' lang='lat' dir='ltr'><strong>fuerat,</strong></span> <span class='ocrx_word' id='word_1_37' title='bbox 1023 678 1110 709; x_wconf 90' lang='lat' dir='ltr'><strong>elam</strong></span> <span class='ocrx_word' id='word_1_38' title='bbox 1124 679 1187 719; x_wconf 91' lang='lat' dir='ltr'><strong>[sc.</strong></span> 
     </span>
     <span class='ocr_line' id='line_1_8' title="bbox 488 728 1189 770; baseline -0.001 -9"><span class='ocrx_word' id='word_1_39' title='bbox 488 729 654 770; x_wconf 85' lang='lat' dir='ltr'><strong>elapsus],</strong></span> <span class='ocrx_word' id='word_1_40' title='bbox 685 729 764 770; x_wconf 88' lang='lat' dir='ltr'><strong>quia.</strong></span> <span class='ocrx_word' id='word_1_41' title='bbox 805 738 870 760; x_wconf 90' lang='lat' dir='ltr'><strong>non</strong></span> <span class='ocrx_word' id='word_1_42' title='bbox 900 728 1138 760; x_wconf 86' lang='lat' dir='ltr'><strong>dimittebatur</strong></span> <span class='ocrx_word' id='word_1_43' title='bbox 1169 739 1189 760; x_wconf 87' lang='lat' dir='ltr'><strong>a</strong></span> 
     </span>
     <span class='ocr_line' id='line_1_9' title="bbox 487 772 1188 819; baseline 0 -9"><span class='ocrx_word' id='word_1_44' title='bbox 487 772 661 818; x_wconf 67' lang='lat' dir='ltr'><strong>Romanis,</strong></span> <span class='ocrx_word' id='word_1_45' title='bbox 685 778 872 818; x_wconf 79' lang='lat' dir='ltr'><strong>interemit,</strong></span> <span class='ocrx_word' id='word_1_46' title='bbox 896 782 933 809; x_wconf 91' lang='lat' dir='ltr'><strong>et</strong></span> <span class='ocrx_word' id='word_1_47' title='bbox 956 778 1029 818; x_wconf 87' lang='lat' dir='ltr'><strong>ipse</strong></span> <span class='ocrx_word' id='word_1_48' title='bbox 1053 778 1087 809; x_wconf 89' lang='lat' dir='ltr'><strong>in</strong></span> <span class='ocrx_word' id='word_1_49' title='bbox 1111 787 1188 819; x_wconf 88' lang='lat' dir='ltr'><strong>reg-</strong></span> 
     </span>
     <span class='ocr_line' id='line_1_10' title="bbox 487 828 1189 870; baseline 0 -10"><span class='ocrx_word' id='word_1_50' title='bbox 487 839 567 860; x_wconf 91' lang='lat' dir='ltr'><strong>num</strong></span> <span class='ocrx_word' id='word_1_51' title='bbox 591 828 779 869; x_wconf 63' lang='lat' dir='ltr'><strong>receptus?</strong></span> <span class='ocrx_word' id='word_1_52' title='bbox 822 828 944 869; x_wconf 86' lang='lat' dir='ltr'><strong>Itaque</strong></span> <span class='ocrx_word' id='word_1_53' title='bbox 971 828 1033 860; x_wconf 55' lang='lat' dir='ltr'><strong>hic*</strong></span> <span class='ocrx_word' id='word_1_54' title='bbox 1054 829 1189 870; x_wconf 85' lang='lat' dir='ltr'><strong>legend.</strong></span> 
     </span>
     <span class='ocr_line' id='line_1_11' title="bbox 487 878 1190 920; baseline 0 -10"><span class='ocrx_word' id='word_1_55' title='bbox 487 884 598 911; x_wconf 90' lang='lat' dir='ltr'><strong>statuo</strong></span> <span class='ocrx_word' id='word_1_56' title='bbox 609 880 724 920; x_wconf 83' lang='lat' dir='ltr'><strong>pupillo</strong></span> <span class='ocrx_word' id='word_1_57' title='bbox 739 882 769 910; x_wconf 87' lang='lat' dir='ltr'><strong>et</strong></span> <span class='ocrx_word' id='word_1_58' title='bbox 782 878 944 910; x_wconf 78' lang='lat' dir='ltr'><strong>tutoribus.</strong></span> <span class='ocrx_word' id='word_1_59' title='bbox 973 878 1089 911; x_wconf 88' lang='lat' dir='ltr'><strong>Graev.</strong></span> <span class='ocrx_word' id='word_1_60' title='bbox 1136 879 1190 910; x_wconf 87' lang='lat' dir='ltr'><strong>Ex</strong></span> 
     </span>
     <span class='ocr_line' id='line_1_12' title="bbox 487 929 1192 969; baseline 0.001 -10"><span class='ocrx_word' id='word_1_61' title='bbox 487 929 628 961; x_wconf 87' lang='lat' dir='ltr'><strong>historia</strong></span> <span class='ocrx_word' id='word_1_62' title='bbox 674 929 781 960; x_wconf 85' lang='lat' dir='ltr'><strong>veteri</strong></span> <span class='ocrx_word' id='word_1_63' title='bbox 828 929 955 969; x_wconf 90' lang='lat' dir='ltr'><strong>optime</strong></span> <span class='ocrx_word' id='word_1_64' title='bbox 998 929 1192 960; x_wconf 82' lang='lat' dir='ltr'><strong>emendavit</strong></span> 
     </span>
     <span class='ocr_line' id='line_1_13' title="bbox 490 978 1190 1016; baseline -0.003 -5"><span class='ocrx_word' id='word_1_65' title='bbox 490 979 605 1011; x_wconf 81' lang='lat' dir='ltr'><strong>Graev.</strong></span> <span class='ocrx_word' id='word_1_66' title='bbox 641 979 753 1010; x_wconf 83' lang='lat' dir='ltr'><strong><em>Faber.</em></strong></span> <span class='ocrx_word' id='word_1_67' title='bbox 809 978 928 1010; x_wconf 87' lang='lat' dir='ltr'><strong>Graev.</strong></span> <span class='ocrx_word' id='word_1_68' title='bbox 958 983 989 1009; x_wconf 84' lang='lat' dir='ltr'><strong>et</strong></span> <span class='ocrx_word' id='word_1_69' title='bbox 1015 979 1190 1016; x_wconf 77' lang='lat' dir='ltr'><strong>tutoribus;</strong></span> 
     </span>
     <span class='ocr_line' id='line_1_14' title="bbox 491 1030 1190 1071; baseline -0.001 -10"><span class='ocrx_word' id='word_1_70' title='bbox 491 1031 570 1071; x_wconf 85' lang='lat' dir='ltr'><strong>quia</strong></span> <span class='ocrx_word' id='word_1_71' title='bbox 585 1030 721 1061; x_wconf 87' lang='lat' dir='ltr'><strong>aliunde</strong></span> <span class='ocrx_word' id='word_1_72' title='bbox 738 1030 816 1061; x_wconf 85' lang='lat' dir='ltr'><strong>sciri</strong></span> <span class='ocrx_word' id='word_1_73' title='bbox 832 1033 948 1070; x_wconf 87' lang='lat' dir='ltr'><strong>potest</strong></span> <span class='ocrx_word' id='word_1_74' title='bbox 961 1034 1030 1061; x_wconf 92' lang='lat' dir='ltr'><strong>tam</strong></span> <span class='ocrx_word' id='word_1_75' title='bbox 1044 1034 1190 1061; x_wconf 82' lang='lat' dir='ltr'><strong>tutorem</strong></span> 
     </span>
     <span class='ocr_line' id='line_1_15' title="bbox 492 1080 1191 1122; baseline 0 -11"><span class='ocrx_word' id='word_1_76' title='bbox 492 1081 638 1121; x_wconf 84' lang='lat' dir='ltr'><strong>Lysiam,</strong></span> <span class='ocrx_word' id='word_1_77' title='bbox 668 1091 767 1122; x_wconf 85' lang='lat' dir='ltr'><strong>quam</strong></span> <span class='ocrx_word' id='word_1_78' title='bbox 794 1081 958 1121; x_wconf 85' lang='lat' dir='ltr'><strong>pupillum</strong></span> <span class='ocrx_word' id='word_1_79' title='bbox 985 1080 1191 1112; x_wconf 86' lang='lat' dir='ltr'><strong>Antiochum</strong></span> 
     </span>
     <span class='ocr_line' id='line_1_16' title="bbox 492 1129 1192 1171; baseline 0 -10"><span class='ocrx_word' id='word_1_80' title='bbox 492 1132 667 1171; x_wconf 91' lang='lat' dir='ltr'><strong>Eupatora</strong></span> <span class='ocrx_word' id='word_1_81' title='bbox 697 1131 845 1161; x_wconf 84' lang='lat' dir='ltr'><strong>occisum</strong></span> <span class='ocrx_word' id='word_1_82' title='bbox 874 1129 978 1161; x_wconf 86' lang='lat' dir='ltr'><strong>fuisse</strong></span> <span class='ocrx_word' id='word_1_83' title='bbox 1005 1135 1088 1171; x_wconf 91' lang='lat' dir='ltr'><strong>tum,</strong></span> <span class='ocrx_word' id='word_1_84' title='bbox 1115 1140 1192 1162; x_wconf 89' lang='lat' dir='ltr'><strong>cum</strong></span> 
     </span>
     <span class='ocr_line' id='line_1_17' title="bbox 491 1180 1191 1220; baseline -0.001 -8"><span class='ocrx_word' id='word_1_85' title='bbox 491 1181 671 1212; x_wconf 83' lang='lat' dir='ltr'><strong>Demetrio</strong></span> <span class='ocrx_word' id='word_1_86' title='bbox 689 1190 829 1220; x_wconf 85' lang='lat' dir='ltr'><strong>regnum</strong></span> <span class='ocrx_word' id='word_1_87' title='bbox 853 1180 1057 1212; x_wconf 89' lang='lat' dir='ltr'><strong>traderetur.</strong></span> <span class='ocrx_word' id='word_1_88' title='bbox 1087 1180 1191 1212; x_wconf 80' lang='lat' dir='ltr'><strong>Vorst.</strong></span> 
     </span>
     <span class='ocr_line' id='line_1_18' title="bbox 494 1229 1192 1270; baseline 0 -9"><span class='ocrx_word' id='word_1_89' title='bbox 494 1231 609 1261; x_wconf 79' lang='lat' dir='ltr'><strong>Graev.</strong></span> <span class='ocrx_word' id='word_1_90' title='bbox 629 1234 658 1261; x_wconf 76' lang='lat' dir='ltr'><strong>et</strong></span> <span class='ocrx_word' id='word_1_91' title='bbox 683 1229 844 1261; x_wconf 80' lang='lat' dir='ltr'><strong>tutoribus.</strong></span> <span class='ocrx_word' id='word_1_92' title='bbox 890 1229 1017 1268; x_wconf 87' lang='lat' dir='ltr'><strong>Probo,</strong></span> <span class='ocrx_word' id='word_1_93' title='bbox 1033 1230 1192 1270; x_wconf 85' lang='lat' dir='ltr'><strong>exigente</strong></span> 
     </span>
     <span class='ocr_line' id='line_1_19' title="bbox 494 1278 1193 1317; baseline 0 -7"><span class='ocrx_word' id='word_1_94' title='bbox 494 1280 542 1310; x_wconf 89' lang='lat' dir='ltr'><strong>sic</strong></span> <span class='ocrx_word' id='word_1_95' title='bbox 558 1280 722 1317; x_wconf 80' lang='lat' dir='ltr'><strong>liistoria3</strong></span> <span class='ocrx_word' id='word_1_96' title='bbox 747 1283 880 1310; x_wconf 89' lang='lat' dir='ltr'><strong>tantum</strong></span> <span class='ocrx_word' id='word_1_97' title='bbox 905 1278 1039 1310; x_wconf 80' lang='lat' dir='ltr'><strong>mallem</strong></span> <span class='ocrx_word' id='word_1_98' title='bbox 1061 1289 1097 1310; x_wconf 83' lang='lat' dir='ltr'><strong>ac</strong></span> <span class='ocrx_word' id='word_1_99' title='bbox 1113 1283 1193 1310; x_wconf 76' lang='lat' dir='ltr'><strong>tuto-</strong></span> 
     </span>
     <span class='ocr_line' id='line_1_20' title="bbox 493 1329 1194 1370; baseline 0.003 -10"><span class='ocrx_word' id='word_1_100' title='bbox 493 1330 591 1369; x_wconf 77' lang='lat' dir='ltr'><strong>ribus,</strong></span> <span class='ocrx_word' id='word_1_101' title='bbox 627 1334 664 1360; x_wconf 92' lang='lat' dir='ltr'><strong>ut</strong></span> <span class='ocrx_word' id='word_1_102' title='bbox 701 1329 837 1360; x_wconf 87' lang='lat' dir='ltr'><strong>abesset</strong></span> <span class='ocrx_word' id='word_1_103' title='bbox 867 1329 1004 1370; x_wconf 88' lang='lat' dir='ltr'><strong>propius</strong></span> <span class='ocrx_word' id='word_1_104' title='bbox 1035 1340 1055 1360; x_wconf 90' lang='lat' dir='ltr'><strong>a</strong></span> <span class='ocrx_word' id='word_1_105' title='bbox 1084 1330 1194 1362; x_wconf 88' lang='lat' dir='ltr'><strong>veteri</strong></span> 
     </span>
     <span class='ocr_line' id='line_1_21' title="bbox 496 1379 803 1419; baseline 0 -9"><span class='ocrx_word' id='word_1_106' title='bbox 496 1380 675 1419; x_wconf 80' lang='lat' dir='ltr'><strong>scriptura.</strong></span> <span class='ocrx_word' id='word_1_107' title='bbox 699 1379 803 1417; x_wconf 75' lang='lat' dir='ltr'><strong>Schef.</strong></span> 
     </span>
    </p>

    <p class='ocr_par' dir='ltr' id='par_1_3' title="bbox 497 1429 1196 1514">
     <span class='ocr_line' id='line_1_22' title="bbox 542 1429 1195 1470; baseline 0.005 -10"><span class='ocrx_word' id='word_1_108' title='bbox 542 1430 628 1460; x_wconf 50' lang='lat' dir='ltr'><strong>Cap,</strong></span> <span class='ocrx_word' id='word_1_109' title='bbox 647 1439 695 1461; x_wconf 88' lang='grc' dir='ltr'><strong>ιν.</strong></span> <span class='ocrx_word' id='word_1_110' title='bbox 740 1431 788 1470; x_wconf 63' lang='grc' dir='ltr'><strong>ξΙ</strong></span> <span class='ocrx_word' id='word_1_111' title='bbox 814 1429 960 1470; x_wconf 80' lang='lat' dir='ltr'><strong>Prusias]</strong></span> <span class='ocrx_word' id='word_1_112' title='bbox 983 1430 1195 1463; x_wconf 75' lang='lat' dir='ltr'><strong>strab-xlix.</strong></span> 
     </span>
     <span class='ocr_line' id='line_1_23' title="bbox 497 1479 1196 1514; baseline 0.006 -4"><span class='ocrx_word' id='word_1_113' title='bbox 497 1479 616 1511; x_wconf 78' lang='lat' dir='ltr'><strong>scribit</strong></span> <span class='ocrx_word' id='word_1_114' title='bbox 639 1479 858 1511; x_wconf 79' lang='lat' dir='ltr'><strong>interfectum</strong></span> <span class='ocrx_word' id='word_1_115' title='bbox 884 1481 925 1512; x_wconf 80' lang='lat' dir='ltr'><strong>ab</strong></span> <span class='ocrx_word' id='word_1_116' title='bbox 941 1481 1079 1514; x_wconf 85' lang='lat' dir='ltr'><strong>Attalo:</strong></span> <span class='ocrx_word' id='word_1_117' title='bbox 1102 1483 1158 1514; x_wconf 87' lang='lat' dir='ltr'><strong>alii</strong></span> <span class='ocrx_word' id='word_1_118' title='bbox 1177 1493 1196 1514; x_wconf 88' lang='lat' dir='ltr'><strong>a</strong></span> 
     </span>
    </p>
   </div>
   <div class='ocr_carea' id='block_1_3' title="bbox 978 1741 1196 1790">
    <p class='ocr_par' dir='ltr' id='par_1_4' title="bbox 978 1741 1196 1790">
     <span class='ocr_line' id='line_1_24' title="bbox 978 1741 1196 1790; baseline 0.005 -1"><span class='ocrx_word' id='word_1_119' title='bbox 978 1741 1043 1789; x_wconf 88' lang='lat' dir='ltr'><strong>LI</strong></span> <span class='ocrx_word' id='word_1_120' title='bbox 1051 1741 1196 1790; x_wconf 86' lang='lat' dir='ltr'><strong>BER</strong></span> 
     </span>
    </p>
   </div>
   <div class='ocr_carea' id='block_1_4' title="bbox 502 1886 1209 2865">
    <p class='ocr_par' dir='ltr' id='par_1_5' title="bbox 502 1886 1204 2225">
     <span class='ocr_line' id='line_1_25' title="bbox 546 1886 1198 1926; baseline 0.002 -9"><span class='ocrx_word' id='word_1_121' title='bbox 546 1888 634 1917; x_wconf 72' lang='grc' dir='ltr'><strong>(ΣΛΡ.</strong></span> <span class='ocrx_word' id='word_1_122' title='bbox 665 1895 688 1917; x_wconf 92' lang='grc' dir='ltr'><strong>ι.</strong></span> <span class='ocrx_word' id='word_1_123' title='bbox 747 1888 763 1926; x_wconf 56' lang='grc' dir='ltr'>ς</span> <span class='ocrx_word' id='word_1_124' title='bbox 791 1889 805 1917; x_wconf 89' lang='grc'><strong>1</strong></span> <span class='ocrx_word' id='word_1_125' title='bbox 848 1886 974 1926; x_wconf 82' lang='lat' dir='ltr'><strong>Ocium]</strong></span> <span class='ocrx_word' id='word_1_126' title='bbox 1014 1895 1076 1918; x_wconf 77' lang='lat' dir='ltr'><strong>xx.</strong></span> <span class='ocrx_word' id='word_1_127' title='bbox 1109 1890 1137 1918; x_wconf 92' lang='grc'><strong>1.</strong></span> <span class='ocrx_word' id='word_1_128' title='bbox 1169 1890 1198 1918; x_wconf 93' lang='grc'><strong>1.</strong></span> 
     </span>
     <span class='ocr_line' id='line_1_26' title="bbox 502 1936 1200 1976; baseline 0.001 -9"><span class='ocrx_word' id='word_1_129' title='bbox 502 1937 510 1951; x_wconf 89' lang='lat'>‘</span> <span class='ocrx_word' id='word_1_130' title='bbox 531 1936 645 1967; x_wconf 83' lang='lat' dir='ltr'><strong>Grave</strong></span> <span class='ocrx_word' id='word_1_131' title='bbox 674 1936 784 1967; x_wconf 88' lang='lat' dir='ltr'><strong>ocium</strong></span> <span class='ocrx_word' id='word_1_132' title='bbox 816 1946 921 1976; x_wconf 82' lang='lat' dir='ltr'><strong>regno</strong></span> <span class='ocrx_word' id='word_1_133' title='bbox 949 1937 1033 1968; x_wconf 64' lang='lat' dir='ltr'><strong>suo!</strong></span> <span class='ocrx_word' id='word_1_134' title='bbox 1076 1937 1200 1968; x_wconf 82' lang='lat' dir='ltr'><strong>Catull.</strong></span> 
     </span>
     <span class='ocr_line' id='line_1_27' title="bbox 505 1986 1200 2026; baseline 0 -10"><span class='ocrx_word' id='word_1_135' title='bbox 505 1987 543 2017; x_wconf 90' lang='lat' dir='ltr'><strong>C.</strong></span> <span class='ocrx_word' id='word_1_136' title='bbox 557 1990 607 2016; x_wconf 79' lang='lat'><strong>52.</strong></span> <span class='ocrx_word' id='word_1_137' title='bbox 629 1987 637 2003; x_wconf 91' lang='lat'>‘</span> <span class='ocrx_word' id='word_1_138' title='bbox 653 1987 774 2017; x_wconf 87' lang='lat' dir='ltr'><strong>Ocium</strong></span> <span class='ocrx_word' id='word_1_139' title='bbox 792 1996 888 2026; x_wconf 83' lang='lat' dir='ltr'><strong>reges</strong></span> <span class='ocrx_word' id='word_1_140' title='bbox 906 1987 997 2026; x_wconf 91' lang='lat' dir='ltr'><strong>prius</strong></span> <span class='ocrx_word' id='word_1_141' title='bbox 1020 1990 1055 2017; x_wconf 89' lang='lat' dir='ltr'><strong>et</strong></span> <span class='ocrx_word' id='word_1_142' title='bbox 1082 1986 1200 2017; x_wconf 86' lang='lat' dir='ltr'><strong>beatas</strong></span> 
     </span>
     <span class='ocr_line' id='line_1_28' title="bbox 504 2035 1201 2075; baseline 0 -9"><span class='ocrx_word' id='word_1_143' title='bbox 504 2036 660 2067; x_wconf 81' lang='lat' dir='ltr'><strong>Perdidit</strong></span> <span class='ocrx_word' id='word_1_144' title='bbox 677 2035 799 2067; x_wconf 88' lang='lat' dir='ltr'><strong>urbes.&#39;</strong></span> <span class='ocrx_word' id='word_1_145' title='bbox 843 2037 952 2075; x_wconf 86' lang='lat' dir='ltr'><strong>Vulgo</strong></span> <span class='ocrx_word' id='word_1_146' title='bbox 968 2037 1070 2066; x_wconf 77' lang='lat' dir='ltr'><strong>odium</strong></span> <span class='ocrx_word' id='word_1_147' title='bbox 1086 2037 1138 2067; x_wconf 83' lang='lat' dir='ltr'><strong>liic</strong></span> <span class='ocrx_word' id='word_1_148' title='bbox 1155 2037 1201 2066; x_wconf 92' lang='lat' dir='ltr'><strong>le-</strong></span> 
     </span>
     <span class='ocr_line' id='line_1_29' title="bbox 502 2085 1201 2126; baseline 0.001 -11"><span class='ocrx_word' id='word_1_149' title='bbox 502 2086 593 2125; x_wconf 85' lang='lat' dir='ltr'><strong>gitur</strong></span> <span class='ocrx_word' id='word_1_150' title='bbox 623 2096 685 2126; x_wconf 88' lang='lat' dir='ltr'><strong>pro</strong></span> <span class='ocrx_word' id='word_1_151' title='bbox 712 2086 830 2116; x_wconf 78' lang='lat' dir='ltr'><strong>ocium.-</strong></span> <span class='ocrx_word' id='word_1_152' title='bbox 864 2085 952 2126; x_wconf 89' lang='lat' dir='ltr'><strong>quod</strong></span> <span class='ocrx_word' id='word_1_153' title='bbox 980 2093 1016 2116; x_wconf 89' lang='lat' dir='ltr'><strong>et</strong></span> <span class='ocrx_word' id='word_1_154' title='bbox 1045 2095 1119 2126; x_wconf 78' lang='lat' dir='ltr'><strong>quae</strong></span> <span class='ocrx_word' id='word_1_155' title='bbox 1151 2096 1201 2116; x_wconf 85' lang='lat' dir='ltr'><strong>se-</strong></span> 
     </span>
     <span class='ocr_line' id='line_1_30' title="bbox 504 2135 1204 2176; baseline 0 -11"><span class='ocrx_word' id='word_1_156' title='bbox 504 2140 666 2175; x_wconf 90' lang='lat' dir='ltr'><strong>quuntur,</strong></span> <span class='ocrx_word' id='word_1_157' title='bbox 687 2141 723 2166; x_wconf 92' lang='lat' dir='ltr'><strong>et</strong></span> <span class='ocrx_word' id='word_1_158' title='bbox 737 2146 812 2176; x_wconf 85' lang='lat' dir='ltr'><strong>quae</strong></span> <span class='ocrx_word' id='word_1_159' title='bbox 832 2135 1006 2175; x_wconf 86' lang='lat' dir='ltr'><strong>superiore</strong></span> <span class='ocrx_word' id='word_1_160' title='bbox 1030 2135 1087 2166; x_wconf 91' lang='lat' dir='ltr'><strong>lib.</strong></span> <span class='ocrx_word' id='word_1_161' title='bbox 1105 2135 1204 2175; x_wconf 89' lang='lat' dir='ltr'><strong>dixit,</strong></span> 
     </span>
     <span class='ocr_line' id='line_1_31' title="bbox 504 2185 848 2225; baseline 0.006 -11"><span class='ocrx_word' id='word_1_162' title='bbox 504 2185 718 2225; x_wconf 86' lang='lat' dir='ltr'><strong>impugnant.</strong></span> <span class='ocrx_word' id='word_1_163' title='bbox 743 2186 848 2224; x_wconf 80' lang='lat' dir='ltr'><strong>Bong.</strong></span> 
     </span>
    </p>

    <p class='ocr_par' dir='ltr' id='par_1_6' title="bbox 504 2234 1204 2524">
     <span class='ocr_line' id='line_1_32' title="bbox 549 2234 1202 2276; baseline 0 -11"><span class='ocrx_word' id='word_1_164' title='bbox 549 2235 601 2274; x_wconf 71' lang='lat'><strong>§2</strong></span> <span class='ocrx_word' id='word_1_165' title='bbox 630 2235 803 2265; x_wconf 68' lang='lat' dir='ltr'><strong>fastiditas</strong></span> <span class='ocrx_word' id='word_1_166' title='bbox 826 2235 939 2265; x_wconf 83' lang='lat' dir='ltr'><strong>sororis</strong></span> <span class='ocrx_word' id='word_1_167' title='bbox 964 2234 1104 2276; x_wconf 80' lang='lat' dir='ltr'><strong>nuptias]</strong></span> <span class='ocrx_word' id='word_1_168' title='bbox 1136 2236 1202 2265; x_wconf 80' lang='lat' dir='ltr'><strong>Ex-</strong></span> 
     </span>
     <span class='ocr_line' id='line_1_33' title="bbox 504 2284 1203 2326; baseline 0.001 -12"><span class='ocrx_word' id='word_1_169' title='bbox 504 2285 617 2323; x_wconf 84' lang='lat' dir='ltr'><strong>empla</strong></span> <span class='ocrx_word' id='word_1_170' title='bbox 635 2284 809 2324; x_wconf 90' lang='lat' dir='ltr'><strong>bellorum,</strong></span> <span class='ocrx_word' id='word_1_171' title='bbox 825 2285 868 2316; x_wconf 91' lang='lat' dir='ltr'><strong>ob</strong></span> <span class='ocrx_word' id='word_1_172' title='bbox 890 2285 1009 2325; x_wconf 75' lang='lat' dir='ltr'><strong>petitae</strong></span> <span class='ocrx_word' id='word_1_173' title='bbox 1033 2286 1203 2326; x_wconf 85' lang='lat' dir='ltr'><strong>repulsam</strong></span> 
     </span>
     <span class='ocr_line' id='line_1_34' title="bbox 506 2334 1204 2375; baseline 0.001 -11"><span class='ocrx_word' id='word_1_174' title='bbox 506 2334 596 2365; x_wconf 87' lang='lat' dir='ltr'><strong>inter</strong></span> <span class='ocrx_word' id='word_1_175' title='bbox 615 2343 710 2375; x_wconf 76' lang='lat' dir='ltr'><strong>reges</strong></span> <span class='ocrx_word' id='word_1_176' title='bbox 727 2340 935 2374; x_wconf 84' lang='lat' dir='ltr'><strong>exortorum,</strong></span> <span class='ocrx_word' id='word_1_177' title='bbox 948 2340 1068 2366; x_wconf 74' lang='lat' dir='ltr'><strong>extant</strong></span> <span class='ocrx_word' id='word_1_178' title='bbox 1085 2336 1118 2365; x_wconf 93' lang='lat' dir='ltr'><strong>in</strong></span> <span class='ocrx_word' id='word_1_179' title='bbox 1136 2335 1204 2365; x_wconf 88' lang='lat' dir='ltr'><strong>He-</strong></span> 
     </span>
     <span class='ocr_line' id='line_1_35' title="bbox 507 2384 1203 2426; baseline 0.004 -13"><span class='ocrx_word' id='word_1_180' title='bbox 507 2384 579 2414; x_wconf 82' lang='lat' dir='ltr'><strong>rod.</strong></span> <span class='ocrx_word' id='word_1_181' title='bbox 595 2393 650 2415; x_wconf 91' lang='grc' dir='ltr'><strong>ιιι.</strong></span> <span class='ocrx_word' id='word_1_182' title='bbox 673 2388 702 2416; x_wconf 92' lang='grc'><strong>1.</strong></span> <span class='ocrx_word' id='word_1_183' title='bbox 727 2385 830 2416; x_wconf 88' lang='lat' dir='ltr'><strong>Diod.</strong></span> <span class='ocrx_word' id='word_1_184' title='bbox 858 2394 938 2416; x_wconf 80' lang='lat' dir='ltr'><strong>xiv.</strong></span> <span class='ocrx_word' id='word_1_185' title='bbox 969 2388 1037 2416; x_wconf 85' lang='lat'><strong>107.</strong></span> <span class='ocrx_word' id='word_1_186' title='bbox 1057 2386 1203 2426; x_wconf 85' lang='lat' dir='ltr'><strong>Dionys.</strong></span> 
     </span>
     <span class='ocr_line' id='line_1_36' title="bbox 507 2435 1204 2467; baseline 0.004 -3"><span class='ocrx_word' id='word_1_187' title='bbox 507 2442 558 2464; x_wconf 79' lang='lat' dir='ltr'><strong>lv.</strong></span> <span class='ocrx_word' id='word_1_188' title='bbox 591 2438 643 2465; x_wconf 79' lang='lat'><strong>52.</strong></span> <span class='ocrx_word' id='word_1_189' title='bbox 700 2435 826 2465; x_wconf 77' lang='lat' dir='ltr'><strong>Nostro</strong></span> <span class='ocrx_word' id='word_1_190' title='bbox 856 2445 895 2466; x_wconf 90' lang='grc' dir='ltr'><strong>ιι.</strong></span> <span class='ocrx_word' id='word_1_191' title='bbox 921 2439 951 2466; x_wconf 85' lang='grc'><strong>5.</strong></span> <span class='ocrx_word' id='word_1_192' title='bbox 977 2438 1008 2466; x_wconf 86' lang='lat'><strong>9.</strong></span> <span class='ocrx_word' id='word_1_193' title='bbox 1045 2435 1204 2467; x_wconf 87' lang='lat' dir='ltr'><strong>Addend.</strong></span> 
     </span>
     <span class='ocr_line' id='line_1_37' title="bbox 507 2483 1112 2524; baseline 0.007 -11"><span class='ocrx_word' id='word_1_194' title='bbox 507 2483 610 2524; x_wconf 84' lang='lat' dir='ltr'><strong>Apul.</strong></span> <span class='ocrx_word' id='word_1_195' title='bbox 624 2484 686 2514; x_wconf 89' lang='lat' dir='ltr'><strong>sub</strong></span> <span class='ocrx_word' id='word_1_196' title='bbox 701 2485 831 2515; x_wconf 87' lang='lat' dir='ltr'><strong>initium</strong></span> <span class='ocrx_word' id='word_1_197' title='bbox 850 2494 927 2516; x_wconf 80' lang='lat' dir='ltr'><strong>vin.</strong></span> <span class='ocrx_word' id='word_1_198' title='bbox 942 2487 990 2516; x_wconf 84' lang='lat' dir='ltr'><strong>M.</strong></span> <span class='ocrx_word' id='word_1_199' title='bbox 1015 2487 1112 2518; x_wconf 77' lang='lat' dir='ltr'><strong>Rern.</strong></span> 
     </span>
    </p>

    <p class='ocr_par' dir='ltr' id='par_1_7' title="bbox 506 2533 1209 2865">
     <span class='ocr_line' id='line_1_38' title="bbox 553 2533 1207 2577; baseline 0.008 -14"><span class='ocrx_word' id='word_1_200' title='bbox 553 2533 751 2574; x_wconf 81' lang='lat' dir='ltr'><strong>Orofernem]</strong></span> <span class='ocrx_word' id='word_1_201' title='bbox 774 2535 829 2565; x_wconf 86' lang='lat' dir='ltr'><strong>lta</strong></span> <span class='ocrx_word' id='word_1_202' title='bbox 856 2536 951 2566; x_wconf 78' lang='lat' dir='ltr'><strong>Vett.</strong></span> <span class='ocrx_word' id='word_1_203' title='bbox 976 2535 1122 2576; x_wconf 77' lang='lat' dir='ltr'><strong>Appian.</strong></span> <span class='ocrx_word' id='word_1_204' title='bbox 1148 2537 1207 2577; x_wconf 93' lang='lat' dir='ltr'><strong>Sy-</strong></span> 
     </span>
     <span class='ocr_line' id='line_1_39' title="bbox 509 2583 1207 2626; baseline 0.007 -13"><span class='ocrx_word' id='word_1_205' title='bbox 509 2583 588 2614; x_wconf 81' lang='lat' dir='ltr'><strong>riae.</strong></span> <span class='ocrx_word' id='word_1_206' title='bbox 628 2594 661 2624; x_wconf 86' lang='lat' dir='ltr'><strong>p.</strong></span> <span class='ocrx_word' id='word_1_207' title='bbox 693 2587 764 2615; x_wconf 70' lang='lat'><strong>118.</strong></span> <span class='ocrx_word' id='word_1_208' title='bbox 802 2585 1002 2626; x_wconf 85' lang='grc' dir='ltr'>Ὀλοφέρνην,</span> <span class='ocrx_word' id='word_1_209' title='bbox 1031 2592 1066 2617; x_wconf 84' lang='lat' dir='ltr'><strong>et</strong></span> <span class='ocrx_word' id='word_1_210' title='bbox 1104 2587 1207 2619; x_wconf 85' lang='lat' dir='ltr'><strong>Diod.</strong></span> 
     </span>
     <span class='ocr_line' id='line_1_40' title="bbox 513 2634 1207 2674; baseline 0.004 -10"><span class='ocrx_word' id='word_1_211' title='bbox 513 2643 618 2664; x_wconf 77' lang='lat' dir='ltr'><strong>xxxi.</strong></span> <span class='ocrx_word' id='word_1_212' title='bbox 642 2634 797 2674; x_wconf 73' lang='lat' dir='ltr'><strong>Bongars.</strong></span> <span class='ocrx_word' id='word_1_213' title='bbox 843 2635 963 2666; x_wconf 85' lang='lat' dir='ltr'><strong>AElian.</strong></span> <span class='ocrx_word' id='word_1_214' title='bbox 979 2636 1024 2666; x_wconf 89' lang='lat' dir='ltr'><strong>H.</strong></span> <span class='ocrx_word' id='word_1_215' title='bbox 1039 2637 1079 2666; x_wconf 83' lang='lat' dir='ltr'><strong>V.</strong></span> <span class='ocrx_word' id='word_1_216' title='bbox 1098 2645 1138 2667; x_wconf 84' lang='lat'><strong>11.</strong></span> <span class='ocrx_word' id='word_1_217' title='bbox 1153 2639 1207 2667; x_wconf 74' lang='lat'><strong>41.</strong></span> 
     </span>
     <span class='ocr_line' id='line_1_41' title="bbox 510 2683 1208 2724; baseline 0.004 -11"><span class='ocrx_word' id='word_1_218' title='bbox 510 2686 563 2713; x_wconf 82' lang='grc'><strong>18.</strong></span> <span class='ocrx_word' id='word_1_219' title='bbox 599 2683 718 2724; x_wconf 85' lang='lat' dir='ltr'><strong>Polyb.</strong></span> <span class='ocrx_word' id='word_1_220' title='bbox 756 2694 811 2724; x_wconf 88' lang='lat' dir='ltr'><strong>ap.</strong></span> <span class='ocrx_word' id='word_1_221' title='bbox 847 2685 961 2716; x_wconf 81' lang='lat' dir='ltr'><strong>Vales.</strong></span> <span class='ocrx_word' id='word_1_222' title='bbox 1000 2688 1072 2716; x_wconf 83' lang='lat'><strong>170.</strong></span> <span class='ocrx_word' id='word_1_223' title='bbox 1111 2686 1208 2716; x_wconf 84' lang='lat' dir='ltr'><strong>Bern.</strong></span> 
     </span>
     <span class='ocr_line' id='line_1_42' title="bbox 506 2732 1208 2775; baseline 0.003 -12"><span class='ocrx_word' id='word_1_224' title='bbox 506 2732 690 2773; x_wconf 81' lang='grc' dir='ltr'>Ὀρυφέρνης</span> <span class='ocrx_word' id='word_1_225' title='bbox 700 2744 718 2774; x_wconf 87' lang='lat' dir='ltr'><strong>q</strong></span> <span class='ocrx_word' id='word_1_226' title='bbox 726 2744 833 2775; x_wconf 87' lang='lat' dir='ltr'><strong>uoque</strong></span> <span class='ocrx_word' id='word_1_227' title='bbox 847 2739 986 2765; x_wconf 82' lang='lat' dir='ltr'><strong>vocatur</strong></span> <span class='ocrx_word' id='word_1_228' title='bbox 1001 2736 1032 2765; x_wconf 87' lang='lat' dir='ltr'><strong>iu</strong></span> <span class='ocrx_word' id='word_1_229' title='bbox 1048 2735 1208 2775; x_wconf 75' lang='lat' dir='ltr'><strong>Excerpt.</strong></span> 
     </span>
     <span class='ocr_line' id='line_1_43' title="bbox 511 2783 1209 2823; baseline 0.004 -11"><span class='ocrx_word' id='word_1_230' title='bbox 511 2783 724 2823; x_wconf 81' lang='lat' dir='ltr'><strong>Porpliyrog.</strong></span> <span class='ocrx_word' id='word_1_231' title='bbox 751 2793 770 2814; x_wconf 88' lang='lat' dir='ltr'><strong>e</strong></span> <span class='ocrx_word' id='word_1_232' title='bbox 802 2784 902 2815; x_wconf 86' lang='lat' dir='ltr'><strong>Diod.</strong></span> <span class='ocrx_word' id='word_1_233' title='bbox 961 2785 1123 2817; x_wconf 80' lang='lat' dir='ltr'><strong>Quamvis</strong></span> <span class='ocrx_word' id='word_1_234' title='bbox 1153 2785 1209 2815; x_wconf 87' lang='lat' dir='ltr'><strong>alii</strong></span> 
     </span>
     <span class='ocr_line' id='line_1_44' title="bbox 512 2833 862 2865; baseline 0.003 -2"><span class='ocrx_word' id='word_1_235' title='bbox 512 2833 611 2864; x_wconf 85' lang='lat' dir='ltr'><strong>aliter</strong></span> <span class='ocrx_word' id='word_1_236' title='bbox 629 2838 762 2864; x_wconf 81' lang='lat' dir='ltr'><strong>vocent.</strong></span> <span class='ocrx_word' id='word_1_237' title='bbox 792 2834 862 2865; x_wconf 86' lang='lat' dir='ltr'><strong>Vos.</strong></span> 
     </span>
    </p>
   </div>
   <div class='ocr_carea' id='block_1_5' title="bbox 553 2884 1209 2927">
    <p class='ocr_par' dir='ltr' id='par_1_8' title="bbox 553 2884 1209 2927">
     <span class='ocr_line' id='line_1_45' title="bbox 553 2884 1209 2927; baseline 0.006 -13"><span class='ocrx_word' id='word_1_238' title='bbox 553 2885 604 2923; x_wconf 77' lang='lat' dir='ltr'><strong>§G</strong></span> <span class='ocrx_word' id='word_1_239' title='bbox 627 2884 793 2925; x_wconf 76' lang='lat' dir='ltr'><strong>Lacessili]</strong></span> <span class='ocrx_word' id='word_1_240' title='bbox 827 2885 931 2926; x_wconf 88' lang='lat' dir='ltr'><strong>Impr.</strong></span> <span class='ocrx_word' id='word_1_241' title='bbox 955 2886 1114 2927; x_wconf 77' lang='lat' dir='ltr'><strong>lacessitis,</strong></span> <span class='ocrx_word' id='word_1_242' title='bbox 1139 2896 1209 2917; x_wconf 79' lang='lat' dir='ltr'><strong>rec·</strong></span> 
     </span>
    </p>
   </div>
   <div class='ocr_carea' id='block_1_6' title="bbox 947 344 1470 377">
    <p class='ocr_par' dir='ltr' id='par_1_9' title="bbox 947 344 1470 377">
     <span class='ocr_line' id='line_1_46' title="bbox 947 344 1470 377; baseline 0.004 -3"><span class='ocrx_word' id='word_1_243' title='bbox 947 345 1089 375; x_wconf 82' lang='lat' dir='ltr'><strong>NOTAE.</strong></span> <span class='ocrx_word' id='word_1_244' title='bbox 1122 344 1387 377; x_wconf 84' lang='lat' dir='ltr'>VARIORUM</span> <span class='ocrx_word' id='word_1_245' title='bbox 1423 346 1470 376; x_wconf 73' lang='lat' dir='ltr'><strong>[N</strong></span> 
     </span>
    </p>
   </div>
   <div class='ocr_carea' id='block_1_7' title="bbox 1238 426 1946 1522">
    <p class='ocr_par' dir='ltr' id='par_1_10' title="bbox 1238 426 1936 658">
     <span class='ocr_line' id='line_1_47' title="bbox 1238 426 1934 469; baseline 0.001 -11"><span class='ocrx_word' id='word_1_246' title='bbox 1238 426 1322 468; x_wconf 86' lang='lat' dir='ltr'><strong>filio,</strong></span> <span class='ocrx_word' id='word_1_247' title='bbox 1335 427 1516 469; x_wconf 89' lang='lat' dir='ltr'><strong>adjuvaute</strong></span> <span class='ocrx_word' id='word_1_248' title='bbox 1531 427 1658 459; x_wconf 84' lang='lat' dir='ltr'><strong>Attalo.</strong></span> <span class='ocrx_word' id='word_1_249' title='bbox 1702 427 1794 467; x_wconf 89' lang='lat' dir='ltr'><strong>Epit.</strong></span> <span class='ocrx_word' id='word_1_250' title='bbox 1812 426 1885 459; x_wconf 82' lang='lat' dir='ltr'><strong>Ltv.</strong></span> <span class='ocrx_word' id='word_1_251' title='bbox 1901 437 1934 460; x_wconf 85' lang='lat'><strong>1..</strong></span> 
     </span>
     <span class='ocr_line' id='line_1_48' title="bbox 1238 477 1936 518; baseline 0.001 -10"><span class='ocrx_word' id='word_1_252' title='bbox 1238 477 1388 518; x_wconf 88' lang='lat' dir='ltr'><strong>Appian.</strong></span> <span class='ocrx_word' id='word_1_253' title='bbox 1413 479 1568 517; x_wconf 80' lang='lat' dir='ltr'><strong>Bongars.</strong></span> <span class='ocrx_word' id='word_1_254' title='bbox 1612 478 1721 509; x_wconf 90' lang='lat' dir='ltr'><strong>Porro</strong></span> <span class='ocrx_word' id='word_1_255' title='bbox 1735 477 1778 509; x_wconf 90' lang='lat' dir='ltr'><strong>de</strong></span> <span class='ocrx_word' id='word_1_256' title='bbox 1793 477 1936 509; x_wconf 86' lang='lat' dir='ltr'><strong>adfectu</strong></span> 
     </span>
     <span class='ocr_line' id='line_1_49' title="bbox 1241 526 1936 567; baseline 0 -9"><span class='ocrx_word' id='word_1_257' title='bbox 1241 531 1397 567; x_wconf 89' lang='lat' dir='ltr'><strong>paterno,</strong></span> <span class='ocrx_word' id='word_1_258' title='bbox 1413 527 1648 558; x_wconf 88' lang='lat' dir='ltr'><strong>novercalibus</strong></span> <span class='ocrx_word' id='word_1_259' title='bbox 1664 526 1748 558; x_wconf 86' lang='lat' dir='ltr'><strong>odiis</strong></span> <span class='ocrx_word' id='word_1_260' title='bbox 1768 527 1936 567; x_wconf 88' lang='lat' dir='ltr'><strong>extincto,</strong></span> 
     </span>
     <span class='ocr_line' id='line_1_50' title="bbox 1243 575 1936 608; baseline 0.003 -2"><span class='ocrx_word' id='word_1_261' title='bbox 1243 575 1309 607; x_wconf 92' lang='lat' dir='ltr'><strong>vid.</strong></span> <span class='ocrx_word' id='word_1_262' title='bbox 1340 577 1465 608; x_wconf 90' lang='lat' dir='ltr'><strong>Notam</strong></span> <span class='ocrx_word' id='word_1_263' title='bbox 1488 585 1580 608; x_wconf 78' lang='lat' dir='ltr'><strong>xvn.</strong></span> <span class='ocrx_word' id='word_1_264' title='bbox 1609 579 1640 607; x_wconf 94' lang='lat'><strong>1.</strong></span> <span class='ocrx_word' id='word_1_265' title='bbox 1669 579 1702 608; x_wconf 84' lang='lat'><strong>4.</strong></span> <span class='ocrx_word' id='word_1_266' title='bbox 1745 575 1835 607; x_wconf 85' lang='lat' dir='ltr'><strong>Add.</strong></span> <span class='ocrx_word' id='word_1_267' title='bbox 1863 576 1936 608; x_wconf 82' lang='lat' dir='ltr'><strong>Liv.</strong></span> 
     </span>
     <span class='ocr_line' id='line_1_51' title="bbox 1241 626 1916 658; baseline 0.001 -1"><span class='ocrx_word' id='word_1_268' title='bbox 1241 634 1380 657; x_wconf 82' lang='lat' dir='ltr'><strong>xxx1x.</strong></span> <span class='ocrx_word' id='word_1_269' title='bbox 1396 629 1426 658; x_wconf 84' lang='lat'><strong>9.</strong></span> <span class='ocrx_word' id='word_1_270' title='bbox 1441 629 1471 658; x_wconf 85' lang='lat'><strong>4.</strong></span> <span class='ocrx_word' id='word_1_271' title='bbox 1494 626 1579 658; x_wconf 92' lang='lat' dir='ltr'><strong>Tac.</strong></span> <span class='ocrx_word' id='word_1_272' title='bbox 1595 636 1620 657; x_wconf 91' lang='lat'><strong>1.</strong></span> <span class='ocrx_word' id='word_1_273' title='bbox 1634 629 1665 657; x_wconf 84' lang='lat'><strong>3.</strong></span> <span class='ocrx_word' id='word_1_274' title='bbox 1682 629 1713 658; x_wconf 88' lang='grc'><strong>6.</strong></span> <span class='ocrx_word' id='word_1_275' title='bbox 1728 628 1791 658; x_wconf 78' lang='grc' dir='ltr'><strong>διο.</strong></span> <span class='ocrx_word' id='word_1_276' title='bbox 1813 626 1916 658; x_wconf 81' lang='lat' dir='ltr'><strong>Rern.</strong></span> 
     </span>
    </p>

    <p class='ocr_par' dir='ltr' id='par_1_11' title="bbox 1241 677 1937 769">
     <span class='ocr_line' id='line_1_52' title="bbox 1284 677 1937 719; baseline 0.002 -10"><span class='ocrx_word' id='word_1_277' title='bbox 1284 679 1331 709; x_wconf 83' lang='lat' dir='ltr'><strong>Et</strong></span> <span class='ocrx_word' id='word_1_278' title='bbox 1346 677 1549 718; x_wconf 58' lang='lat' dir='ltr'><strong>Romae‚‹!5⁶c.]</strong></span> <span class='ocrx_word' id='word_1_279' title='bbox 1583 678 1703 719; x_wconf 89' lang='lat' dir='ltr'><strong>Usque</strong></span> <span class='ocrx_word' id='word_1_280' title='bbox 1731 678 1773 709; x_wconf 89' lang='lat' dir='ltr'><strong>ad</strong></span> <span class='ocrx_word' id='word_1_281' title='bbox 1801 687 1937 719; x_wconf 81' lang='lat' dir='ltr'><strong>suscepe-</strong></span> 
     </span>
     <span class='ocr_line' id='line_1_53' title="bbox 1241 728 1819 769; baseline -0.002 -10"><span class='ocrx_word' id='word_1_282' title='bbox 1241 732 1314 759; x_wconf 79' lang='lat' dir='ltr'><strong>rant</strong></span> <span class='ocrx_word' id='word_1_283' title='bbox 1328 728 1459 759; x_wconf 91' lang='lat' dir='ltr'><strong>uncinis</strong></span> <span class='ocrx_word' id='word_1_284' title='bbox 1476 728 1620 759; x_wconf 86' lang='lat' dir='ltr'><strong>includit</strong></span> <span class='ocrx_word' id='word_1_285' title='bbox 1635 728 1697 760; x_wconf 86' lang='lat' dir='ltr'><strong>Ed.</strong></span> <span class='ocrx_word' id='word_1_286' title='bbox 1709 728 1819 769; x_wconf 90' lang='lat' dir='ltr'><strong>Bong.</strong></span> 
     </span>
    </p>

    <p class='ocr_par' dir='ltr' id='par_1_12' title="bbox 1240 779 1943 1210">
     <span class='ocr_line' id='line_1_54' title="bbox 1283 779 1938 820; baseline 0 -10"><span class='ocrx_word' id='word_1_287' title='bbox 1283 781 1304 810; x_wconf 82' lang='lat'>4</span> <span class='ocrx_word' id='word_1_288' title='bbox 1328 780 1368 810; x_wconf 83' lang='lat' dir='ltr'><strong>In</strong></span> <span class='ocrx_word' id='word_1_289' title='bbox 1391 782 1474 810; x_wconf 82' lang='lat' dir='ltr'><strong>auct.</strong></span> <span class='ocrx_word' id='word_1_290' title='bbox 1490 779 1561 819; x_wconf 58' lang='lat' dir='ltr'><strong>Sym]</strong></span> <span class='ocrx_word' id='word_1_291' title='bbox 1597 779 1686 810; x_wconf 81' lang='lat' dir='ltr'><strong>Saxo</strong></span> <span class='ocrx_word' id='word_1_292' title='bbox 1711 788 1736 810; x_wconf 91' lang='lat'><strong>1.</strong></span> <span class='ocrx_word' id='word_1_293' title='bbox 1763 789 1798 820; x_wconf 88' lang='lat' dir='ltr'><strong>p.</strong></span> <span class='ocrx_word' id='word_1_294' title='bbox 1814 781 1867 811; x_wconf 84' lang='lat'><strong>19.</strong></span> <span class='ocrx_word' id='word_1_295' title='bbox 1883 781 1938 811; x_wconf 85' lang='grc'><strong>44.</strong></span> 
     </span>
     <span class='ocr_line' id='line_1_55' title="bbox 1242 828 1941 870; baseline 0.001 -11"><span class='ocrx_word' id='word_1_296' title='bbox 1242 828 1252 845; x_wconf 77' lang='lat'><em>⁴</em></span> <span class='ocrx_word' id='word_1_297' title='bbox 1267 829 1394 860; x_wconf 89' lang='lat' dir='ltr'><strong>Dolum</strong></span> <span class='ocrx_word' id='word_1_298' title='bbox 1421 828 1456 859; x_wconf 92' lang='lat' dir='ltr'><strong>in</strong></span> <span class='ocrx_word' id='word_1_299' title='bbox 1483 833 1575 860; x_wconf 88' lang='lat' dir='ltr'><strong>auct.</strong></span> <span class='ocrx_word' id='word_1_300' title='bbox 1598 829 1735 860; x_wconf 88' lang='lat' dir='ltr'><strong>retorsit</strong></span> <span class='ocrx_word' id='word_1_301' title='bbox 1747 828 1768 860; x_wconf 72' lang='grc' dir='ltr'><strong>ι’</strong></span> <span class='ocrx_word' id='word_1_302' title='bbox 1803 837 1882 860; x_wconf 77' lang='lat' dir='ltr'><strong>xrv.</strong></span> <span class='ocrx_word' id='word_1_303' title='bbox 1904 839 1941 870; x_wconf 87' lang='lat' dir='ltr'><strong>p.</strong></span> 
     </span>
     <span class='ocr_line' id='line_1_56' title="bbox 1243 877 1942 919; baseline 0.001 -10"><span class='ocrx_word' id='word_1_304' title='bbox 1243 881 1318 910; x_wconf 83' lang='lat'><strong>350.</strong></span> <span class='ocrx_word' id='word_1_305' title='bbox 1335 882 1366 910; x_wconf 85' lang='grc'><strong>7.</strong></span> <span class='ocrx_word' id='word_1_306' title='bbox 1387 878 1396 895; x_wconf 87' lang='lat'>‘</span> <span class='ocrx_word' id='word_1_307' title='bbox 1411 877 1571 910; x_wconf 89' lang='lat' dir='ltr'><strong>Ceterum</strong></span> <span class='ocrx_word' id='word_1_308' title='bbox 1588 879 1785 910; x_wconf 84' lang='lat' dir='ltr'><strong>insidiarum</strong></span> <span class='ocrx_word' id='word_1_309' title='bbox 1809 879 1942 919; x_wconf 89' lang='lat' dir='ltr'><strong>pericu-</strong></span> 
     </span>
     <span class='ocr_line' id='line_1_57' title="bbox 1244 928 1940 970; baseline 0.003 -12"><span class='ocrx_word' id='word_1_310' title='bbox 1244 928 1284 959; x_wconf 90' lang='lat' dir='ltr'><strong>lis</strong></span> <span class='ocrx_word' id='word_1_311' title='bbox 1310 933 1429 969; x_wconf 89' lang='lat' dir='ltr'><strong>patere</strong></span> <span class='ocrx_word' id='word_1_312' title='bbox 1456 929 1570 969; x_wconf 87' lang='lat' dir='ltr'><strong>malle,</strong></span> <span class='ocrx_word' id='word_1_313' title='bbox 1598 939 1698 970; x_wconf 88' lang='lat' dir='ltr'><strong>quam</strong></span> <span class='ocrx_word' id='word_1_314' title='bbox 1722 930 1756 960; x_wconf 88' lang='lat' dir='ltr'><strong>iu</strong></span> <span class='ocrx_word' id='word_1_315' title='bbox 1782 934 1940 961; x_wconf 83' lang='lat' dir='ltr'><strong>auctores</strong></span> 
     </span>
     <span class='ocr_line' id='line_1_58' title="bbox 1244 978 1942 1020; baseline 0.004 -11"><span class='ocrx_word' id='word_1_316' title='bbox 1244 978 1374 1010; x_wconf 89' lang='lat' dir='ltr'><strong>facinus</strong></span> <span class='ocrx_word' id='word_1_317' title='bbox 1401 979 1622 1020; x_wconf 87' lang='lat' dir='ltr'><strong>retorquere.&#39;</strong></span> <span class='ocrx_word' id='word_1_318' title='bbox 1665 981 1801 1012; x_wconf 85' lang='lat' dir='ltr'><strong>Saresb.</strong></span> <span class='ocrx_word' id='word_1_319' title='bbox 1816 990 1857 1012; x_wconf 88' lang='lat'><strong>11.</strong></span> <span class='ocrx_word' id='word_1_320' title='bbox 1872 980 1942 1012; x_wconf 91' lang='lat' dir='ltr'><strong>Po·</strong></span> 
     </span>
     <span class='ocr_line' id='line_1_59' title="bbox 1245 1028 1942 1071; baseline 0.004 -12"><span class='ocrx_word' id='word_1_321' title='bbox 1245 1029 1319 1060; x_wconf 89' lang='lat' dir='ltr'><strong>licr.</strong></span> <span class='ocrx_word' id='word_1_322' title='bbox 1332 1032 1384 1062; x_wconf 86' lang='lat'><strong>20.</strong></span> <span class='ocrx_word' id='word_1_323' title='bbox 1402 1028 1426 1061; x_wconf 88' lang='lat' dir='ltr'><strong>f.</strong></span> <span class='ocrx_word' id='word_1_324' title='bbox 1447 1030 1457 1047; x_wconf 89' lang='lat'>‘</span> <span class='ocrx_word' id='word_1_325' title='bbox 1471 1029 1632 1071; x_wconf 89' lang='lat' dir='ltr'><strong>Alioquin</strong></span> <span class='ocrx_word' id='word_1_326' title='bbox 1657 1031 1824 1062; x_wconf 88' lang='lat' dir='ltr'><strong>hominem</strong></span> <span class='ocrx_word' id='word_1_327' title='bbox 1850 1031 1942 1062; x_wconf 83' lang='lat' dir='ltr'><strong>nulla</strong></span> 
     </span>
     <span class='ocr_line' id='line_1_60' title="bbox 1240 1078 1943 1121; baseline 0.006 -13"><span class='ocrx_word' id='word_1_328' title='bbox 1240 1078 1376 1118; x_wconf 88' lang='lat' dir='ltr'><strong>justitia</strong></span> <span class='ocrx_word' id='word_1_329' title='bbox 1391 1079 1645 1120; x_wconf 85' lang='lat' dir='ltr'><strong>condemnabit,</strong></span> <span class='ocrx_word' id='word_1_330' title='bbox 1661 1089 1737 1111; x_wconf 89' lang='lat' dir='ltr'><strong>cum</strong></span> <span class='ocrx_word' id='word_1_331' title='bbox 1753 1081 1854 1121; x_wconf 85' lang='lat' dir='ltr'><strong>culpa</strong></span> <span class='ocrx_word' id='word_1_332' title='bbox 1875 1090 1943 1112; x_wconf 90' lang='lat' dir='ltr'><strong>non</strong></span> 
     </span>
     <span class='ocr_line' id='line_1_61' title="bbox 1245 1128 1942 1172; baseline 0.004 -14"><span class='ocrx_word' id='word_1_333' title='bbox 1245 1128 1280 1159; x_wconf 93' lang='lat' dir='ltr'><strong>in</strong></span> <span class='ocrx_word' id='word_1_334' title='bbox 1306 1137 1395 1168; x_wconf 91' lang='lat' dir='ltr'><strong>eum,</strong></span> <span class='ocrx_word' id='word_1_335' title='bbox 1421 1128 1482 1160; x_wconf 86' lang='lat' dir='ltr'><strong>sed</strong></span> <span class='ocrx_word' id='word_1_336' title='bbox 1506 1130 1539 1160; x_wconf 90' lang='lat' dir='ltr'><strong>in</strong></span> <span class='ocrx_word' id='word_1_337' title='bbox 1565 1130 1670 1170; x_wconf 89' lang='lat' dir='ltr'><strong>ipsius</strong></span> <span class='ocrx_word' id='word_1_338' title='bbox 1703 1134 1942 1172; x_wconf 88' lang='lat' dir='ltr'><strong>retorqueatur</strong></span> 
     </span>
     <span class='ocr_line' id='line_1_62' title="bbox 1246 1179 1444 1210; baseline 0 -1"><span class='ocrx_word' id='word_1_339' title='bbox 1246 1179 1444 1210; x_wconf 87' lang='lat' dir='ltr'><strong>auctorem.’</strong></span> 
     </span>
    </p>

    <p class='ocr_par' dir='ltr' id='par_1_13' title="bbox 1248 1227 1946 1419">
     <span class='ocr_line' id='line_1_63' title="bbox 1289 1227 1944 1269; baseline 0.008 -12"><span class='ocrx_word' id='word_1_340' title='bbox 1289 1228 1306 1267; x_wconf 78' lang='lat'>§</span> <span class='ocrx_word' id='word_1_341' title='bbox 1323 1231 1341 1258; x_wconf 92' lang='lat'>5</span> <span class='ocrx_word' id='word_1_342' title='bbox 1367 1228 1407 1258; x_wconf 85' lang='lat' dir='ltr'><strong>In</strong></span> <span class='ocrx_word' id='word_1_343' title='bbox 1422 1227 1564 1268; x_wconf 79' lang='lat' dir='ltr'><strong>latebris]</strong></span> <span class='ocrx_word' id='word_1_344' title='bbox 1585 1229 1595 1246; x_wconf 80' lang='lat'><strong><em>⁴</em></strong></span> <span class='ocrx_word' id='word_1_345' title='bbox 1610 1229 1785 1269; x_wconf 87' lang='lat' dir='ltr'><strong>Religione</strong></span> <span class='ocrx_word' id='word_1_346' title='bbox 1801 1228 1871 1260; x_wconf 87' lang='lat' dir='ltr'><strong>fani</strong></span> <span class='ocrx_word' id='word_1_347' title='bbox 1885 1230 1944 1263; x_wconf 87' lang='lat' dir='ltr'><strong>Jo-</strong></span> 
     </span>
     <span class='ocr_line' id='line_1_64' title="bbox 1248 1278 1946 1322; baseline 0.004 -13"><span class='ocrx_word' id='word_1_348' title='bbox 1248 1278 1297 1309; x_wconf 85' lang='lat' dir='ltr'><strong>vis</strong></span> <span class='ocrx_word' id='word_1_349' title='bbox 1321 1288 1356 1309; x_wconf 90' lang='lat' dir='ltr'><strong>se</strong></span> <span class='ocrx_word' id='word_1_350' title='bbox 1383 1283 1552 1310; x_wconf 87' lang='lat' dir='ltr'><strong>tutantem</strong></span> <span class='ocrx_word' id='word_1_351' title='bbox 1568 1279 1795 1312; x_wconf 87' lang='lat' dir='ltr'><strong>confoderunt</strong></span> <span class='ocrx_word' id='word_1_352' title='bbox 1809 1280 1946 1322; x_wconf 87' lang='lat' dir='ltr'><strong>quidam</strong></span> 
     </span>
     <span class='ocr_line' id='line_1_65' title="bbox 1248 1328 1946 1371; baseline 0.004 -12"><span class='ocrx_word' id='word_1_353' title='bbox 1248 1329 1388 1360; x_wconf 83' lang='lat' dir='ltr'><strong>immissi</strong></span> <span class='ocrx_word' id='word_1_354' title='bbox 1414 1339 1433 1360; x_wconf 89' lang='lat' dir='ltr'><strong>a</strong></span> <span class='ocrx_word' id='word_1_355' title='bbox 1458 1328 1554 1368; x_wconf 89' lang='lat' dir='ltr'><strong>fili0,&#39;</strong></span> <span class='ocrx_word' id='word_1_356' title='bbox 1580 1330 1693 1371; x_wconf 86' lang='lat' dir='ltr'><strong>inquit</strong></span> <span class='ocrx_word' id='word_1_357' title='bbox 1715 1330 1946 1371; x_wconf 87' lang='lat' dir='ltr'><strong>Appian.Mi-</strong></span> 
     </span>
     <span class='ocr_line' id='line_1_66' title="bbox 1250 1379 1613 1419; baseline 0.003 -9"><span class='ocrx_word' id='word_1_358' title='bbox 1250 1379 1349 1410; x_wconf 88' lang='lat' dir='ltr'><strong>thrid.</strong></span> <span class='ocrx_word' id='word_1_359' title='bbox 1367 1389 1400 1419; x_wconf 89' lang='lat' dir='ltr'><strong>p.</strong></span> <span class='ocrx_word' id='word_1_360' title='bbox 1419 1382 1489 1410; x_wconf 74' lang='grc'><strong>175.</strong></span> <span class='ocrx_word' id='word_1_361' title='bbox 1513 1380 1613 1411; x_wconf 86' lang='lat' dir='ltr'><strong>Bern.</strong></span> 
     </span>
    </p>

    <p class='ocr_par' dir='ltr' id='par_1_14' title="bbox 1249 1430 1946 1522">
     <span class='ocr_line' id='line_1_67' title="bbox 1295 1430 1946 1471; baseline 0.005 -12"><span class='ocrx_word' id='word_1_362' title='bbox 1295 1430 1396 1465; x_wconf 84' lang='lat' dir='ltr'><strong>Quam</strong></span> <span class='ocrx_word' id='word_1_363' title='bbox 1415 1430 1537 1471; x_wconf 82' lang='lat' dir='ltr'><strong>filium]</strong></span> <span class='ocrx_word' id='word_1_364' title='bbox 1578 1430 1704 1462; x_wconf 85' lang='lat' dir='ltr'><strong>Melius</strong></span> <span class='ocrx_word' id='word_1_365' title='bbox 1727 1430 1755 1462; x_wconf 85' lang='lat' dir='ltr'><strong>si</strong></span> <span class='ocrx_word' id='word_1_366' title='bbox 1780 1430 1946 1464; x_wconf 82' lang='lat' dir='ltr'><strong>rescribas</strong></span> 
     </span>
     <span class='ocr_line' id='line_1_68' title="bbox 1249 1480 1572 1522; baseline 0.003 -11"><span class='ocrx_word' id='word_1_367' title='bbox 1249 1491 1339 1521; x_wconf 80' lang='lat' dir='ltr'><strong>quum</strong></span> <span class='ocrx_word' id='word_1_368' title='bbox 1353 1480 1464 1522; x_wconf 76' lang='lat' dir='ltr'><strong>quofil.</strong></span> <span class='ocrx_word' id='word_1_369' title='bbox 1489 1480 1572 1512; x_wconf 87' lang='lat' dir='ltr'><strong>Fab.</strong></span> 
     </span>
    </p>
   </div>
   <div class='ocr_carea' id='block_1_8' title="bbox 1234 1740 1472 1788">
    <p class='ocr_par' dir='ltr' id='par_1_15' title="bbox 1234 1740 1472 1788">
     <span class='ocr_line' id='line_1_69' title="bbox 1234 1740 1472 1788; baseline -0.004 0"><span class='ocrx_word' id='word_1_370' title='bbox 1234 1740 1472 1788; x_wconf 78' lang='lat' dir='ltr'><strong>XXXV.</strong></span> 
     </span>
    </p>
   </div>
   <div class='ocr_carea' id='block_1_9' title="bbox 1255 1884 1962 2926">
    <p class='ocr_par' dir='ltr' id='par_1_16' title="bbox 1257 1884 1660 1923">
     <span class='ocr_line' id='line_1_70' title="bbox 1257 1884 1660 1923; baseline 0 -8"><span class='ocrx_word' id='word_1_371' title='bbox 1257 1885 1336 1923; x_wconf 68' lang='lat' dir='ltr'><strong>tius,</strong></span> <span class='ocrx_word' id='word_1_372' title='bbox 1354 1889 1389 1915; x_wconf 90' lang='lat' dir='ltr'><strong>ut</strong></span> <span class='ocrx_word' id='word_1_373' title='bbox 1406 1884 1537 1923; x_wconf 80' lang='lat' dir='ltr'><strong>opinor.</strong></span> <span class='ocrx_word' id='word_1_374' title='bbox 1561 1885 1660 1915; x_wconf 81' lang='lat' dir='ltr'><strong>Rern.</strong></span> 
     </span>
    </p>

    <p class='ocr_par' dir='ltr' id='par_1_17' title="bbox 1255 1933 1960 2676">
     <span class='ocr_line' id='line_1_71' title="bbox 1297 1933 1954 1974; baseline -0.002 -9"><span class='ocrx_word' id='word_1_375' title='bbox 1297 1934 1490 1973; x_wconf 78' lang='lat' dir='ltr'><strong>Subornunt]</strong></span> <span class='ocrx_word' id='word_1_376' title='bbox 1527 1934 1578 1965; x_wconf 93' lang='lat' dir='ltr'><strong>De</strong></span> <span class='ocrx_word' id='word_1_377' title='bbox 1606 1935 1637 1964; x_wconf 86' lang='grc' dir='ltr'><strong>Ιι.</strong></span> <span class='ocrx_word' id='word_1_378' title='bbox 1670 1933 1876 1974; x_wconf 77' lang='lat' dir='ltr'><strong>Alexandro,</strong></span> <span class='ocrx_word' id='word_1_379' title='bbox 1904 1933 1954 1964; x_wconf 92' lang='lat' dir='ltr'><strong>in-</strong></span> 
     </span>
     <span class='ocr_line' id='line_1_72' title="bbox 1255 1983 1954 2024; baseline 0 -10"><span class='ocrx_word' id='word_1_380' title='bbox 1255 1990 1361 2015; x_wconf 79' lang='lat' dir='ltr'><strong>certae</strong></span> <span class='ocrx_word' id='word_1_381' title='bbox 1379 1984 1495 2024; x_wconf 84' lang='lat' dir='ltr'><strong>stirpis</strong></span> <span class='ocrx_word' id='word_1_382' title='bbox 1517 1989 1553 2014; x_wconf 90' lang='lat' dir='ltr'><strong>et</strong></span> <span class='ocrx_word' id='word_1_383' title='bbox 1580 1985 1694 2024; x_wconf 86' lang='lat' dir='ltr'><strong>ignoto</strong></span> <span class='ocrx_word' id='word_1_384' title='bbox 1718 1984 1864 2024; x_wconf 84' lang='lat' dir='ltr'><strong>homine,</strong></span> <span class='ocrx_word' id='word_1_385' title='bbox 1879 1983 1954 2015; x_wconf 86' lang='lat' dir='ltr'><strong>Liv.</strong></span> 
     </span>
     <span class='ocr_line' id='line_1_73' title="bbox 1256 2033 1953 2074; baseline 0.001 -10"><span class='ocrx_word' id='word_1_386' title='bbox 1256 2034 1347 2073; x_wconf 87' lang='lat' dir='ltr'><strong>Epit.</strong></span> <span class='ocrx_word' id='word_1_387' title='bbox 1365 2042 1425 2064; x_wconf 76' lang='lat' dir='ltr'><strong>ui.</strong></span> <span class='ocrx_word' id='word_1_388' title='bbox 1450 2038 1487 2064; x_wconf 85' lang='lat' dir='ltr'><strong>et</strong></span> <span class='ocrx_word' id='word_1_389' title='bbox 1512 2033 1662 2074; x_wconf 85' lang='lat' dir='ltr'><strong>Appian.</strong></span> <span class='ocrx_word' id='word_1_390' title='bbox 1679 2034 1811 2074; x_wconf 81' lang='lat' dir='ltr'><strong>Syriae.</strong></span> <span class='ocrx_word' id='word_1_391' title='bbox 1828 2044 1862 2074; x_wconf 89' lang='lat' dir='ltr'><strong>p.</strong></span> <span class='ocrx_word' id='word_1_392' title='bbox 1882 2037 1953 2065; x_wconf 85' lang='grc'><strong>131.</strong></span> 
     </span>
     <span class='ocr_line' id='line_1_74' title="bbox 1257 2083 1955 2124; baseline 0.001 -11"><span class='ocrx_word' id='word_1_393' title='bbox 1257 2084 1413 2122; x_wconf 83' lang='lat' dir='ltr'><strong>Bongurs.</strong></span> <span class='ocrx_word' id='word_1_394' title='bbox 1460 2083 1576 2124; x_wconf 83' lang='lat' dir='ltr'><strong>Ejusd.</strong></span> <span class='ocrx_word' id='word_1_395' title='bbox 1591 2084 1758 2114; x_wconf 82' lang='lat' dir='ltr'><strong>Demetrii</strong></span> <span class='ocrx_word' id='word_1_396' title='bbox 1775 2083 1855 2122; x_wconf 83' lang='lat' dir='ltr'><strong>filio,</strong></span> <span class='ocrx_word' id='word_1_397' title='bbox 1871 2083 1955 2115; x_wconf 84' lang='lat' dir='ltr'><strong>item</strong></span> 
     </span>
     <span class='ocr_line' id='line_1_75' title="bbox 1259 2132 1956 2171; baseline 0.001 -8"><span class='ocrx_word' id='word_1_398' title='bbox 1259 2133 1438 2163; x_wconf 84' lang='lat' dir='ltr'><strong>Demetrio</strong></span> <span class='ocrx_word' id='word_1_399' title='bbox 1455 2133 1562 2171; x_wconf 89' lang='lat' dir='ltr'><strong>dicto,</strong></span> <span class='ocrx_word' id='word_1_400' title='bbox 1587 2132 1661 2163; x_wconf 88' lang='lat' dir='ltr'><strong>itid.</strong></span> <span class='ocrx_word' id='word_1_401' title='bbox 1687 2132 1872 2164; x_wconf 84' lang='lat' dir='ltr'><strong>submissus</strong></span> <span class='ocrx_word' id='word_1_402' title='bbox 1890 2132 1956 2164; x_wconf 81' lang='lat' dir='ltr'><strong>suit</strong></span> 
     </span>
     <span class='ocr_line' id='line_1_76' title="bbox 1257 2182 1956 2223; baseline 0.003 -11"><span class='ocrx_word' id='word_1_403' title='bbox 1257 2182 1609 2213; x_wconf 80' lang='lat' dir='ltr'><strong>Pseudo-Alexander</strong></span> <span class='ocrx_word' id='word_1_404' title='bbox 1625 2182 1722 2221; x_wconf 88' lang='lat' dir='ltr'><strong>alius,</strong></span> <span class='ocrx_word' id='word_1_405' title='bbox 1734 2182 1776 2212; x_wconf 89' lang='lat' dir='ltr'><strong>de</strong></span> <span class='ocrx_word' id='word_1_406' title='bbox 1789 2192 1854 2223; x_wconf 90' lang='lat' dir='ltr'><strong>quo</strong></span> <span class='ocrx_word' id='word_1_407' title='bbox 1871 2183 1956 2214; x_wconf 85' lang='lat' dir='ltr'><strong>Nos-</strong></span> 
     </span>
     <span class='ocr_line' id='line_1_77' title="bbox 1258 2233 1957 2273; baseline 0.001 -10"><span class='ocrx_word' id='word_1_408' title='bbox 1258 2238 1311 2264; x_wconf 89' lang='lat' dir='ltr'><strong>ter</strong></span> <span class='ocrx_word' id='word_1_409' title='bbox 1329 2241 1461 2263; x_wconf 78' lang='lat' dir='ltr'><strong>xxxix.</strong></span> <span class='ocrx_word' id='word_1_410' title='bbox 1480 2236 1507 2263; x_wconf 88' lang='lat'><strong>1.</strong></span> <span class='ocrx_word' id='word_1_411' title='bbox 1525 2237 1555 2263; x_wconf 88' lang='lat'><strong>5.</strong></span> <span class='ocrx_word' id='word_1_412' title='bbox 1583 2233 1787 2273; x_wconf 85' lang='lat' dir='ltr'><strong>Hujusmodi</strong></span> <span class='ocrx_word' id='word_1_413' title='bbox 1802 2233 1957 2265; x_wconf 83' lang='lat' dir='ltr'><strong>scenicos</strong></span> 
     </span>
     <span class='ocr_line' id='line_1_78' title="bbox 1258 2283 1958 2325; baseline 0.001 -12"><span class='ocrx_word' id='word_1_414' title='bbox 1258 2287 1293 2314; x_wconf 91' lang='lat' dir='ltr'><strong>et</strong></span> <span class='ocrx_word' id='word_1_415' title='bbox 1331 2283 1555 2321; x_wconf 86' lang='lat' dir='ltr'><strong>obrepetitios</strong></span> <span class='ocrx_word' id='word_1_416' title='bbox 1600 2283 1772 2323; x_wconf 88' lang='lat' dir='ltr'><strong>principes</strong></span> <span class='ocrx_word' id='word_1_417' title='bbox 1808 2283 1958 2325; x_wconf 85' lang='lat' dir='ltr'><strong>aliquam</strong></span> 
     </span>
     <span class='ocr_line' id='line_1_79' title="bbox 1259 2333 1957 2374; baseline 0.003 -11"><span class='ocrx_word' id='word_1_418' title='bbox 1259 2333 1381 2363; x_wconf 78' lang='lat' dir='ltr'><strong>multos</strong></span> <span class='ocrx_word' id='word_1_419' title='bbox 1407 2333 1578 2364; x_wconf 78' lang='lat' dir='ltr'><strong>contraxit</strong></span> <span class='ocrx_word' id='word_1_420' title='bbox 1602 2333 1736 2374; x_wconf 84' lang='lat' dir='ltr'><strong>Lipsius</strong></span> <span class='ocrx_word' id='word_1_421' title='bbox 1758 2333 1792 2363; x_wconf 91' lang='lat' dir='ltr'><strong>in</strong></span> <span class='ocrx_word' id='word_1_422' title='bbox 1817 2334 1957 2366; x_wconf 85' lang='lat' dir='ltr'><strong>Monitis</strong></span> 
     </span>
     <span class='ocr_line' id='line_1_80' title="bbox 1260 2383 1958 2422; baseline 0.003 -9"><span class='ocrx_word' id='word_1_423' title='bbox 1260 2388 1294 2413; x_wconf 83' lang='lat' dir='ltr'><strong>et</strong></span> <span class='ocrx_word' id='word_1_424' title='bbox 1320 2384 1493 2422; x_wconf 75' lang='lat' dir='ltr'><strong>Exemplis</strong></span> <span class='ocrx_word' id='word_1_425' title='bbox 1520 2383 1674 2414; x_wconf 82' lang='lat' dir='ltr'><strong>l&#39;oliticis</strong></span> <span class='ocrx_word' id='word_1_426' title='bbox 1693 2393 1733 2416; x_wconf 88' lang='lat'><strong>11.</strong></span> <span class='ocrx_word' id='word_1_427' title='bbox 1752 2388 1782 2415; x_wconf 91' lang='lat'><strong>5.</strong></span> <span class='ocrx_word' id='word_1_428' title='bbox 1826 2384 1958 2417; x_wconf 81' lang='lat' dir='ltr'><strong>Quibus</strong></span> 
     </span>
     <span class='ocr_line' id='line_1_81' title="bbox 1261 2434 1958 2466; baseline 0.004 -3"><span class='ocrx_word' id='word_1_429' title='bbox 1261 2434 1340 2464; x_wconf 86' lang='lat' dir='ltr'><strong>add.</strong></span> <span class='ocrx_word' id='word_1_430' title='bbox 1359 2434 1660 2464; x_wconf 87' lang='lat' dir='ltr'><strong>Pseudo-Drusum</strong></span> <span class='ocrx_word' id='word_1_431' title='bbox 1679 2444 1720 2465; x_wconf 85' lang='lat' dir='ltr'><strong>ex</strong></span> <span class='ocrx_word' id='word_1_432' title='bbox 1744 2434 1828 2466; x_wconf 93' lang='lat' dir='ltr'><strong>Tac.</strong></span> <span class='ocrx_word' id='word_1_433' title='bbox 1853 2445 1887 2466; x_wconf 90' lang='lat' dir='ltr'><strong>v.</strong></span> <span class='ocrx_word' id='word_1_434' title='bbox 1908 2438 1958 2466; x_wconf 87' lang='lat'><strong>10.</strong></span> 
     </span>
     <span class='ocr_line' id='line_1_82' title="bbox 1261 2484 1960 2522; baseline 0.006 -9"><span class='ocrx_word' id='word_1_435' title='bbox 1261 2484 1597 2522; x_wconf 72' lang='lat' dir='ltr'><strong>Pseudo-Neronem,</strong></span> <span class='ocrx_word' id='word_1_436' title='bbox 1646 2485 1742 2516; x_wconf 84' lang='lat' dir='ltr'><strong>Suet.</strong></span> <span class='ocrx_word' id='word_1_437' title='bbox 1782 2486 1864 2517; x_wconf 90' lang='lat' dir='ltr'><strong>Ner.</strong></span> <span class='ocrx_word' id='word_1_438' title='bbox 1902 2484 1960 2518; x_wconf 85' lang='lat' dir='ltr'><strong>fin.</strong></span> 
     </span>
     <span class='ocr_line' id='line_1_83' title="bbox 1262 2533 1958 2573; baseline 0.001 -8"><span class='ocrx_word' id='word_1_439' title='bbox 1262 2533 1632 2573; x_wconf 79' lang='lat' dir='ltr'><strong>l&#39;seiulo-Ariaratlien‚</strong></span> <span class='ocrx_word' id='word_1_440' title='bbox 1660 2535 1734 2564; x_wconf 83' lang='lat' dir='ltr'><strong>Val.</strong></span> <span class='ocrx_word' id='word_1_441' title='bbox 1750 2535 1800 2566; x_wconf 86' lang='lat' dir='ltr'><strong>M.</strong></span> <span class='ocrx_word' id='word_1_442' title='bbox 1824 2544 1876 2566; x_wconf 80' lang='lat' dir='ltr'><strong>lx.</strong></span> <span class='ocrx_word' id='word_1_443' title='bbox 1907 2538 1958 2566; x_wconf 87' lang='grc'><strong>16.</strong></span> 
     </span>
     <span class='ocr_line' id='line_1_84' title="bbox 1263 2585 1958 2625; baseline 0.001 -10"><span class='ocrx_word' id='word_1_444' title='bbox 1263 2585 1619 2624; x_wconf 68' lang='lat' dir='ltr'><strong>Pseudo—johannem,</strong></span> <span class='ocrx_word' id='word_1_445' title='bbox 1663 2585 1866 2625; x_wconf 84' lang='lat' dir='ltr'><strong>Pachynier.</strong></span> <span class='ocrx_word' id='word_1_446' title='bbox 1901 2594 1958 2617; x_wconf 91' lang='grc' dir='ltr'><strong>ιιι.</strong></span> 
     </span>
     <span class='ocr_line' id='line_1_85' title="bbox 1265 2636 1749 2676; baseline -0.002 -9"><span class='ocrx_word' id='word_1_447' title='bbox 1265 2639 1314 2667; x_wconf 83' lang='grc'><strong>12.</strong></span> <span class='ocrx_word' id='word_1_448' title='bbox 1330 2642 1364 2667; x_wconf 93' lang='lat' dir='ltr'><strong>et</strong></span> <span class='ocrx_word' id='word_1_449' title='bbox 1383 2639 1432 2667; x_wconf 82' lang='lat'><strong>13.</strong></span> <span class='ocrx_word' id='word_1_450' title='bbox 1449 2640 1484 2666; x_wconf 85' lang='lat' dir='ltr'><strong>et</strong></span> <span class='ocrx_word' id='word_1_451' title='bbox 1501 2636 1626 2676; x_wconf 84' lang='lat' dir='ltr'><strong>plures.</strong></span> <span class='ocrx_word' id='word_1_452' title='bbox 1651 2636 1749 2666; x_wconf 78' lang='lat' dir='ltr'><strong>Rern.</strong></span> 
     </span>
    </p>

    <p class='ocr_par' dir='ltr' id='par_1_18' title="bbox 1264 2684 1962 2926">
     <span class='ocr_line' id='line_1_86' title="bbox 1305 2684 1962 2726; baseline 0.002 -10"><span class='ocrx_word' id='word_1_453' title='bbox 1305 2687 1473 2726; x_wconf 80' lang='lat' dir='ltr'><strong>Propulum</strong></span> <span class='ocrx_word' id='word_1_454' title='bbox 1495 2685 1658 2725; x_wconf 79' lang='lat' dir='ltr'><strong>quendum]</strong></span> <span class='ocrx_word' id='word_1_455' title='bbox 1692 2684 1855 2726; x_wconf 79' lang='lat' dir='ltr'><strong>Ampliss.</strong></span> <span class='ocrx_word' id='word_1_456' title='bbox 1883 2686 1962 2717; x_wconf 92' lang='lat' dir='ltr'><strong>Lin-</strong></span> 
     </span>
     <span class='ocr_line' id='line_1_87' title="bbox 1265 2735 1960 2777; baseline -0.001 -10"><span class='ocrx_word' id='word_1_457' title='bbox 1265 2737 1425 2777; x_wconf 84' lang='lat' dir='ltr'><strong>gelsliem.</strong></span> <span class='ocrx_word' id='word_1_458' title='bbox 1442 2736 1592 2767; x_wconf 83' lang='lat' dir='ltr'><strong>ostendit</strong></span> <span class='ocrx_word' id='word_1_459' title='bbox 1610 2736 1688 2766; x_wconf 81' lang='lat' dir='ltr'><strong>mihi</strong></span> <span class='ocrx_word' id='word_1_460' title='bbox 1704 2736 1814 2766; x_wconf 86' lang='lat' dir='ltr'><strong>locum</strong></span> <span class='ocrx_word' id='word_1_461' title='bbox 1830 2735 1863 2766; x_wconf 92' lang='lat' dir='ltr'><strong>in</strong></span> <span class='ocrx_word' id='word_1_462' title='bbox 1881 2736 1960 2767; x_wconf 80' lang='lat' dir='ltr'><strong>doc-</strong></span> 
     </span>
     <span class='ocr_line' id='line_1_88' title="bbox 1265 2785 1960 2825; baseline 0 -8"><span class='ocrx_word' id='word_1_463' title='bbox 1265 2787 1349 2818; x_wconf 82' lang='lat' dir='ltr'><strong>toris</strong></span> <span class='ocrx_word' id='word_1_464' title='bbox 1378 2787 1427 2817; x_wconf 90' lang='lat' dir='ltr'><strong>sui</strong></span> <span class='ocrx_word' id='word_1_465' title='bbox 1459 2785 1526 2817; x_wconf 94' lang='lat' dir='ltr'><strong>Ob.</strong></span> <span class='ocrx_word' id='word_1_466' title='bbox 1554 2785 1684 2817; x_wconf 80' lang='lat' dir='ltr'><strong>Gifanii</strong></span> <span class='ocrx_word' id='word_1_467' title='bbox 1722 2785 1829 2825; x_wconf 86' lang='lat' dir='ltr'><strong>plenis</strong></span> <span class='ocrx_word' id='word_1_468' title='bbox 1864 2785 1960 2817; x_wconf 85' lang='lat' dir='ltr'><strong>bonae</strong></span> 
     </span>
     <span class='ocr_line' id='line_1_89' title="bbox 1264 2835 1961 2876; baseline 0 -10"><span class='ocrx_word' id='word_1_469' title='bbox 1264 2835 1371 2876; x_wconf 82' lang='lat' dir='ltr'><strong>frugis</strong></span> <span class='ocrx_word' id='word_1_470' title='bbox 1388 2836 1491 2867; x_wconf 81' lang='lat' dir='ltr'><strong>Obss.</strong></span> <span class='ocrx_word' id='word_1_471' title='bbox 1508 2836 1539 2866; x_wconf 91' lang='lat' dir='ltr'><strong>in</strong></span> <span class='ocrx_word' id='word_1_472' title='bbox 1557 2837 1594 2866; x_wconf 85' lang='lat' dir='ltr'><strong>L.</strong></span> <span class='ocrx_word' id='word_1_473' title='bbox 1612 2836 1650 2867; x_wconf 90' lang='lat' dir='ltr'><strong>L.</strong></span> <span class='ocrx_word' id='word_1_474' title='bbox 1665 2835 1720 2866; x_wconf 90' lang='lat' dir='ltr'><strong>ubi</strong></span> <span class='ocrx_word' id='word_1_475' title='bbox 1747 2838 1756 2853; x_wconf 94' lang='lat'>‘</span> <span class='ocrx_word' id='word_1_476' title='bbox 1771 2835 1961 2876; x_wconf 82' lang='lat' dir='ltr'><strong>propalam&#39;</strong></span> 
     </span>
     <span class='ocr_line' id='line_1_90' title="bbox 1264 2885 1960 2926; baseline 0 -9"><span class='ocrx_word' id='word_1_477' title='bbox 1264 2886 1312 2917; x_wconf 84' lang='lat' dir='ltr'><strong>ait</strong></span> <span class='ocrx_word' id='word_1_478' title='bbox 1336 2886 1479 2918; x_wconf 80' lang='lat' dir='ltr'><strong>‘Latine</strong></span> <span class='ocrx_word' id='word_1_479' title='bbox 1498 2886 1564 2917; x_wconf 87' lang='lat' dir='ltr'><strong>dici</strong></span> <span class='ocrx_word' id='word_1_480' title='bbox 1591 2895 1667 2917; x_wconf 88' lang='lat' dir='ltr'><strong>cum</strong></span> <span class='ocrx_word' id='word_1_481' title='bbox 1690 2885 1746 2926; x_wconf 89' lang='lat' dir='ltr'><strong>qui</strong></span> <span class='ocrx_word' id='word_1_482' title='bbox 1771 2886 1960 2926; x_wconf 80' lang='lat' dir='ltr'><strong>propalam,</strong></span> 
     </span>
    </p>
   </div>
  </div>
 </body>
</html>
