2101 3419
551 335 744 366 JUSTJNJ
779 336 870 365 ΜΒ.
903 335 1046 366 xxlv.
1079 336 1186 366 CAP.
1218 325 1258 366 6.

193 429 406 466 offerentem,
437 429 659 469 contemptim
697 428 822 468 rejicit,
851 432 887 459 et

194 480 345 510 timorem
383 479 642 518 interpretatur,
670 487 745 518 quae
786 477 887 509 confi-

195 529 309 560 dentia
325 539 362 560 ac
387 529 509 559 lenitas
538 533 622 558 erat.
659 527 781 558 Zonar.
807 532 886 559 tom.

194 588 250 609 ιιι.
295 578 474 618 Sapienter
498 575 709 608 Aristliaenus
737 587 791 617 ap.
817 577 889 608 Liv.

195 636 316 659 xxxu.
343 631 395 659 21.
417 629 469 658 27.
514 626 657 657 Achaeos
681 636 756 657 suos
779 626 890 657 horta-

195 682 263 717 tur,
285 681 293 695 ‘
320 687 362 708 ne
393 678 559 708 Romanos
589 676 770 707 amicitiam
801 678 891 707 ultro

195 731 352 768 petentes
375 726 563 766 fastidiant,
578 736 642 757 nec
666 727 755 757 enim
779 736 834 757 eos
857 726 892 756 id

197 782 289 808 metu
301 776 411 808 facere
425 788 432 808 :
449 777 520 818 sed,
531 777 620 818 quod
631 781 759 817 rogant,
771 786 892 816 cogere

197 828 316 868 posse!
344 828 444 859 Rern.

242 877 373 909 Obsides
386 878 537 916 dederint,
552 878 621 918 ἔγω]
657 878 695 909 F.
710 877 827 908 obsides
840 877 894 907 da-

197 931 278 968 rent,
292 932 320 959 et
336 938 423 959 arma
437 930 606 959 traderent.
632 929 738 959 Gron.

242 979 260 1017 ᾧ
283 980 303 1008 6
325 978 523 1017 Ptolemoeus,
537 979 606 1018 “S-c]
642 979 802 1009 Memnon
820 986 897 1017 cap.

200 1031 252 1059 15.
280 1027 323 1058 de
352 1027 427 1058 eod.
454 1028 661 1059 Ptolemaeo:
710 1027 812 1067 Ἀξίως
842 1028 898 1064 τῆς

199 1076 352 1116 ὠμότητος
373 1077 579 1118 καταστρέφει
597 1077 652 1108 τὸν
672 1077 751 1117 βίον,
770 1079 898 1108 διασπα-

201 1128 325 1169 ραχθεὶς
358 1127 415 1159 ὑπὸ
450 1131 511 1160 τῶν
544 1131 700 1160 Γαλατῶν·
742 1128 804 1169 ζῶν
838 1128 899 1169 ’γὰρ

201 1178 333 1218 ἐλήφθη,
364 1179 421 1208 τοῦ
457 1177 625 1218 ἐλέφαντος
659 1180 692 1210 ἐν
728 1178 752 1218 ᾧ
787 1179 899 1219 ᾤχεῖτο

201 1227 364 1269 τρωθέντος
374 1227 425 1258 καὶ
436 1228 665 1264 καταβαλόντος
680 1228 781 1262 αὐτόν.

249 1280 265 1319 ξ
282 1281 321 1309 12
345 1279 416 1309 Non
431 1279 509 1309 votis
524 1279 692 1319 agendum]
729 1281 808 1311 Sall.
825 1281 901 1312 Cat.

205 1331 257 1358 52.
274 1330 327 1359 26.
349 1328 358 1344 ‘
375 1327 452 1358 Non
470 1328 565 1367 votis,
577 1337 687 1369 neque
701 1329 900 1369 suppliciis,’

206 1381 272 1408 «Sec.
299 1381 335 1408 et
364 1380 394 1408 1.
422 1377 468 1408 Η.
501 1378 603 1407 ‘Nou
632 1379 720 1409 votis
751 1381 902 1419 paranda

206 1427 351 1458 auxilia-⁷
395 1427 622 1458 Restitnenda
636 1428 708 1459 haec
724 1438 788 1459 vox
802 1429 902 1461 Afra-

208 1478 263 1508 nio
290 1487 342 1517 ap.
369 1477 535 1508 Nonium:
559 1479 567 1493 ‘
583 1477 721 1508 Nullam
746 1478 903 1518 profecto

210 1527 340 1558 accessi
364 1527 405 1557 ad
431 1536 533 1564 aram,
556 1527 636 1567 quin
660 1528 751 1558 Deos
777 1529 905 1569 suppli-

211 1577 284 1615 ciis,
310 1581 446 1616 sumptu
473 1576 572 1616 vatis,
600 1577 709 1615 donis,
738 1579 906 1619 precibus,

211 1627 359 1666 plorans,
376 1626 568 1664 obsecrans,
584 1627 804 1667 nequicquam
829 1627 905 1658 fati-

212 1686 348 1715 garem:
372 1676 438 1717 leg.
461 1676 632 1716 suppliciis,
654 1681 788 1717 sumptu,
805 1677 906 1710 votis!

214 1726 322 1766 Bong.

256 1776 431 1815 Sosthenes,
465 1775 536 1816 ξω]
595 1777 721 1816 Georg.
756 1776 905 1817 Syncell.

213 1826 398 1866 Chronogr.
413 1836 446 1866 p.
464 1829 538 1857 270.
553 1825 663 1866 Βέρνου
673 1827 754 1866 [leg.
764 1825 907 1867 Βρέννου]

213 1876 268 1905 τοῦ
280 1875 418 1905 Γαλάτου
433 1875 564 1906 ἐπιόντος
586 1876 688 1906 αὐτοῖς
710 1875 909 1916 [Μακεδόσιν]

212 1924 248 1955 ὒν
262 1925 418 1962 Σωσθένης
430 1925 567 1965 ἐκδιώξας
577 1927 683 1966 κρατεῖ
689 1925 741 1956 καὶ
753 1925 841 1957 αὐτὸς
855 1925 910 1963 ἔτη

215 1974 266 2005 δύο
280 1978 341 2006 τῶν
356 1975 544 2006 Μακεδόνων.

263 2025 348 2056 Unus
368 2027 404 2056 de
420 2027 624 2056 Macedonum
645 2024 839 2065 principibus
859 2035 910 2056 ra-

215 2076 279 2116 tus]
301 2075 378 2106 Non
404 2076 536 2115 rejicio,
559 2080 688 2106 tantum
712 2085 842 2115 moneo,
865 2076 911 2106 vi-

216 2124 289 2155 deri
318 2125 448 2164 melius,
476 2125 504 2155 si
534 2126 667 2165 legatur
691 2125 790 2165 satus.
844 2126 912 2157 Vix

216 2174 305 2204 enim
332 2179 452 2204 contra
478 2174 748 2214 desperationem
766 2175 911 2206 omnium

218 2222 352 2254 efficere
376 2224 454 2264 quid
479 2225 590 2264 potuit
617 2225 750 2264 privata
773 2225 839 2255 ista
854 2235 915 2256 sua

218 2275 400 2313 sententia,
422 2275 485 2305 nisi
501 2275 591 2305 enim
607 2276 700 2315 prius
715 2276 914 2315 explicaret,

220 2331 256 2356 et
267 2325 377 2356 allatis
392 2325 578 2356 rationibus
593 2325 743 2357 firmaret
759 2326 915 2366 despera-

221 2381 298 2414 tos;
321 2376 407 2416 qnod
429 2376 582 2407 oratione
609 2375 749 2415 factum,
776 2386 916 2407 necesse

222 2428 285 2464 est,
300 2425 341 2456 ad
358 2435 455 2466 quam
470 2425 550 2456 illud
560 2425 652 2463 fatus
668 2425 830 2465 pertinet.
855 2426 916 2456 Ar-

224 2480 417 2515 gumentum
440 2485 541 2516 porro
557 2475 719 2506 orationis
733 2474 810 2514 fuit,
826 2475 917 2516 quod

223 2525 402 2566 praecedit,
417 2527 426 2542 ‘
442 2536 507 2557 non
523 2526 609 2556 votis
626 2524 815 2565 agendum,’
829 2525 917 2566 quod

226 2577 364 2616 proinde
377 2577 410 2607 in
423 2582 519 2608 textu
537 2578 661 2608 litteris
677 2577 817 2608 cursivis
835 2577 918 2609 scri·

225 2625 325 2657 bend.
341 2626 485 2658 videtur.
508 2626 609 2664 Schef.

269 2676 287 2715 ξ
303 2678 342 2706 13
366 2676 518 2714 Ignobz'lis
530 2675 610 2717 ipse]
644 2676 723 2707 Non
739 2675 832 2716 regio
847 2686 921 2707 san-

228 2725 329 2765 guine
343 2731 476 2759 cretus:
500 2727 560 2758 sed
583 2731 697 2758 tamen
720 2736 805 2757 unus
830 2726 921 2767 prin-

228 2775 338 2814 cipum
358 2785 577 2815 procerumve
599 2776 705 2817 regni,
719 2775 920 2807 sicutmodo

230 2832 263 2854 n.
281 2826 332 2854 12.
349 2824 488 2856 dictum.
511 2827 610 2858 Rern.

273 2873 386 2905 Multis
412 2874 571 2916 nobilibus,
594 2885 722 2915 regnum
747 2874 923 2916 affectanti-

1547 322 1631 363 927

936 428 1000 468 bus,
1024 428 1172 468 ignobilis
1205 429 1285 470 ipse]
1323 428 1391 460 Hic
1425 427 1633 460 dormitabat

937 480 1105 520 Justinus,
1133 481 1189 521 qui
1217 480 1307 512 dicat
1329 479 1440 510 multis
1466 479 1636 510 nobilibus

939 539 1077 569 regnum
1101 530 1372 570 competentibus
1390 530 1566 570 praelatum
1585 527 1637 558 fu-

938 578 1003 608 isse
1019 579 1231 618 Sosthenem,
1245 589 1318 609 cum
1333 584 1423 609 esset
1438 584 1550 609 tamen
1564 577 1636 617 ipse

940 627 1108 667 ignobilis.
1164 628 1300 658 Oblitus
1325 627 1390 658 fuit
1421 627 1509 668 quod
1539 633 1637 657 antea

941 677 1136 718 scripserat,
1157 677 1165 693 ‘
1180 677 1363 708 Sostlienes
1387 687 1468 707 unus
1495 676 1538 707 de
1563 677 1638 707 Ma-

942 727 1107 757 cedonum
1139 726 1370 766 principibus!
1424 727 1500 756 Non
1527 726 1639 757 cohae-

942 781 1029 806 rent.
1073 776 1177 807 Certe
1199 777 1285 806 enim
1311 776 1480 816 principes
1506 776 1640 816 imperii

942 836 1008 856 non
1031 831 1173 866 possunt
1197 825 1312 856 haberi
1340 835 1399 865 pro
1425 825 1640 865 ignobilibus.

944 876 1008 906 Sed
1027 886 1096 906 rem
1115 877 1273 907 tractavit
1290 875 1458 906 rhetorice
1473 874 1642 915 Justinus,

944 933 982 958 ut
997 937 1057 968 per
1073 927 1359 967 comparationem
1377 931 1548 957 cresceret
1567 926 1642 956 Sos-

946 978 1076 1016 thenes,
1100 982 1135 1008 et
1162 982 1258 1008 tanto
1283 977 1357 1017 plus
1380 976 1414 1006 in
1442 985 1481 1006 eo
1509 975 1643 1006 virtutis

946 1026 1049 1057 fuisse
1065 1026 1291 1066 crederemus,
1306 1030 1432 1066 quanto
1454 1025 1562 1055 minus
1586 1034 1644 1055 no-

948 1078 1090 1109 bilitatis
1116 1077 1276 1116 habebat,
1298 1086 1323 1107 s.
1340 1085 1380 1105 ex
1399 1084 1537 1116 genere,
1559 1085 1585 1106 s.
1601 1084 1644 1105 ex

948 1127 1048 1158 rebus
1076 1127 1193 1168 gestis,
1217 1135 1293 1167 quae
1309 1134 1391 1156 vera
1406 1124 1565 1156 nobilitas
1580 1128 1646 1156 est.

949 1177 1061 1209 Faber.

992 1228 1009 1268 ᾧ
1027 1231 1067 1259 14
1091 1228 1161 1258 Νοη
1176 1227 1208 1258 in
1224 1226 1317 1266 regis,
1332 1226 1396 1263 sed,
1413 1224 1481 1265 ἐξα]
1504 1224 1559 1255 Ita
1573 1223 1646 1255 fere

949 1279 1144 1310 Mezetulus
1161 1288 1214 1319 ap.
1231 1278 1305 1308 Liv.
1322 1285 1425 1307 xxix.
1437 1279 1490 1306 29.
1504 1278 1536 1306 7.
1569 1274 1648 1306 vid.

950 1338 1024 1368 sup.
1052 1329 1179 1359 Notam
1202 1327 1243 1357 ad
1261 1335 1310 1357 ix.
1334 1329 1366 1358 4.
1382 1329 1413 1357 2.
1440 1329 1476 1356 et
1502 1323 1647 1356 Amirat.

952 1379 1041 1410 Diss.
1057 1388 1082 1409 1.
1098 1379 1130 1408 in
1145 1378 1228 1408 Tac.
1252 1378 1350 1409 Bern.

996 1428 1143 1459 ΟΑΡΛΊ.
1189 1428 1237 1467 §l
1262 1425 1422 1465 Brennus]
1445 1426 1500 1456 De
1512 1425 1648 1456 Brenno

953 1478 1088 1509 Saresb.
1106 1488 1156 1508 Π.
1173 1477 1299 1508 Policr.
1314 1480 1365 1508 17.
1382 1476 1520 1507 scribit:
1544 1477 1553 1493 ‘
1567 1476 1650 1506 Tra-

954 1528 1039 1558 dunt
1062 1527 1209 1558 historiae
1227 1528 1397 1557 Brennum
1415 1525 1535 1556 ducem
1547 1525 1650 1556 Seno-

953 1587 1045 1616 num,
1062 1577 1118 1617 qui
1143 1577 1329 1607 exercitum
1352 1576 1581 1608 Romanorum
1607 1574 1650 1605 ad

953 1626 988 1658 fl.
1007 1627 1128 1657 Alliam
1145 1626 1306 1664 confecit,
1323 1626 1430 1666 ipsam
1455 1626 1569 1656 urbem
1586 1625 1651 1655 Ro-

955 1686 1040 1708 mam
1058 1677 1194 1716 irrupit,
1207 1677 1320 1716 cepit;
1344 1681 1377 1706 et
1392 1676 1487 1706 caesis
1501 1675 1653 1714 patribus

957 1733 992 1758 et
1027 1727 1168 1757 subacta
1191 1726 1294 1757 Italia
1320 1726 1440 1755 invasit
1468 1724 1652 1762 Graeciam,

956 1781 1090 1808 vastans
1106 1776 1217 1806 omnia
1231 1775 1464 1815 universisque
1481 1773 1654 1812 terribilis,

957 1835 1060 1867 usque
1074 1825 1114 1856 ad
1129 1825 1286 1865 Delphici
1296 1823 1466 1864 Apollinis
1479 1822 1655 1862 templum,

958 1875 1049 1916 quod
1077 1876 1178 1906 situm
1204 1878 1258 1905 est
1282 1874 1314 1904 in
1343 1876 1456 1903 monte
1475 1873 1656 1911 Parnasso,

959 1926 1136 1966 processit,
1159 1925 1333 1964 ipsiusque
1357 1923 1525 1963 Apollinis
1551 1931 1656 1962 appe-

959 1979 1034 2006 tens
1049 1974 1166 2014 spolia,
1178 1973 1363 2004 scurriliter
1382 1973 1534 2012 jocatus,
1548 1972 1596 2002 ait
1611 1972 1658 2002 lo·

959 2024 1112 2064 cupletes
1127 2024 1221 2054 Deos
1235 2023 1349 2062 largiri
1361 2022 1548 2053 hominibus
1560 2031 1657 2061 opor-

960 2079 1046 2105 tere.
1085 2073 1198 2111 Hunc,
1214 2073 1360 2113 inquam,
1373 2072 1511 2102 tradunt
1524 2070 1566 2101 de
1583 2071 1656 2101 Ma·

954 2123 1025 2164 jori
1042 2123 1230 2161 Britannia,
1242 2132 1317 2163 quae
1335 2121 1376 2152 ab
1393 2122 1540 2152 adventu
1554 2120 1659 2150 Saxo·

960 2184 1040 2204 num
1069 2175 1102 2204 in
1130 2173 1273 2204 insulam
1304 2172 1495 2213 appellatur
1521 2169 1658 2210 Anglia,

962 2223 1164 2254 oriundum!
1209 2222 1367 2261 Phrasin,
1389 2231 1487 2263 quam
1510 2220 1541 2251 h.
1557 2220 1578 2251 l.
1602 2219 1660 2250 ad-

963 2273 1058 2304 hibet
1092 2273 1235 2311 Auctor,
1270 2272 1423 2302 imitatur
1457 2272 1545 2302 Saxo
1575 2279 1659 2301 vul.

967 2332 999 2362 p.
1013 2325 1086 2353 167.
1100 2325 1152 2353 41.
1173 2323 1182 2339 ‘
1200 2322 1241 2352 In
1259 2321 1437 2352 ulteriores
1461 2331 1497 2351 se
1520 2322 1660 2352 Germa-

965 2372 1029 2402 niae
1053 2371 1244 2412 provincias
1265 2370 1438 2402 effundere
1461 2370 1660 2402 statuisset.’

968 2431 1005 2453 x.
1031 2432 1063 2462 p.
1090 2425 1164 2453 187.
1191 2425 1222 2454 7.
1244 2422 1254 2439 ⁴
1271 2422 1335 2454 Qui
1363 2431 1439 2452 cum
1465 2431 1501 2452 se
1525 2430 1603 2451 mox
1625 2420 1661 2450 in

966 2473 1162 2504 Sclavorum
1172 2471 1334 2503 effusurus
1350 2471 1554 2511 provinciam
1570 2470 1663 2501 vide·

968 2521 1087 2562 retur,'
1105 2527 1141 2553 et
1164 2532 1196 2562 p.
1209 2525 1282 2553 103.
1308 2524 1361 2552 30.
1389 2521 1398 2538 ‘
1411 2521 1451 2551 In
1478 2521 1606 2553 Jutiam
1623 2530 1660 2551 se

968 2578 1109 2615 repente
1136 2573 1306 2604 Sclavicus
1334 2571 1453 2603 effudit
1468 2570 1662 2602 exercitus.'

969 2633 1045 2656 xlv.
1061 2634 1094 2665 p.
1110 2627 1185 2656 265.
1201 2626 1255 2655 36.
1277 2623 1286 2640 ‘
1300 2623 1341 2654 In
1365 2631 1497 2653 omnem
1519 2630 1554 2652 se
1581 2621 1662 2653 Sue-

968 2675 1050 2706 tiam
1076 2673 1249 2705 effundere
1275 2673 1395 2703 statuit
1408 2671 1429 2702 :'
1463 2681 1495 2711 p.
1518 2673 1591 2702 339.
1610 2674 1663 2702 39.

969 2723 978 2741 ‘
992 2725 1068 2756 Quo
1091 2733 1125 2754 se
1140 2724 1253 2754 hostes
1276 2720 1414 2753 effusuri
1437 2725 1561 2761 essent,
1578 2730 1664 2762 prae-

969 2774 1101 2805 discere
1118 2772 1282 2814 cupiens!

1016 2825 1168 2855 Ouustam
1198 2827 1264 2854 tam
1285 2822 1384 2860 facile
1411 2822 1550 2854 relictam
1586 2822 1665 2862 esse]

970 2873 1067 2906 Istud
1084 2873 1092 2891 ‘
1106 2872 1223 2906 facile’
1241 2872 1356 2905 vitium
1372 2873 1405 2904 iu
1420 2872 1482 2904 hac
1495 2872 1666 2913 scriptura
