<?xml version="1.0" encoding="UTF-8"?>
<!DOCTYPE html PUBLIC "-//W3C//DTD XHTML 1.0 Transitional//EN"
    "http://www.w3.org/TR/xhtml1/DTD/xhtml1-transitional.dtd">
<html xmlns="http://www.w3.org/1999/xhtml" xml:lang="en" lang="en">
 <head>
  <title>
</title>
<meta http-equiv="Content-Type" content="text/html;charset=utf-8" />
  <meta name='ocr-system' content='tesseract 3.04.00' />
  <meta name='ocr-capabilities' content='ocr_page ocr_carea ocr_par ocr_line ocrx_word'/>
</head>
<body>
  <div class='ocr_page' id='page_1' title='image "./historiaephilipp02just/historiaephilipp02just_0266.png"; bbox 0 0 2101 3419; ppageno 0'>
   <div class='ocr_carea' id='block_1_1' title="bbox 445 361 532 404">
    <p class='ocr_par' dir='ltr' id='par_1_1' title="bbox 445 361 532 404">
     <span class='ocr_line' id='line_1_1' title="bbox 445 361 532 404; baseline 0.011 -1"><span class='ocrx_word' id='word_1_1' title='bbox 445 361 532 404; x_wconf 81' lang='lat'><strong>868</strong></span> 
     </span>
    </p>
   </div>
   <div class='ocr_carea' id='block_1_2' title="bbox 903 374 1427 408">
    <p class='ocr_par' dir='ltr' id='par_1_2' title="bbox 903 374 1427 408">
     <span class='ocr_line' id='line_1_2' title="bbox 903 374 1427 408; baseline 0.008 -4"><span class='ocrx_word' id='word_1_2' title='bbox 903 374 1044 405; x_wconf 82' lang='lat' dir='ltr'>NOTAE</span> <span class='ocrx_word' id='word_1_3' title='bbox 1075 374 1341 408; x_wconf 86' lang='lat' dir='ltr'><strong>VARIORUM</strong></span> <span class='ocrx_word' id='word_1_4' title='bbox 1373 377 1427 408; x_wconf 80' lang='grc' dir='ltr'><strong>ΙΝ</strong></span> 
     </span>
    </p>
   </div>
   <div class='ocr_carea' id='block_1_3' title="bbox 443 465 1893 511">
    <p class='ocr_par' dir='ltr' id='par_1_3' title="bbox 443 465 1893 511">
     <span class='ocr_line' id='line_1_3' title="bbox 443 465 1893 511; baseline 0.006 -13"><span class='ocrx_word' id='word_1_5' title='bbox 443 465 591 499; x_wconf 82' lang='lat' dir='ltr'><strong>suetudo</strong></span> <span class='ocrx_word' id='word_1_6' title='bbox 616 465 720 498; x_wconf 90' lang='lat' dir='ltr'><strong>etiam</strong></span> <span class='ocrx_word' id='word_1_7' title='bbox 745 466 932 500; x_wconf 87' lang='lat' dir='ltr'><strong>indomita?</strong></span> <span class='ocrx_word' id='word_1_8' title='bbox 983 469 1142 511; x_wconf 85' lang='lat' dir='ltr'>Suspicor</span> <span class='ocrx_word' id='word_1_9' title='bbox 1196 470 1252 502; x_wconf 80' lang='lat' dir='ltr'><strong>Ita</strong></span> <span class='ocrx_word' id='word_1_10' title='bbox 1285 471 1421 502; x_wconf 87' lang='lat' dir='ltr'><strong>omnino</strong></span> <span class='ocrx_word' id='word_1_11' title='bbox 1454 470 1624 504; x_wconf 83' lang='lat' dir='ltr'><strong>scribend.</strong></span> <span class='ocrx_word' id='word_1_12' title='bbox 1662 473 1802 506; x_wconf 88' lang='lat' dir='ltr'><strong>Petron.</strong></span> <span class='ocrx_word' id='word_1_13' title='bbox 1838 476 1893 505; x_wconf 85' lang='grc'><strong>67.</strong></span> 
     </span>
    </p>
   </div>
   <div class='ocr_carea' id='block_1_4' title="bbox 420 516 1139 1515">
    <p class='ocr_par' dir='ltr' id='par_1_4' title="bbox 436 516 1139 710">
     <span class='ocr_line' id='line_1_4' title="bbox 439 516 1139 558; baseline 0.004 -9"><span class='ocrx_word' id='word_1_14' title='bbox 439 516 614 558; x_wconf 86' lang='lat' dir='ltr'><strong>scripsisse</strong></span> <span class='ocrx_word' id='word_1_15' title='bbox 636 517 799 549; x_wconf 87' lang='lat' dir='ltr'><strong>Nostrum</strong></span> <span class='ocrx_word' id='word_1_16' title='bbox 814 519 949 550; x_wconf 79' lang='lat' dir='ltr'><strong>domitus</strong></span> <span class='ocrx_word' id='word_1_17' title='bbox 962 529 981 550; x_wconf 86' lang='lat' dir='ltr'><strong>a</strong></span> <span class='ocrx_word' id='word_1_18' title='bbox 1002 530 1139 552; x_wconf 82' lang='lat' dir='ltr'><strong>mansue-</strong></span> 
     </span>
     <span class='ocr_line' id='line_1_5' title="bbox 439 567 1138 610; baseline 0.001 -10"><span class='ocrx_word' id='word_1_19' title='bbox 439 568 559 600; x_wconf 80' lang='lat' dir='ltr'><strong>tudine.</strong></span> <span class='ocrx_word' id='word_1_20' title='bbox 602 567 692 600; x_wconf 89' lang='lat' dir='ltr'><strong>Post</strong></span> <span class='ocrx_word' id='word_1_21' title='bbox 713 568 885 600; x_wconf 86' lang='lat' dir='ltr'><strong>librarium</strong></span> <span class='ocrx_word' id='word_1_22' title='bbox 905 579 966 610; x_wconf 87' lang='lat' dir='ltr'><strong>per</strong></span> <span class='ocrx_word' id='word_1_23' title='bbox 980 580 1138 610; x_wconf 85' lang='lat' dir='ltr'><strong>compen·</strong></span> 
     </span>
     <span class='ocr_line' id='line_1_6' title="bbox 438 617 1136 654; baseline 0.006 -5"><span class='ocrx_word' id='word_1_24' title='bbox 438 618 532 650; x_wconf 88' lang='lat' dir='ltr'><strong>dium</strong></span> <span class='ocrx_word' id='word_1_25' title='bbox 561 617 680 650; x_wconf 87' lang='lat' dir='ltr'><strong>fecisse</strong></span> <span class='ocrx_word' id='word_1_26' title='bbox 715 619 811 650; x_wconf 79' lang='lat' dir='ltr'><strong>domit</strong></span> <span class='ocrx_word' id='word_1_27' title='bbox 845 630 865 650; x_wconf 88' lang='grc' dir='ltr'><em>α</em></span> <span class='ocrx_word' id='word_1_28' title='bbox 895 621 1136 654; x_wconf 78' lang='lat' dir='ltr'><strong>mansuetudine.</strong></span> 
     </span>
     <span class='ocr_line' id='line_1_7' title="bbox 436 667 1025 710; baseline 0.002 -9"><span class='ocrx_word' id='word_1_29' title='bbox 436 667 556 710; x_wconf 84' lang='lat' dir='ltr'><strong>Atque</strong></span> <span class='ocrx_word' id='word_1_30' title='bbox 572 668 621 699; x_wconf 87' lang='lat' dir='ltr'><strong>ita</strong></span> <span class='ocrx_word' id='word_1_31' title='bbox 633 671 746 700; x_wconf 89' lang='lat' dir='ltr'><strong>natam</strong></span> <span class='ocrx_word' id='word_1_32' title='bbox 759 669 841 702; x_wconf 89' lang='lat' dir='ltr'><strong>lect.</strong></span> <span class='ocrx_word' id='word_1_33' title='bbox 858 670 948 710; x_wconf 83' lang='lat' dir='ltr'><strong>vulg.</strong></span> <span class='ocrx_word' id='word_1_34' title='bbox 972 670 1025 702; x_wconf 84' lang='lat' dir='ltr'><strong>Id.</strong></span> 
     </span>
    </p>

    <p class='ocr_par' dir='ltr' id='par_1_5' title="bbox 432 717 1136 902">
     <span class='ocr_line' id='line_1_8' title="bbox 480 717 1136 761; baseline 0.003 -13"><span class='ocrx_word' id='word_1_35' title='bbox 480 717 622 758; x_wconf 75' lang='lat' dir='ltr'><strong>Duxque</strong></span> <span class='ocrx_word' id='word_1_36' title='bbox 651 717 722 748; x_wconf 86' lang='lat' dir='ltr'><strong>belli</strong></span> <span class='ocrx_word' id='word_1_37' title='bbox 747 722 778 749; x_wconf 85' lang='lat' dir='ltr'><strong>et</strong></span> <span class='ocrx_word' id='word_1_38' title='bbox 799 718 962 759; x_wconf 73' lang='lat' dir='ltr'><strong>proeliator</strong></span> <span class='ocrx_word' id='word_1_39' title='bbox 985 719 1136 761; x_wconf 80' lang='lat' dir='ltr'><strong>insignis]</strong></span> 
     </span>
     <span class='ocr_line' id='line_1_9' title="bbox 435 767 1132 808; baseline 0.004 -10"><span class='ocrx_word' id='word_1_40' title='bbox 435 768 492 799; x_wconf 93' lang='lat' dir='ltr'><strong>De</strong></span> <span class='ocrx_word' id='word_1_41' title='bbox 504 767 760 808; x_wconf 86' lang='lat' dir='ltr'><strong>elephantorum</strong></span> <span class='ocrx_word' id='word_1_42' title='bbox 771 772 845 799; x_wconf 88' lang='lat' dir='ltr'><strong>arte</strong></span> <span class='ocrx_word' id='word_1_43' title='bbox 860 768 983 799; x_wconf 84' lang='lat' dir='ltr'><strong>bellica</strong></span> <span class='ocrx_word' id='word_1_44' title='bbox 994 769 1132 801; x_wconf 89' lang='lat' dir='ltr'><strong>vidend.</strong></span> 
     </span>
     <span class='ocr_line' id='line_1_10' title="bbox 433 818 1133 853; baseline 0.004 -3"><span class='ocrx_word' id='word_1_45' title='bbox 433 818 525 850; x_wconf 90' lang='lat' dir='ltr'><strong>Plin.</strong></span> <span class='ocrx_word' id='word_1_46' title='bbox 538 827 620 852; x_wconf 84' lang='lat' dir='ltr'><strong>vm.</strong></span> <span class='ocrx_word' id='word_1_47' title='bbox 636 821 666 850; x_wconf 87' lang='grc'><strong>7.</strong></span> <span class='ocrx_word' id='word_1_48' title='bbox 694 819 815 851; x_wconf 83' lang='lat' dir='ltr'><strong>AElian.</strong></span> <span class='ocrx_word' id='word_1_49' title='bbox 837 818 880 850; x_wconf 91' lang='lat' dir='ltr'><strong>de</strong></span> <span class='ocrx_word' id='word_1_50' title='bbox 903 819 1049 852; x_wconf 85' lang='lat' dir='ltr'><strong>Animal.</strong></span> <span class='ocrx_word' id='word_1_51' title='bbox 1066 829 1133 853; x_wconf 83' lang='lat' dir='ltr'><strong>vn.</strong></span> 
     </span>
     <span class='ocr_line' id='line_1_11' title="bbox 432 871 791 902; baseline 0 -1"><span class='ocrx_word' id='word_1_52' title='bbox 432 873 487 902; x_wconf 89' lang='grc'><strong>26.</strong></span> <span class='ocrx_word' id='word_1_53' title='bbox 512 878 601 901; x_wconf 83' lang='lat' dir='ltr'><strong>xm.</strong></span> <span class='ocrx_word' id='word_1_54' title='bbox 616 872 669 902; x_wconf 83' lang='lat'><strong>22.</strong></span> <span class='ocrx_word' id='word_1_55' title='bbox 693 871 791 902; x_wconf 82' lang='lat' dir='ltr'><strong>Bern.</strong></span> 
     </span>
    </p>

    <p class='ocr_par' dir='ltr' id='par_1_6' title="bbox 424 920 1130 1256">
     <span class='ocr_line' id='line_1_12' title="bbox 475 920 1130 962; baseline 0.003 -11"><span class='ocrx_word' id='word_1_56' title='bbox 475 921 546 961; x_wconf 75' lang='lat'><strong>§21</strong></span> <span class='ocrx_word' id='word_1_57' title='bbox 572 921 729 961; x_wconf 82' lang='lat' dir='ltr'><strong><em>Factaque</em></strong></span> <span class='ocrx_word' id='word_1_58' title='bbox 750 921 907 962; x_wconf 73' lang='lat' dir='ltr'><strong><em>pactione]</em></strong></span> <span class='ocrx_word' id='word_1_59' title='bbox 937 920 1049 953; x_wconf 88' lang='lat' dir='ltr'><strong>Strab.</strong></span> <span class='ocrx_word' id='word_1_60' title='bbox 1068 931 1130 953; x_wconf 82' lang='lat' dir='ltr'><strong>xv.</strong></span> 
     </span>
     <span class='ocr_line' id='line_1_13' title="bbox 430 971 1130 1011; baseline 0.001 -10"><span class='ocrx_word' id='word_1_61' title='bbox 430 980 464 1011; x_wconf 90' lang='lat' dir='ltr'><strong>p.</strong></span> <span class='ocrx_word' id='word_1_62' title='bbox 480 973 556 1003; x_wconf 82' lang='lat'><strong>498.</strong></span> <span class='ocrx_word' id='word_1_63' title='bbox 572 974 625 1002; x_wconf 80' lang='lat'><strong>20.</strong></span> <span class='ocrx_word' id='word_1_64' title='bbox 646 971 778 1011; x_wconf 86' lang='lat' dir='ltr'><strong>scribit,</strong></span> <span class='ocrx_word' id='word_1_65' title='bbox 802 973 980 1003; x_wconf 86' lang='lat' dir='ltr'>Seleucum</span> <span class='ocrx_word' id='word_1_66' title='bbox 1003 971 1130 1003; x_wconf 80' lang='lat' dir='ltr'><strong>adsitas</strong></span> 
     </span>
     <span class='ocr_line' id='line_1_14' title="bbox 429 1020 1129 1062; baseline 0.001 -10"><span class='ocrx_word' id='word_1_67' title='bbox 429 1021 518 1053; x_wconf 91' lang='lat' dir='ltr'><strong>Indo</strong></span> <span class='ocrx_word' id='word_1_68' title='bbox 543 1020 579 1053; x_wconf 90' lang='lat' dir='ltr'><strong>fl.</strong></span> <span class='ocrx_word' id='word_1_69' title='bbox 603 1022 759 1062; x_wconf 87' lang='lat' dir='ltr'><strong>regiones</strong></span> <span class='ocrx_word' id='word_1_70' title='bbox 785 1023 1023 1062; x_wconf 85' lang='lat' dir='ltr'><strong>Sandrocotto,</strong></span> <span class='ocrx_word' id='word_1_71' title='bbox 1048 1032 1129 1054; x_wconf 90' lang='lat' dir='ltr'><strong>con-</strong></span> 
     </span>
     <span class='ocr_line' id='line_1_15' title="bbox 428 1072 1127 1114; baseline 0.003 -11"><span class='ocrx_word' id='word_1_72' title='bbox 428 1076 539 1104; x_wconf 86' lang='lat' dir='ltr'><strong>tracta</strong></span> <span class='ocrx_word' id='word_1_73' title='bbox 555 1082 631 1104; x_wconf 90' lang='lat' dir='ltr'><strong>cum</strong></span> <span class='ocrx_word' id='word_1_74' title='bbox 653 1082 694 1104; x_wconf 91' lang='lat' dir='ltr'><strong>eo</strong></span> <span class='ocrx_word' id='word_1_75' title='bbox 716 1072 894 1111; x_wconf 82' lang='lat' dir='ltr'><strong>affinitate,</strong></span> <span class='ocrx_word' id='word_1_76' title='bbox 919 1073 1065 1114; x_wconf 86' lang='lat' dir='ltr'><strong>dedisse,</strong></span> <span class='ocrx_word' id='word_1_77' title='bbox 1089 1083 1127 1105; x_wconf 86' lang='lat' dir='ltr'><strong>ac</strong></span> 
     </span>
     <span class='ocr_line' id='line_1_16' title="bbox 428 1122 1128 1165; baseline 0.004 -13"><span class='ocrx_word' id='word_1_78' title='bbox 428 1132 492 1164; x_wconf 86' lang='lat' dir='ltr'><strong>pro</strong></span> <span class='ocrx_word' id='word_1_79' title='bbox 518 1122 558 1154; x_wconf 90' lang='lat' dir='ltr'><strong>iis</strong></span> <span class='ocrx_word' id='word_1_80' title='bbox 581 1123 782 1165; x_wconf 87' lang='lat' dir='ltr'><strong>quingentos</strong></span> <span class='ocrx_word' id='word_1_81' title='bbox 805 1124 1006 1164; x_wconf 78' lang='lat' dir='ltr'><strong>elephantos</strong></span> <span class='ocrx_word' id='word_1_82' title='bbox 1032 1133 1128 1155; x_wconf 89' lang='lat' dir='ltr'><strong>acce-</strong></span> 
     </span>
     <span class='ocr_line' id='line_1_17' title="bbox 424 1173 1126 1216; baseline 0.003 -12"><span class='ocrx_word' id='word_1_83' title='bbox 424 1174 527 1214; x_wconf 85' lang='lat' dir='ltr'><strong>pisse.</strong></span> <span class='ocrx_word' id='word_1_84' title='bbox 558 1173 589 1204; x_wconf 83' lang='lat' dir='ltr'>A</span> <span class='ocrx_word' id='word_1_85' title='bbox 604 1184 671 1216; x_wconf 92' lang='lat' dir='ltr'><strong>quo</strong></span> <span class='ocrx_word' id='word_1_86' title='bbox 686 1175 836 1206; x_wconf 83' lang='lat' dir='ltr'><strong>nonnihil</strong></span> <span class='ocrx_word' id='word_1_87' title='bbox 849 1174 1022 1216; x_wconf 85' lang='lat' dir='ltr'><strong>discrepat</strong></span> <span class='ocrx_word' id='word_1_88' title='bbox 1034 1175 1126 1206; x_wconf 83' lang='lat' dir='ltr'><strong>Plut.</strong></span> 
     </span>
     <span class='ocr_line' id='line_1_18' title="bbox 424 1222 699 1256; baseline 0.004 -2"><span class='ocrx_word' id='word_1_89' title='bbox 424 1222 527 1255; x_wconf 73' lang='lat' dir='ltr'><strong>Alex,</strong></span> <span class='ocrx_word' id='word_1_90' title='bbox 545 1227 618 1256; x_wconf 88' lang='lat'>108.</span> <span class='ocrx_word' id='word_1_91' title='bbox 648 1224 699 1255; x_wconf 78' lang='lat' dir='ltr'><strong>Id.</strong></span> 
     </span>
    </p>

    <p class='ocr_par' dir='ltr' id='par_1_7' title="bbox 420 1274 1124 1464">
     <span class='ocr_line' id='line_1_19' title="bbox 468 1274 1124 1316; baseline 0.002 -11"><span class='ocrx_word' id='word_1_92' title='bbox 468 1275 594 1306; x_wconf 83' lang='lat' dir='ltr'><strong>Bellum</strong></span> <span class='ocrx_word' id='word_1_93' title='bbox 617 1274 787 1314; x_wconf 81' lang='lat' dir='ltr'><strong>Antigoni]</strong></span> <span class='ocrx_word' id='word_1_94' title='bbox 840 1275 923 1316; x_wconf 81' lang='lat' dir='ltr'><strong>Leg.</strong></span> <span class='ocrx_word' id='word_1_95' title='bbox 953 1275 1048 1306; x_wconf 87' lang='lat' dir='ltr'><strong>Plut.</strong></span> <span class='ocrx_word' id='word_1_96' title='bbox 1090 1275 1124 1305; x_wconf 91' lang='lat' dir='ltr'><strong>in</strong></span> 
     </span>
     <span class='ocr_line' id='line_1_20' title="bbox 422 1324 1124 1358; baseline 0 -3"><span class='ocrx_word' id='word_1_97' title='bbox 422 1324 578 1358; x_wconf 88' lang='lat' dir='ltr'><strong>Demetr.</strong></span> <span class='ocrx_word' id='word_1_98' title='bbox 594 1327 646 1356; x_wconf 86' lang='lat'><strong>35.</strong></span> <span class='ocrx_word' id='word_1_99' title='bbox 662 1327 726 1356; x_wconf 74' lang='grc' dir='ltr'><strong>ὅτε.</strong></span> <span class='ocrx_word' id='word_1_100' title='bbox 770 1326 873 1356; x_wconf 85' lang='lat' dir='ltr'><strong>Paus.</strong></span> <span class='ocrx_word' id='word_1_101' title='bbox 891 1325 923 1355; x_wconf 88' lang='lat' dir='ltr'><strong>in</strong></span> <span class='ocrx_word' id='word_1_102' title='bbox 940 1324 1016 1356; x_wconf 92' lang='lat' dir='ltr'><strong>Att.</strong></span> <span class='ocrx_word' id='word_1_103' title='bbox 1060 1324 1124 1356; x_wconf 89' lang='lat' dir='ltr'><strong>Di-</strong></span> 
     </span>
     <span class='ocr_line' id='line_1_21' title="bbox 420 1374 1122 1416; baseline 0.001 -11"><span class='ocrx_word' id='word_1_104' title='bbox 420 1374 583 1406; x_wconf 86' lang='lat' dir='ltr'><strong>micatum</strong></span> <span class='ocrx_word' id='word_1_105' title='bbox 608 1379 723 1406; x_wconf 84' lang='lat' dir='ltr'><strong>autem</strong></span> <span class='ocrx_word' id='word_1_106' title='bbox 745 1379 797 1406; x_wconf 86' lang='lat' dir='ltr'><strong>est</strong></span> <span class='ocrx_word' id='word_1_107' title='bbox 813 1375 855 1406; x_wconf 85' lang='lat' dir='ltr'><strong>ad</strong></span> <span class='ocrx_word' id='word_1_108' title='bbox 878 1374 1007 1416; x_wconf 89' lang='lat' dir='ltr'><strong>Ipsum.</strong></span> <span class='ocrx_word' id='word_1_109' title='bbox 1051 1374 1122 1415; x_wconf 89' lang='lat' dir='ltr'><strong>Ap-</strong></span> 
     </span>
     <span class='ocr_line' id='line_1_22' title="bbox 421 1424 638 1464; baseline 0.009 -10"><span class='ocrx_word' id='word_1_110' title='bbox 421 1424 512 1463; x_wconf 89' lang='lat' dir='ltr'><strong>pian.</strong></span> <span class='ocrx_word' id='word_1_111' title='bbox 536 1425 638 1464; x_wconf 83' lang='lat' dir='ltr'><strong>Bong.</strong></span> 
     </span>
    </p>

    <p class='ocr_par' dir='ltr' id='par_1_8' title="bbox 464 1474 1121 1515">
     <span class='ocr_line' id='line_1_23' title="bbox 464 1474 1121 1515; baseline -0.002 -9"><span class='ocrx_word' id='word_1_112' title='bbox 464 1476 535 1515; x_wconf 73' lang='lat'><strong>§23</strong></span> <span class='ocrx_word' id='word_1_113' title='bbox 571 1476 611 1506; x_wconf 85' lang='lat' dir='ltr'><strong>In</strong></span> <span class='ocrx_word' id='word_1_114' title='bbox 637 1475 715 1506; x_wconf 81' lang='lat' dir='ltr'><strong>duas</strong></span> <span class='ocrx_word' id='word_1_115' title='bbox 736 1474 891 1513; x_wconf 77' lang='lat' dir='ltr'><strong>sactiones</strong></span> <span class='ocrx_word' id='word_1_116' title='bbox 918 1474 1121 1514; x_wconf 76' lang='lat' dir='ltr'><strong>diducuntur]</strong></span> 
     </span>
    </p>
   </div>
   <div class='ocr_carea' id='block_1_5' title="bbox 1174 521 1891 1467">
    <p class='ocr_par' dir='ltr' id='par_1_9' title="bbox 1186 521 1891 856">
     <span class='ocr_line' id='line_1_24' title="bbox 1193 521 1891 563; baseline 0.007 -12"><span class='ocrx_word' id='word_1_117' title='bbox 1193 521 1203 538; x_wconf 82' lang='lat'><strong><em>⁴</em></strong></span> <span class='ocrx_word' id='word_1_118' title='bbox 1216 521 1400 563; x_wconf 77' lang='lat' dir='ltr'><strong>Tatiusque</strong></span> <span class='ocrx_word' id='word_1_119' title='bbox 1420 522 1546 563; x_wconf 82' lang='lat' dir='ltr'><strong>navigii</strong></span> <span class='ocrx_word' id='word_1_120' title='bbox 1562 523 1695 554; x_wconf 82' lang='lat' dir='ltr'><strong>turbam</strong></span> <span class='ocrx_word' id='word_1_121' title='bbox 1712 523 1842 556; x_wconf 84' lang='lat' dir='ltr'><strong>diducit</strong></span> <span class='ocrx_word' id='word_1_122' title='bbox 1856 524 1891 555; x_wconf 85' lang='lat' dir='ltr'><strong>in</strong></span> 
     </span>
     <span class='ocr_line' id='line_1_25' title="bbox 1193 570 1891 616; baseline 0.009 -16"><span class='ocrx_word' id='word_1_123' title='bbox 1193 570 1340 611; x_wconf 88' lang='lat' dir='ltr'><strong>partes:&#39;</strong></span> <span class='ocrx_word' id='word_1_124' title='bbox 1362 575 1398 602; x_wconf 91' lang='lat' dir='ltr'><strong>et</strong></span> <span class='ocrx_word' id='word_1_125' title='bbox 1417 572 1497 604; x_wconf 76' lang='lat' dir='ltr'><strong>Tac.</strong></span> <span class='ocrx_word' id='word_1_126' title='bbox 1512 581 1553 604; x_wconf 91' lang='lat'><strong>11.</strong></span> <span class='ocrx_word' id='word_1_127' title='bbox 1577 573 1625 605; x_wconf 90' lang='lat' dir='ltr'><strong>H.</strong></span> <span class='ocrx_word' id='word_1_128' title='bbox 1646 576 1700 606; x_wconf 88' lang='lat'><strong>68.</strong></span> <span class='ocrx_word' id='word_1_129' title='bbox 1723 575 1734 592; x_wconf 86' lang='lat'>‘</span> <span class='ocrx_word' id='word_1_130' title='bbox 1748 574 1808 614; x_wconf 88' lang='lat' dir='ltr'><strong>Iis,</strong></span> <span class='ocrx_word' id='word_1_131' title='bbox 1832 575 1891 616; x_wconf 90' lang='lat' dir='ltr'><strong>qui</strong></span> 
     </span>
     <span class='ocr_line' id='line_1_26' title="bbox 1192 620 1891 665; baseline 0.007 -14"><span class='ocrx_word' id='word_1_132' title='bbox 1192 620 1235 651; x_wconf 85' lang='lat' dir='ltr'><strong>ad</strong></span> <span class='ocrx_word' id='word_1_133' title='bbox 1251 621 1475 661; x_wconf 77' lang='lat' dir='ltr'><strong>spectandum</strong></span> <span class='ocrx_word' id='word_1_134' title='bbox 1499 628 1742 665; x_wconf 88' lang='lat' dir='ltr'><strong>convenerant,</strong></span> <span class='ocrx_word' id='word_1_135' title='bbox 1765 625 1798 656; x_wconf 83' lang='lat' dir='ltr'><strong>in</strong></span> <span class='ocrx_word' id='word_1_136' title='bbox 1819 630 1891 656; x_wconf 88' lang='lat' dir='ltr'><strong>stu-</strong></span> 
     </span>
     <span class='ocr_line' id='line_1_27' title="bbox 1190 670 1890 715; baseline 0.01 -15"><span class='ocrx_word' id='word_1_137' title='bbox 1190 670 1247 701; x_wconf 84' lang='lat' dir='ltr'><strong>dia</strong></span> <span class='ocrx_word' id='word_1_138' title='bbox 1274 670 1422 702; x_wconf 85' lang='lat' dir='ltr'><strong>diductis</strong></span> <span class='ocrx_word' id='word_1_139' title='bbox 1436 673 1457 703; x_wconf 89' lang='lat'><strong>:’</strong></span> <span class='ocrx_word' id='word_1_140' title='bbox 1493 676 1529 704; x_wconf 87' lang='lat' dir='ltr'><strong>et</strong></span> <span class='ocrx_word' id='word_1_141' title='bbox 1558 673 1647 706; x_wconf 89' lang='lat' dir='ltr'><strong>Plin.</strong></span> <span class='ocrx_word' id='word_1_142' title='bbox 1673 683 1712 705; x_wconf 89' lang='lat'><strong>11.</strong></span> <span class='ocrx_word' id='word_1_143' title='bbox 1745 675 1810 715; x_wconf 87' lang='lat' dir='ltr'><strong>Ep.</strong></span> <span class='ocrx_word' id='word_1_144' title='bbox 1837 678 1890 708; x_wconf 88' lang='lat'><strong>19.</strong></span> 
     </span>
     <span class='ocr_line' id='line_1_28' title="bbox 1188 720 1890 763; baseline 0.006 -12"><span class='ocrx_word' id='word_1_145' title='bbox 1188 720 1197 737; x_wconf 87' lang='lat'>‘</span> <span class='ocrx_word' id='word_1_146' title='bbox 1210 720 1400 753; x_wconf 84' lang='lat' dir='ltr'><strong>Diductum</strong></span> <span class='ocrx_word' id='word_1_147' title='bbox 1415 721 1450 753; x_wconf 90' lang='lat' dir='ltr'><strong>in</strong></span> <span class='ocrx_word' id='word_1_148' title='bbox 1465 726 1580 763; x_wconf 89' lang='lat' dir='ltr'><strong>partes</strong></span> <span class='ocrx_word' id='word_1_149' title='bbox 1597 724 1804 755; x_wconf 89' lang='lat' dir='ltr'><strong>audientium</strong></span> <span class='ocrx_word' id='word_1_150' title='bbox 1820 729 1890 755; x_wconf 89' lang='lat' dir='ltr'><strong>stu-</strong></span> 
     </span>
     <span class='ocr_line' id='line_1_29' title="bbox 1187 770 1889 806; baseline 0.007 -5"><span class='ocrx_word' id='word_1_151' title='bbox 1187 770 1280 801; x_wconf 87' lang='lat' dir='ltr'><strong>dium</strong></span> <span class='ocrx_word' id='word_1_152' title='bbox 1295 770 1317 802; x_wconf 85' lang='lat'><strong>:&#39;</strong></span> <span class='ocrx_word' id='word_1_153' title='bbox 1341 776 1377 802; x_wconf 93' lang='lat' dir='ltr'><strong>et</strong></span> <span class='ocrx_word' id='word_1_154' title='bbox 1403 772 1531 803; x_wconf 84' lang='lat' dir='ltr'><strong>Noster</strong></span> <span class='ocrx_word' id='word_1_155' title='bbox 1556 781 1634 805; x_wconf 79' lang='lat' dir='ltr'><strong>xm.</strong></span> <span class='ocrx_word' id='word_1_156' title='bbox 1649 776 1681 805; x_wconf 90' lang='grc'><strong>4.</strong></span> <span class='ocrx_word' id='word_1_157' title='bbox 1705 774 1889 806; x_wconf 87' lang='lat' dir='ltr'><strong>‘Diductis</strong></span> 
     </span>
     <span class='ocr_line' id='line_1_30' title="bbox 1186 820 1888 856; baseline 0.007 -6"><span class='ocrx_word' id='word_1_158' title='bbox 1186 820 1432 852; x_wconf 85' lang='lat' dir='ltr'><strong>Macedonibus</strong></span> <span class='ocrx_word' id='word_1_159' title='bbox 1448 821 1481 852; x_wconf 92' lang='lat' dir='ltr'><strong>in</strong></span> <span class='ocrx_word' id='word_1_160' title='bbox 1499 821 1622 853; x_wconf 88' lang='lat' dir='ltr'><strong>bellum</strong></span> <span class='ocrx_word' id='word_1_161' title='bbox 1638 822 1760 854; x_wconf 65' lang='lat' dir='ltr'><strong>civile?</strong></span> <span class='ocrx_word' id='word_1_162' title='bbox 1788 823 1888 856; x_wconf 81' lang='lat' dir='ltr'><strong>Gron.</strong></span> 
     </span>
    </p>

    <p class='ocr_par' dir='ltr' id='par_1_10' title="bbox 1174 870 1890 1467">
     <span class='ocr_line' id='line_1_31' title="bbox 1228 870 1890 910; baseline 0.008 -9"><span class='ocrx_word' id='word_1_163' title='bbox 1228 870 1448 910; x_wconf 80' lang='lat' dir='ltr'><strong>Deducuntur]</strong></span> <span class='ocrx_word' id='word_1_164' title='bbox 1471 872 1538 904; x_wconf 90' lang='lat' dir='ltr'><strong>Ms.</strong></span> <span class='ocrx_word' id='word_1_165' title='bbox 1562 878 1598 904; x_wconf 87' lang='lat' dir='ltr'><strong>et</strong></span> <span class='ocrx_word' id='word_1_166' title='bbox 1619 872 1717 905; x_wconf 89' lang='lat' dir='ltr'><strong>Junt.</strong></span> <span class='ocrx_word' id='word_1_167' title='bbox 1739 874 1890 906; x_wconf 80' lang='lat' dir='ltr'><strong>diducun-</strong></span> 
     </span>
     <span class='ocr_line' id='line_1_32' title="bbox 1185 921 1885 963; baseline 0.006 -11"><span class='ocrx_word' id='word_1_168' title='bbox 1185 924 1248 963; x_wconf 79' lang='lat' dir='ltr'><strong>tur,</strong></span> <span class='ocrx_word' id='word_1_169' title='bbox 1260 921 1292 952; x_wconf 87' lang='lat' dir='ltr'><strong>h.</strong></span> <span class='ocrx_word' id='word_1_170' title='bbox 1309 931 1340 953; x_wconf 90' lang='lat' dir='ltr'><strong>e.</strong></span> <span class='ocrx_word' id='word_1_171' title='bbox 1356 921 1564 963; x_wconf 87' lang='lat' dir='ltr'><strong>dividuntur,</strong></span> <span class='ocrx_word' id='word_1_172' title='bbox 1580 923 1790 956; x_wconf 82' lang='lat' dir='ltr'><strong>scinduntur.</strong></span> <span class='ocrx_word' id='word_1_173' title='bbox 1836 925 1885 956; x_wconf 87' lang='lat' dir='ltr'><strong>H.</strong></span> 
     </span>
     <span class='ocr_line' id='line_1_33' title="bbox 1184 971 1884 1012; baseline 0.006 -10"><span class='ocrx_word' id='word_1_174' title='bbox 1184 980 1216 1003; x_wconf 92' lang='lat' dir='ltr'><strong>e.</strong></span> <span class='ocrx_word' id='word_1_175' title='bbox 1238 971 1390 1012; x_wconf 82' lang='lat' dir='ltr'><strong>diducere,</strong></span> <span class='ocrx_word' id='word_1_176' title='bbox 1407 981 1473 1002; x_wconf 87' lang='lat' dir='ltr'><strong>non</strong></span> <span class='ocrx_word' id='word_1_177' title='bbox 1488 972 1647 1004; x_wconf 81' lang='lat' dir='ltr'><strong>deducere.</strong></span> <span class='ocrx_word' id='word_1_178' title='bbox 1690 974 1768 1005; x_wconf 86' lang='lat' dir='ltr'><strong>Tac.</strong></span> <span class='ocrx_word' id='word_1_179' title='bbox 1785 983 1835 1005; x_wconf 77' lang='grc' dir='ltr'><strong>ιν.</strong></span> <span class='ocrx_word' id='word_1_180' title='bbox 1851 977 1884 1006; x_wconf 79' lang='grc'><strong>2.</strong></span> 
     </span>
     <span class='ocr_line' id='line_1_34' title="bbox 1184 1020 1885 1063; baseline 0.007 -12"><span class='ocrx_word' id='word_1_181' title='bbox 1184 1021 1194 1038; x_wconf 81' lang='lat'>‘</span> <span class='ocrx_word' id='word_1_182' title='bbox 1209 1021 1364 1052; x_wconf 84' lang='lat' dir='ltr'><strong>Instabat</strong></span> <span class='ocrx_word' id='word_1_183' title='bbox 1379 1020 1505 1062; x_wconf 84' lang='lat' dir='ltr'><strong>quippe</strong></span> <span class='ocrx_word' id='word_1_184' title='bbox 1522 1022 1677 1063; x_wconf 84' lang='lat' dir='ltr'><strong>Sejanus,</strong></span> <span class='ocrx_word' id='word_1_185' title='bbox 1692 1023 1885 1056; x_wconf 80' lang='lat' dir='ltr'><strong>incusabat-</strong></span> 
     </span>
     <span class='ocr_line' id='line_1_35' title="bbox 1184 1071 1884 1113; baseline 0.007 -12"><span class='ocrx_word' id='word_1_186' title='bbox 1184 1081 1263 1112; x_wconf 86' lang='lat' dir='ltr'><strong>que,</strong></span> <span class='ocrx_word' id='word_1_187' title='bbox 1296 1071 1472 1103; x_wconf 86' lang='lat' dir='ltr'><strong>diductam</strong></span> <span class='ocrx_word' id='word_1_188' title='bbox 1507 1072 1696 1113; x_wconf 85' lang='lat' dir='ltr'><strong>civitatem,</strong></span> <span class='ocrx_word' id='word_1_189' title='bbox 1725 1079 1764 1105; x_wconf 87' lang='lat' dir='ltr'><strong>ut</strong></span> <span class='ocrx_word' id='word_1_190' title='bbox 1792 1074 1884 1107; x_wconf 88' lang='lat' dir='ltr'><strong>civili</strong></span> 
     </span>
     <span class='ocr_line' id='line_1_36' title="bbox 1181 1121 1884 1164; baseline 0.006 -12"><span class='ocrx_word' id='word_1_191' title='bbox 1181 1121 1271 1152; x_wconf 85' lang='lat' dir='ltr'><strong>bello</strong></span> <span class='ocrx_word' id='word_1_192' title='bbox 1284 1121 1305 1152; x_wconf 91' lang='lat'><strong>:&#39;</strong></span> <span class='ocrx_word' id='word_1_193' title='bbox 1329 1121 1361 1153; x_wconf 85' lang='lat' dir='ltr'><strong>h.</strong></span> <span class='ocrx_word' id='word_1_194' title='bbox 1377 1132 1408 1153; x_wconf 92' lang='lat' dir='ltr'><strong>e.</strong></span> <span class='ocrx_word' id='word_1_195' title='bbox 1432 1122 1467 1153; x_wconf 92' lang='lat' dir='ltr'><strong>in</strong></span> <span class='ocrx_word' id='word_1_196' title='bbox 1485 1121 1566 1154; x_wconf 91' lang='lat' dir='ltr'><strong>duas</strong></span> <span class='ocrx_word' id='word_1_197' title='bbox 1590 1128 1705 1164; x_wconf 83' lang='lat' dir='ltr'><strong>partes</strong></span> <span class='ocrx_word' id='word_1_198' title='bbox 1722 1134 1747 1156; x_wconf 88' lang='lat' dir='ltr'><strong>s.</strong></span> <span class='ocrx_word' id='word_1_199' title='bbox 1762 1123 1884 1156; x_wconf 87' lang='lat' dir='ltr'><strong>factio-</strong></span> 
     </span>
     <span class='ocr_line' id='line_1_37' title="bbox 1181 1171 1882 1206; baseline 0.004 -3"><span class='ocrx_word' id='word_1_200' title='bbox 1181 1181 1240 1203; x_wconf 90' lang='lat' dir='ltr'><strong>nes</strong></span> <span class='ocrx_word' id='word_1_201' title='bbox 1268 1171 1424 1204; x_wconf 89' lang='lat' dir='ltr'><strong>divisam.</strong></span> <span class='ocrx_word' id='word_1_202' title='bbox 1473 1172 1514 1203; x_wconf 90' lang='lat' dir='ltr'><strong>In</strong></span> <span class='ocrx_word' id='word_1_203' title='bbox 1544 1173 1621 1205; x_wconf 87' lang='lat' dir='ltr'><strong>eod.</strong></span> <span class='ocrx_word' id='word_1_204' title='bbox 1650 1173 1710 1206; x_wconf 89' lang='lat' dir='ltr'><strong>lib.</strong></span> <span class='ocrx_word' id='word_1_205' title='bbox 1738 1175 1882 1206; x_wconf 67' lang='lat' dir='ltr'><strong>diductus</strong></span> 
     </span>
     <span class='ocr_line' id='line_1_38' title="bbox 1179 1221 1880 1257; baseline 0.006 -5"><span class='ocrx_word' id='word_1_206' title='bbox 1179 1222 1277 1253; x_wconf 84' lang='lat' dir='ltr'><strong>miles.</strong></span> <span class='ocrx_word' id='word_1_207' title='bbox 1322 1221 1490 1254; x_wconf 87' lang='lat' dir='ltr'><strong>Probavit</strong></span> <span class='ocrx_word' id='word_1_208' title='bbox 1510 1223 1597 1255; x_wconf 88' lang='lat' dir='ltr'><strong>hanc</strong></span> <span class='ocrx_word' id='word_1_209' title='bbox 1622 1223 1702 1256; x_wconf 84' lang='lat' dir='ltr'><strong>lect.</strong></span> <span class='ocrx_word' id='word_1_210' title='bbox 1726 1224 1880 1257; x_wconf 80' lang='lat' dir='ltr'><strong>Gronov.</strong></span> 
     </span>
     <span class='ocr_line' id='line_1_39' title="bbox 1181 1273 1879 1314; baseline 0.007 -11"><span class='ocrx_word' id='word_1_211' title='bbox 1181 1273 1289 1305; x_wconf 84' lang='lat' dir='ltr'><strong>Graev.</strong></span> <span class='ocrx_word' id='word_1_212' title='bbox 1333 1273 1436 1314; x_wconf 83' lang='lat' dir='ltr'><strong>Vulg.</strong></span> <span class='ocrx_word' id='word_1_213' title='bbox 1451 1275 1653 1308; x_wconf 80' lang='lat' dir='ltr'><strong>deducuntur.</strong></span> <span class='ocrx_word' id='word_1_214' title='bbox 1698 1276 1767 1308; x_wconf 88' lang='lat' dir='ltr'><strong>Sed</strong></span> <span class='ocrx_word' id='word_1_215' title='bbox 1779 1277 1879 1310; x_wconf 86' lang='lat' dir='ltr'><strong>Junt.</strong></span> 
     </span>
     <span class='ocr_line' id='line_1_40' title="bbox 1179 1322 1879 1367; baseline 0.006 -13"><span class='ocrx_word' id='word_1_216' title='bbox 1179 1326 1268 1354; x_wconf 86' lang='lat' dir='ltr'><strong>teste</strong></span> <span class='ocrx_word' id='word_1_217' title='bbox 1291 1322 1408 1355; x_wconf 85' lang='lat' dir='ltr'><strong>Graev.</strong></span> <span class='ocrx_word' id='word_1_218' title='bbox 1430 1324 1639 1356; x_wconf 81' lang='lat' dir='ltr'><strong>diducuntur.-</strong></span> <span class='ocrx_word' id='word_1_219' title='bbox 1661 1326 1751 1367; x_wconf 87' lang='lat' dir='ltr'><strong>quod</strong></span> <span class='ocrx_word' id='word_1_220' title='bbox 1779 1327 1879 1358; x_wconf 83' lang='lat' dir='ltr'><strong>alteri</strong></span> 
     </span>
     <span class='ocr_line' id='line_1_41' title="bbox 1178 1372 1878 1414; baseline 0.006 -10"><span class='ocrx_word' id='word_1_221' title='bbox 1178 1379 1215 1405; x_wconf 91' lang='lat' dir='ltr'><strong>et</strong></span> <span class='ocrx_word' id='word_1_222' title='bbox 1244 1372 1405 1414; x_wconf 84' lang='lat' dir='ltr'><strong>praefero.</strong></span> <span class='ocrx_word' id='word_1_223' title='bbox 1445 1374 1547 1407; x_wconf 78' lang='lat' dir='ltr'><strong>Vorst.</strong></span> <span class='ocrx_word' id='word_1_224' title='bbox 1604 1375 1807 1408; x_wconf 81' lang='lat' dir='ltr'><strong>Diducuntur</strong></span> <span class='ocrx_word' id='word_1_225' title='bbox 1835 1385 1878 1408; x_wconf 85' lang='lat' dir='ltr'><strong>ex</strong></span> 
     </span>
     <span class='ocr_line' id='line_1_42' title="bbox 1174 1423 1877 1467; baseline 0.003 -11"><span class='ocrx_word' id='word_1_226' title='bbox 1174 1423 1273 1456; x_wconf 87' lang='lat' dir='ltr'><strong>Junt.</strong></span> <span class='ocrx_word' id='word_1_227' title='bbox 1310 1424 1427 1456; x_wconf 87' lang='lat' dir='ltr'><strong>Graev.</strong></span> <span class='ocrx_word' id='word_1_228' title='bbox 1465 1425 1556 1466; x_wconf 92' lang='lat' dir='ltr'><strong>quod</strong></span> <span class='ocrx_word' id='word_1_229' title='bbox 1592 1426 1726 1467; x_wconf 84' lang='lat' dir='ltr'><strong>recepit</strong></span> <span class='ocrx_word' id='word_1_230' title='bbox 1761 1427 1877 1458; x_wconf 88' lang='lat' dir='ltr'><strong>Vorst.</strong></span> 
     </span>
    </p>
   </div>
   <div class='ocr_carea' id='block_1_6' title="bbox 1175 1473 1280 1512">
    <p class='ocr_par' dir='ltr' id='par_1_11' title="bbox 1175 1473 1280 1512">
     <span class='ocr_line' id='line_1_43' title="bbox 1175 1473 1280 1512; baseline -0.01 -7"><span class='ocrx_word' id='word_1_231' title='bbox 1175 1473 1280 1512; x_wconf 79' lang='lat' dir='ltr'><strong>Sches.</strong></span> 
     </span>
    </p>
   </div>
   <div class='ocr_carea' id='block_1_7' title="bbox 938 1755 1349 1805">
    <p class='ocr_par' dir='ltr' id='par_1_12' title="bbox 938 1755 1349 1805">
     <span class='ocr_line' id='line_1_44' title="bbox 938 1755 1349 1805; baseline -0.005 -1"><span class='ocrx_word' id='word_1_232' title='bbox 938 1756 1158 1805; x_wconf 81' lang='lat' dir='ltr'>LIBER</span> <span class='ocrx_word' id='word_1_233' title='bbox 1199 1755 1295 1803; x_wconf 88' lang='lat' dir='ltr'><strong>Xv</strong></span> <span class='ocrx_word' id='word_1_234' title='bbox 1304 1755 1349 1803; x_wconf 87' lang='grc' dir='ltr'><strong>Ι.</strong></span> 
     </span>
    </p>
   </div>
   <div class='ocr_carea' id='block_1_8' title="bbox 394 1881 1114 2976">
    <p class='ocr_par' dir='ltr' id='par_1_13' title="bbox 408 1881 1114 2020">
     <span class='ocr_line' id='line_1_45' title="bbox 453 1881 1114 1922; baseline -0.002 -9"><span class='ocrx_word' id='word_1_235' title='bbox 453 1881 543 1913; x_wconf 62' lang='lat' dir='ltr'><strong>Cn.</strong></span> <span class='ocrx_word' id='word_1_236' title='bbox 560 1890 587 1912; x_wconf 80' lang='lat'><strong>1.</strong></span> <span class='ocrx_word' id='word_1_237' title='bbox 638 1882 690 1922; x_wconf 74' lang='lat' dir='ltr'><strong>§l</strong></span> <span class='ocrx_word' id='word_1_238' title='bbox 728 1881 807 1913; x_wconf 88' lang='lat' dir='ltr'><strong>Post</strong></span> <span class='ocrx_word' id='word_1_239' title='bbox 833 1881 1018 1922; x_wconf 77' lang='lat' dir='ltr'><strong>Cassandri]</strong></span> <span class='ocrx_word' id='word_1_240' title='bbox 1051 1882 1114 1913; x_wconf 88' lang='lat' dir='ltr'><strong>Le-</strong></span> 
     </span>
     <span class='ocr_line' id='line_1_46' title="bbox 408 1931 1112 1970; baseline 0.003 -10"><span class='ocrx_word' id='word_1_241' title='bbox 408 1931 511 1970; x_wconf 84' lang='lat' dir='ltr'><strong>gend.</strong></span> <span class='ocrx_word' id='word_1_242' title='bbox 524 1931 668 1963; x_wconf 87' lang='lat' dir='ltr'><strong>Pausan.</strong></span> <span class='ocrx_word' id='word_1_243' title='bbox 681 1932 793 1963; x_wconf 74' lang='lat' dir='ltr'><strong>Boeoi.</strong></span> <span class='ocrx_word' id='word_1_244' title='bbox 807 1932 899 1964; x_wconf 82' lang='lat' dir='ltr'><strong>Piut.</strong></span> <span class='ocrx_word' id='word_1_245' title='bbox 912 1932 944 1962; x_wconf 91' lang='lat' dir='ltr'><strong>iu</strong></span> <span class='ocrx_word' id='word_1_246' title='bbox 957 1932 1112 1963; x_wconf 78' lang='lat' dir='ltr'><strong>Demetr.</strong></span> 
     </span>
     <span class='ocr_line' id='line_1_47' title="bbox 409 1980 738 2020; baseline 0.006 -10"><span class='ocrx_word' id='word_1_247' title='bbox 409 1985 444 2011; x_wconf 86' lang='lat' dir='ltr'><strong>et</strong></span> <span class='ocrx_word' id='word_1_248' title='bbox 462 1980 607 2020; x_wconf 87' lang='lat' dir='ltr'><strong>Pyrrho.</strong></span> <span class='ocrx_word' id='word_1_249' title='bbox 632 1981 738 2020; x_wconf 82' lang='lat' dir='ltr'><strong>Bong.</strong></span> 
     </span>
    </p>

    <p class='ocr_par' dir='ltr' id='par_1_14' title="bbox 394 2029 1110 2919">
     <span class='ocr_line' id='line_1_48' title="bbox 451 2029 1110 2071; baseline 0 -10"><span class='ocrx_word' id='word_1_250' title='bbox 451 2031 468 2070; x_wconf 54' lang='grc' dir='ltr'><strong>ξ</strong></span> <span class='ocrx_word' id='word_1_251' title='bbox 485 2033 505 2061; x_wconf 84' lang='grc'>2</span> <span class='ocrx_word' id='word_1_252' title='bbox 529 2030 718 2070; x_wconf 78' lang='lat' dir='ltr'><strong>Propensior</strong></span> <span class='ocrx_word' id='word_1_253' title='bbox 726 2030 829 2069; x_wconf 81' lang='lat' dir='ltr'><strong>fuisse</strong></span> <span class='ocrx_word' id='word_1_254' title='bbox 840 2040 898 2071; x_wconf 83' lang='lat' dir='ltr'><strong>pro</strong></span> <span class='ocrx_word' id='word_1_255' title='bbox 914 2029 1110 2070; x_wconf 73' lang='lat' dir='ltr'><strong>Alexandro]</strong></span> 
     </span>
     <span class='ocr_line' id='line_1_49' title="bbox 406 2080 1108 2121; baseline 0 -11"><span class='ocrx_word' id='word_1_256' title='bbox 406 2080 628 2120; x_wconf 88' lang='lat' dir='ltr'><strong>Meojudicio</strong></span> <span class='ocrx_word' id='word_1_257' title='bbox 650 2080 877 2111; x_wconf 80' lang='lat' dir='ltr'><strong>barbarismus</strong></span> <span class='ocrx_word' id='word_1_258' title='bbox 893 2080 947 2111; x_wconf 92' lang='lat' dir='ltr'><strong>hic</strong></span> <span class='ocrx_word' id='word_1_259' title='bbox 963 2085 1026 2119; x_wconf 74' lang='lat' dir='ltr'><strong>est,</strong></span> <span class='ocrx_word' id='word_1_260' title='bbox 1038 2090 1108 2121; x_wconf 84' lang='lat' dir='ltr'><strong>pro-</strong></span> 
     </span>
     <span class='ocr_line' id='line_1_50' title="bbox 401 2129 1108 2171; baseline 0.003 -11"><span class='ocrx_word' id='word_1_261' title='bbox 401 2139 515 2170; x_wconf 74' lang='lat' dir='ltr'><strong>pensus</strong></span> <span class='ocrx_word' id='word_1_262' title='bbox 527 2139 584 2170; x_wconf 83' lang='lat' dir='ltr'><strong>pro</strong></span> <span class='ocrx_word' id='word_1_263' title='bbox 596 2129 800 2166; x_wconf 79' lang='lat' dir='ltr'><strong>A!exan‹1ro;</strong></span> <span class='ocrx_word' id='word_1_264' title='bbox 823 2130 956 2171; x_wconf 82' lang='lat' dir='ltr'><strong>legend.</strong></span> <span class='ocrx_word' id='word_1_265' title='bbox 977 2141 1108 2171; x_wconf 77' lang='lat' dir='ltr'><strong>propen-</strong></span> 
     </span>
     <span class='ocr_line' id='line_1_51' title="bbox 402 2179 1105 2219; baseline 0.006 -10"><span class='ocrx_word' id='word_1_266' title='bbox 402 2179 522 2219; x_wconf 74' lang='lat' dir='ltr'><strong>siorque</strong></span> <span class='ocrx_word' id='word_1_267' title='bbox 537 2179 570 2210; x_wconf 84' lang='lat' dir='ltr'><strong>in</strong></span> <span class='ocrx_word' id='word_1_268' title='bbox 585 2179 811 2211; x_wconf 77' lang='lat' dir='ltr'><strong>Alexandrum.</strong></span> <span class='ocrx_word' id='word_1_269' title='bbox 857 2180 913 2211; x_wconf 86' lang='lat' dir='ltr'><strong>Ab</strong></span> <span class='ocrx_word' id='word_1_270' title='bbox 930 2181 1003 2211; x_wconf 87' lang='lat' dir='ltr'><strong>aliis</strong></span> <span class='ocrx_word' id='word_1_271' title='bbox 1026 2181 1105 2213; x_wconf 87' lang='lat' dir='ltr'><strong>edd.</strong></span> 
     </span>
     <span class='ocr_line' id='line_1_52' title="bbox 401 2228 1105 2271; baseline 0.003 -12"><span class='ocrx_word' id='word_1_272' title='bbox 401 2228 500 2259; x_wconf 87' lang='lat' dir='ltr'><strong>abest</strong></span> <span class='ocrx_word' id='word_1_273' title='bbox 523 2239 590 2269; x_wconf 77' lang='lat' dir='ltr'><strong>pro.</strong></span> <span class='ocrx_word' id='word_1_274' title='bbox 619 2229 740 2261; x_wconf 85' lang='lat' dir='ltr'><strong>Faber.</strong></span> <span class='ocrx_word' id='word_1_275' title='bbox 785 2229 841 2261; x_wconf 85' lang='lat' dir='ltr'><strong>Ab</strong></span> <span class='ocrx_word' id='word_1_276' title='bbox 859 2230 1105 2271; x_wconf 81' lang='lat' dir='ltr'><strong>antiquioribus</strong></span> 
     </span>
     <span class='ocr_line' id='line_1_53' title="bbox 402 2280 1104 2321; baseline 0.004 -12"><span class='ocrx_word' id='word_1_277' title='bbox 402 2280 493 2319; x_wconf 87' lang='lat' dir='ltr'><strong>typis</strong></span> <span class='ocrx_word' id='word_1_278' title='bbox 508 2288 605 2320; x_wconf 85' lang='lat' dir='ltr'><strong>expr.</strong></span> <span class='ocrx_word' id='word_1_279' title='bbox 622 2280 719 2311; x_wconf 76' lang='lat' dir='ltr'><strong>abest</strong></span> <span class='ocrx_word' id='word_1_280' title='bbox 731 2290 800 2321; x_wconf 80' lang='lat' dir='ltr'><strong>pro.</strong></span> <span class='ocrx_word' id='word_1_281' title='bbox 847 2281 892 2312; x_wconf 83' lang='lat' dir='ltr'><strong>Et</strong></span> <span class='ocrx_word' id='word_1_282' title='bbox 910 2285 1002 2312; x_wconf 88' lang='lat' dir='ltr'><strong>recte</strong></span> <span class='ocrx_word' id='word_1_283' title='bbox 1029 2290 1104 2312; x_wconf 88' lang='lat' dir='ltr'><strong>meo</strong></span> 
     </span>
     <span class='ocr_line' id='line_1_54' title="bbox 394 2331 1104 2372; baseline 0.004 -11"><span class='ocrx_word' id='word_1_284' title='bbox 394 2331 541 2372; x_wconf 87' lang='lat' dir='ltr'><strong>judicio.</strong></span> <span class='ocrx_word' id='word_1_285' title='bbox 587 2332 724 2362; x_wconf 83' lang='lat' dir='ltr'><strong>Dicitur</strong></span> <span class='ocrx_word' id='word_1_286' title='bbox 748 2336 861 2362; x_wconf 85' lang='lat' dir='ltr'><strong>autem</strong></span> <span class='ocrx_word' id='word_1_287' title='bbox 876 2341 1044 2372; x_wconf 80' lang='lat' dir='ltr'><strong>propensus</strong></span> <span class='ocrx_word' id='word_1_288' title='bbox 1059 2333 1104 2364; x_wconf 84' lang='lat' dir='ltr'><strong>A·</strong></span> 
     </span>
     <span class='ocr_line' id='line_1_55' title="bbox 399 2382 1103 2422; baseline 0.001 -11"><span class='ocrx_word' id='word_1_289' title='bbox 399 2382 561 2420; x_wconf 73' lang='lat' dir='ltr'><strong>lexaudro,</strong></span> <span class='ocrx_word' id='word_1_290' title='bbox 587 2391 660 2421; x_wconf 88' lang='lat' dir='ltr'><strong>pro,</strong></span> <span class='ocrx_word' id='word_1_291' title='bbox 684 2382 886 2422; x_wconf 83' lang='lat' dir='ltr'><strong>propensior</strong></span> <span class='ocrx_word' id='word_1_292' title='bbox 908 2382 942 2412; x_wconf 91' lang='lat' dir='ltr'><strong>in</strong></span> <span class='ocrx_word' id='word_1_293' title='bbox 959 2383 1103 2413; x_wconf 79' lang='lat' dir='ltr'><strong>Alexan-</strong></span> 
     </span>
     <span class='ocr_line' id='line_1_56' title="bbox 400 2429 1102 2472; baseline 0.003 -12"><span class='ocrx_word' id='word_1_294' title='bbox 400 2429 511 2462; x_wconf 88' lang='lat' dir='ltr'><strong>drum.</strong></span> <span class='ocrx_word' id='word_1_295' title='bbox 557 2430 708 2461; x_wconf 74' lang='lat' dir='ltr'><strong>Subinde</strong></span> <span class='ocrx_word' id='word_1_296' title='bbox 734 2441 830 2462; x_wconf 86' lang='lat' dir='ltr'><strong>casus</strong></span> <span class='ocrx_word' id='word_1_297' title='bbox 842 2434 874 2463; x_wconf 83' lang='lat'><strong>3.</strong></span> <span class='ocrx_word' id='word_1_298' title='bbox 897 2441 957 2472; x_wconf 84' lang='lat' dir='ltr'><strong>pro</strong></span> <span class='ocrx_word' id='word_1_299' title='bbox 973 2434 1004 2462; x_wconf 74' lang='grc'><strong>4.</strong></span> <span class='ocrx_word' id='word_1_300' title='bbox 1026 2442 1102 2463; x_wconf 88' lang='lat' dir='ltr'><strong>cum</strong></span> 
     </span>
     <span class='ocr_line' id='line_1_57' title="bbox 398 2481 1101 2521; baseline 0.006 -12"><span class='ocrx_word' id='word_1_301' title='bbox 398 2488 506 2520; x_wconf 88' lang='lat' dir='ltr'><strong>praep.</strong></span> <span class='ocrx_word' id='word_1_302' title='bbox 516 2484 709 2521; x_wconf 81' lang='lat' dir='ltr'><strong>usurpatur.</strong></span> <span class='ocrx_word' id='word_1_303' title='bbox 734 2481 790 2512; x_wconf 84' lang='lat' dir='ltr'><strong>Ita</strong></span> <span class='ocrx_word' id='word_1_304' title='bbox 803 2482 921 2513; x_wconf 87' lang='lat' dir='ltr'><strong>dicunt</strong></span> <span class='ocrx_word' id='word_1_305' title='bbox 932 2482 1101 2514; x_wconf 83' lang='lat' dir='ltr'><strong>‘invitare</strong></span> 
     </span>
     <span class='ocr_line' id='line_1_58' title="bbox 399 2528 1101 2573; baseline 0.006 -14"><span class='ocrx_word' id='word_1_306' title='bbox 399 2528 545 2570; x_wconf 83' lang='lat' dir='ltr'><strong>aliquem</strong></span> <span class='ocrx_word' id='word_1_307' title='bbox 577 2530 697 2570; x_wconf 88' lang='lat' dir='ltr'><strong>tecto‚&#39;</strong></span> <span class='ocrx_word' id='word_1_308' title='bbox 723 2532 732 2547; x_wconf 87' lang='lat'>‘</span> <span class='ocrx_word' id='word_1_309' title='bbox 751 2531 874 2573; x_wconf 87' lang='lat' dir='ltr'><strong>domo‚’</strong></span> <span class='ocrx_word' id='word_1_310' title='bbox 905 2534 914 2549; x_wconf 90' lang='lat'>‘</span> <span class='ocrx_word' id='word_1_311' title='bbox 931 2532 1101 2573; x_wconf 87' lang='lat' dir='ltr'><strong>hospitio,&#39;</strong></span> 
     </span>
     <span class='ocr_line' id='line_1_59' title="bbox 395 2579 1100 2623; baseline 0.006 -13"><span class='ocrx_word' id='word_1_312' title='bbox 395 2579 405 2595; x_wconf 90' lang='lat'>‘</span> <span class='ocrx_word' id='word_1_313' title='bbox 416 2579 568 2619; x_wconf 88' lang='lat' dir='ltr'><strong>poculis,&#39;</strong></span> <span class='ocrx_word' id='word_1_314' title='bbox 581 2582 695 2621; x_wconf 83' lang='lat' dir='ltr'><strong>pr0,iu</strong></span> <span class='ocrx_word' id='word_1_315' title='bbox 710 2580 857 2621; x_wconf 85' lang='lat' dir='ltr'><strong>domum,</strong></span> <span class='ocrx_word' id='word_1_316' title='bbox 871 2582 903 2612; x_wconf 91' lang='lat' dir='ltr'><strong>iu</strong></span> <span class='ocrx_word' id='word_1_317' title='bbox 916 2587 1056 2623; x_wconf 85' lang='lat' dir='ltr'><strong>tectum,</strong></span> <span class='ocrx_word' id='word_1_318' title='bbox 1067 2583 1100 2614; x_wconf 90' lang='lat' dir='ltr'><strong>iu</strong></span> 
     </span>
     <span class='ocr_line' id='line_1_60' title="bbox 396 2628 1098 2673; baseline 0.009 -15"><span class='ocrx_word' id='word_1_319' title='bbox 396 2628 591 2670; x_wconf 86' lang='lat' dir='ltr'><strong>hospitium,</strong></span> <span class='ocrx_word' id='word_1_320' title='bbox 603 2630 644 2661; x_wconf 89' lang='lat' dir='ltr'><strong>ad</strong></span> <span class='ocrx_word' id='word_1_321' title='bbox 658 2632 791 2671; x_wconf 84' lang='lat' dir='ltr'><strong>pocula.</strong></span> <span class='ocrx_word' id='word_1_322' title='bbox 830 2632 920 2664; x_wconf 87' lang='lat' dir='ltr'><strong>Item</strong></span> <span class='ocrx_word' id='word_1_323' title='bbox 938 2633 947 2650; x_wconf 59' lang='grc' dir='ltr'>ί</span> <span class='ocrx_word' id='word_1_324' title='bbox 959 2638 1098 2673; x_wconf 81' lang='lat' dir='ltr'><strong>paratus</strong></span> 
     </span>
     <span class='ocr_line' id='line_1_61' title="bbox 395 2679 1099 2722; baseline 0.007 -12"><span class='ocrx_word' id='word_1_325' title='bbox 395 2679 494 2720; x_wconf 86' lang='lat' dir='ltr'><strong>ncci,&#39;</strong></span> <span class='ocrx_word' id='word_1_326' title='bbox 521 2689 597 2721; x_wconf 87' lang='lat' dir='ltr'><strong>pro,</strong></span> <span class='ocrx_word' id='word_1_327' title='bbox 627 2681 668 2712; x_wconf 87' lang='lat' dir='ltr'><strong>ad</strong></span> <span class='ocrx_word' id='word_1_328' title='bbox 697 2691 839 2722; x_wconf 86' lang='lat' dir='ltr'><strong>necem;</strong></span> <span class='ocrx_word' id='word_1_329' title='bbox 866 2686 902 2714; x_wconf 92' lang='lat' dir='ltr'><strong>et</strong></span> <span class='ocrx_word' id='word_1_330' title='bbox 928 2684 1035 2715; x_wconf 87' lang='lat' dir='ltr'><strong>multa</strong></span> <span class='ocrx_word' id='word_1_331' title='bbox 1063 2683 1099 2715; x_wconf 89' lang='lat' dir='ltr'><strong>id</strong></span> 
     </span>
     <span class='ocr_line' id='line_1_62' title="bbox 394 2731 1097 2769; baseline 0.007 -9"><span class='ocrx_word' id='word_1_332' title='bbox 394 2739 500 2769; x_wconf 84' lang='lat' dir='ltr'><strong>genus</strong></span> <span class='ocrx_word' id='word_1_333' title='bbox 538 2731 613 2761; x_wconf 88' lang='lat' dir='ltr'><strong>alia.</strong></span> <span class='ocrx_word' id='word_1_334' title='bbox 652 2731 754 2764; x_wconf 79' lang='lat' dir='ltr'><strong>Vorst.</strong></span> <span class='ocrx_word' id='word_1_335' title='bbox 812 2733 928 2764; x_wconf 82' lang='lat' dir='ltr'><strong>Vorst.</strong></span> <span class='ocrx_word' id='word_1_336' title='bbox 959 2733 1097 2766; x_wconf 89' lang='lat' dir='ltr'><strong>delend.</strong></span> 
     </span>
     <span class='ocr_line' id='line_1_63' title="bbox 395 2781 1096 2824; baseline 0.009 -15"><span class='ocrx_word' id='word_1_337' title='bbox 395 2783 496 2819; x_wconf 88' lang='lat' dir='ltr'><strong>putat</strong></span> <span class='ocrx_word' id='word_1_338' title='bbox 515 2790 584 2821; x_wconf 77' lang='lat' dir='ltr'><strong>pra,</strong></span> <span class='ocrx_word' id='word_1_339' title='bbox 600 2781 820 2814; x_wconf 85' lang='lat' dir='ltr'><strong>suadentibus</strong></span> <span class='ocrx_word' id='word_1_340' title='bbox 837 2783 1096 2824; x_wconf 88' lang='lat' dir='ltr'><strong>antiquioribus.</strong></span> 
     </span>
     <span class='ocr_line' id='line_1_64' title="bbox 395 2828 1096 2874; baseline 0.01 -16"><span class='ocrx_word' id='word_1_341' title='bbox 395 2828 470 2869; x_wconf 83' lang='lat' dir='ltr'><strong>Ego</strong></span> <span class='ocrx_word' id='word_1_342' title='bbox 486 2830 603 2870; x_wconf 88' lang='lat' dir='ltr'><strong>nolim,</strong></span> <span class='ocrx_word' id='word_1_343' title='bbox 618 2831 698 2872; x_wconf 88' lang='lat' dir='ltr'><strong>quia</strong></span> <span class='ocrx_word' id='word_1_344' title='bbox 713 2832 794 2864; x_wconf 87' lang='lat' dir='ltr'><strong>alias</strong></span> <span class='ocrx_word' id='word_1_345' title='bbox 810 2833 1018 2874; x_wconf 82' lang='lat' dir='ltr'><strong>subintelligi</strong></span> <span class='ocrx_word' id='word_1_346' title='bbox 1038 2833 1096 2866; x_wconf 89' lang='lat' dir='ltr'><strong>de-</strong></span> 
     </span>
     <span class='ocr_line' id='line_1_65' title="bbox 395 2878 599 2919; baseline 0.015 -10"><span class='ocrx_word' id='word_1_347' title='bbox 395 2878 463 2910; x_wconf 85' lang='lat' dir='ltr'><strong>bet.</strong></span> <span class='ocrx_word' id='word_1_348' title='bbox 490 2879 599 2919; x_wconf 80' lang='lat' dir='ltr'><strong>Schef.</strong></span> 
     </span>
    </p>

    <p class='ocr_par' dir='ltr' id='par_1_15' title="bbox 436 2929 1096 2976">
     <span class='ocr_line' id='line_1_66' title="bbox 436 2929 1096 2976; baseline 0.009 -16"><span class='ocrx_word' id='word_1_349' title='bbox 436 2930 489 2969; x_wconf 57' lang='grc' dir='ltr'><strong>ξεί</strong></span> <span class='ocrx_word' id='word_1_350' title='bbox 512 2929 551 2961; x_wconf 82' lang='lat' dir='ltr'><strong>In</strong></span> <span class='ocrx_word' id='word_1_351' title='bbox 574 2931 745 2971; x_wconf 81' lang='lat' dir='ltr'><strong>parricidio</strong></span> <span class='ocrx_word' id='word_1_352' title='bbox 770 2932 868 2973; x_wconf 81' lang='lat' dir='ltr'><strong>nulla,</strong></span> <span class='ocrx_word' id='word_1_353' title='bbox 892 2932 962 2975; x_wconf 60' lang='grc' dir='ltr'><strong>ὅτι]</strong></span> <span class='ocrx_word' id='word_1_354' title='bbox 992 2932 1096 2976; x_wconf 78' lang='lat' dir='ltr'><strong>Spar-</strong></span> 
     </span>
    </p>
   </div>
   <div class='ocr_carea' id='block_1_9' title="bbox 1148 1879 1869 2976">
    <p class='ocr_par' dir='ltr' id='par_1_16' title="bbox 1148 1879 1869 2976">
     <span class='ocr_line' id='line_1_67' title="bbox 1167 1879 1869 1920; baseline 0.001 -9"><span class='ocrx_word' id='word_1_355' title='bbox 1167 1879 1279 1912; x_wconf 87' lang='lat' dir='ltr'><strong>tianus</strong></span> <span class='ocrx_word' id='word_1_356' title='bbox 1295 1879 1414 1919; x_wconf 87' lang='lat' dir='ltr'><strong>refert,</strong></span> <span class='ocrx_word' id='word_1_357' title='bbox 1430 1879 1641 1920; x_wconf 87' lang='lat' dir='ltr'><strong>Bassianum,</strong></span> <span class='ocrx_word' id='word_1_358' title='bbox 1663 1880 1777 1912; x_wconf 86' lang='lat' dir='ltr'><strong>occiso</strong></span> <span class='ocrx_word' id='word_1_359' title='bbox 1801 1880 1869 1913; x_wconf 82' lang='lat' dir='ltr'><strong>fra-</strong></span> 
     </span>
     <span class='ocr_line' id='line_1_68' title="bbox 1168 1930 1869 1970; baseline 0.001 -8"><span class='ocrx_word' id='word_1_360' title='bbox 1168 1935 1232 1970; x_wconf 85' lang='lat' dir='ltr'><strong>tre,</strong></span> <span class='ocrx_word' id='word_1_361' title='bbox 1251 1930 1441 1970; x_wconf 88' lang='lat' dir='ltr'><strong>Papiniano</strong></span> <span class='ocrx_word' id='word_1_362' title='bbox 1456 1930 1649 1970; x_wconf 88' lang='lat' dir='ltr'><strong>mandasse,</strong></span> <span class='ocrx_word' id='word_1_363' title='bbox 1663 1931 1750 1962; x_wconf 89' lang='lat' dir='ltr'><strong>utin</strong></span> <span class='ocrx_word' id='word_1_364' title='bbox 1766 1931 1869 1963; x_wconf 84' lang='lat' dir='ltr'><strong>Sena-</strong></span> 
     </span>
     <span class='ocr_line' id='line_1_69' title="bbox 1166 1979 1866 2021; baseline 0 -9"><span class='ocrx_word' id='word_1_365' title='bbox 1166 1985 1202 2012; x_wconf 89' lang='lat' dir='ltr'><strong>tu</strong></span> <span class='ocrx_word' id='word_1_366' title='bbox 1221 1989 1281 2021; x_wconf 89' lang='lat' dir='ltr'><strong>pro</strong></span> <span class='ocrx_word' id='word_1_367' title='bbox 1306 1989 1342 2011; x_wconf 88' lang='lat' dir='ltr'><strong>se</strong></span> <span class='ocrx_word' id='word_1_368' title='bbox 1371 1984 1407 2011; x_wconf 90' lang='lat' dir='ltr'><strong>et</strong></span> <span class='ocrx_word' id='word_1_369' title='bbox 1430 1979 1521 2020; x_wconf 86' lang='lat' dir='ltr'><strong>apud</strong></span> <span class='ocrx_word' id='word_1_370' title='bbox 1547 1980 1709 2020; x_wconf 87' lang='lat' dir='ltr'><strong>populum</strong></span> <span class='ocrx_word' id='word_1_371' title='bbox 1735 1979 1866 2012; x_wconf 83' lang='lat' dir='ltr'><strong>facinus</strong></span> 
     </span>
     <span class='ocr_line' id='line_1_70' title="bbox 1164 2029 1866 2069; baseline 0 -8"><span class='ocrx_word' id='word_1_372' title='bbox 1164 2030 1326 2061; x_wconf 84' lang='lat' dir='ltr'><strong>dilueret.</strong></span> <span class='ocrx_word' id='word_1_373' title='bbox 1369 2029 1469 2060; x_wconf 91' lang='lat' dir='ltr'><strong>Illum</strong></span> <span class='ocrx_word' id='word_1_374' title='bbox 1498 2029 1734 2069; x_wconf 87' lang='lat' dir='ltr'><strong>respondisse:</strong></span> <span class='ocrx_word' id='word_1_375' title='bbox 1764 2030 1866 2061; x_wconf 88' lang='lat' dir='ltr'><strong>‘Non</strong></span> 
     </span>
     <span class='ocr_line' id='line_1_71' title="bbox 1164 2078 1866 2120; baseline 0.001 -10"><span class='ocrx_word' id='word_1_376' title='bbox 1164 2084 1233 2111; x_wconf 82' lang='lat' dir='ltr'><strong>tani</strong></span> <span class='ocrx_word' id='word_1_377' title='bbox 1247 2078 1347 2110; x_wconf 88' lang='lat' dir='ltr'><strong>facile</strong></span> <span class='ocrx_word' id='word_1_378' title='bbox 1358 2078 1575 2119; x_wconf 88' lang='lat' dir='ltr'><strong>parricidium</strong></span> <span class='ocrx_word' id='word_1_379' title='bbox 1587 2079 1754 2118; x_wconf 84' lang='lat' dir='ltr'><strong>excusari,</strong></span> <span class='ocrx_word' id='word_1_380' title='bbox 1765 2089 1866 2120; x_wconf 87' lang='lat' dir='ltr'><strong>quam</strong></span> 
     </span>
     <span class='ocr_line' id='line_1_72' title="bbox 1162 2128 1865 2170; baseline 0.001 -11"><span class='ocrx_word' id='word_1_381' title='bbox 1162 2128 1262 2160; x_wconf 75' lang='lat' dir='ltr'><strong>fieri.¹</strong></span> <span class='ocrx_word' id='word_1_382' title='bbox 1310 2128 1388 2159; x_wconf 89' lang='lat' dir='ltr'><strong>Fuit</strong></span> <span class='ocrx_word' id='word_1_383' title='bbox 1414 2128 1471 2158; x_wconf 91' lang='lat' dir='ltr'><strong>illa</strong></span> <span class='ocrx_word' id='word_1_384' title='bbox 1493 2128 1663 2169; x_wconf 84' lang='lat' dir='ltr'><strong>Principis</strong></span> <span class='ocrx_word' id='word_1_385' title='bbox 1677 2129 1758 2161; x_wconf 81' lang='lat' dir='ltr'><strong>Jcti</strong></span> <span class='ocrx_word' id='word_1_386' title='bbox 1775 2130 1865 2170; x_wconf 83' lang='lat' dir='ltr'>Cyg-</span> 
     </span>
     <span class='ocr_line' id='line_1_73' title="bbox 1161 2177 1865 2219; baseline 0 -9"><span class='ocrx_word' id='word_1_387' title='bbox 1161 2189 1237 2210; x_wconf 86' lang='lat' dir='ltr'><strong>naea</strong></span> <span class='ocrx_word' id='word_1_388' title='bbox 1263 2187 1350 2209; x_wconf 87' lang='lat' dir='ltr'><strong>vox:</strong></span> <span class='ocrx_word' id='word_1_389' title='bbox 1375 2186 1473 2219; x_wconf 84' lang='lat' dir='ltr'><strong>quam</strong></span> <span class='ocrx_word' id='word_1_390' title='bbox 1500 2177 1606 2209; x_wconf 87' lang='lat' dir='ltr'><strong>miror</strong></span> <span class='ocrx_word' id='word_1_391' title='bbox 1629 2178 1810 2218; x_wconf 85' lang='lat' dir='ltr'><strong>hominem,</strong></span> <span class='ocrx_word' id='word_1_392' title='bbox 1836 2179 1865 2210; x_wconf 89' lang='lat' dir='ltr'><strong>si</strong></span> 
     </span>
     <span class='ocr_line' id='line_1_74' title="bbox 1158 2229 1863 2271; baseline 0.001 -10"><span class='ocrx_word' id='word_1_393' title='bbox 1158 2230 1237 2261; x_wconf 83' lang='lat' dir='ltr'><strong>Diis</strong></span> <span class='ocrx_word' id='word_1_394' title='bbox 1262 2230 1390 2270; x_wconf 87' lang='lat' dir='ltr'><strong>placet,</strong></span> <span class='ocrx_word' id='word_1_395' title='bbox 1416 2229 1592 2269; x_wconf 85' lang='lat' dir='ltr'><strong>politicum</strong></span> <span class='ocrx_word' id='word_1_396' title='bbox 1616 2234 1651 2261; x_wconf 89' lang='lat' dir='ltr'><strong>et</strong></span> <span class='ocrx_word' id='word_1_397' title='bbox 1664 2229 1802 2271; x_wconf 83' lang='lat' dir='ltr'><strong>JCtum,</strong></span> <span class='ocrx_word' id='word_1_398' title='bbox 1826 2235 1863 2262; x_wconf 88' lang='lat' dir='ltr'><strong>et</strong></span> 
     </span>
     <span class='ocr_line' id='line_1_75' title="bbox 1159 2279 1863 2318; baseline 0.003 -8"><span class='ocrx_word' id='word_1_399' title='bbox 1159 2279 1401 2318; x_wconf 77' lang='lat' dir='ltr'><strong>Christianum,</strong></span> <span class='ocrx_word' id='word_1_400' title='bbox 1431 2279 1464 2309; x_wconf 88' lang='lat' dir='ltr'><strong>iu</strong></span> <span class='ocrx_word' id='word_1_401' title='bbox 1495 2279 1592 2310; x_wconf 84' lang='lat' dir='ltr'><strong>libris</strong></span> <span class='ocrx_word' id='word_1_402' title='bbox 1619 2281 1688 2311; x_wconf 88' lang='lat' dir='ltr'><strong>suis</strong></span> <span class='ocrx_word' id='word_1_403' title='bbox 1718 2279 1761 2311; x_wconf 89' lang='lat' dir='ltr'><strong>de</strong></span> <span class='ocrx_word' id='word_1_404' title='bbox 1792 2280 1863 2312; x_wconf 87' lang='lat' dir='ltr'><strong>Re-</strong></span> 
     </span>
     <span class='ocr_line' id='line_1_76' title="bbox 1158 2329 1863 2371; baseline 0.003 -11"><span class='ocrx_word' id='word_1_405' title='bbox 1158 2329 1309 2371; x_wconf 84' lang='lat' dir='ltr'><strong>publica,</strong></span> <span class='ocrx_word' id='word_1_406' title='bbox 1335 2329 1589 2369; x_wconf 86' lang='lat' dir='ltr'><strong>reprehendere</strong></span> <span class='ocrx_word' id='word_1_407' title='bbox 1625 2330 1773 2371; x_wconf 83' lang='lat' dir='ltr'><strong>pessimo</strong></span> <span class='ocrx_word' id='word_1_408' title='bbox 1803 2340 1863 2362; x_wconf 86' lang='lat' dir='ltr'><strong>ex·</strong></span> 
     </span>
     <span class='ocr_line' id='line_1_77' title="bbox 1157 2380 1861 2420; baseline 0.004 -10"><span class='ocrx_word' id='word_1_409' title='bbox 1157 2380 1280 2420; x_wconf 86' lang='lat' dir='ltr'><strong>emplo.</strong></span> <span class='ocrx_word' id='word_1_410' title='bbox 1323 2380 1433 2411; x_wconf 86' lang='lat' dir='ltr'><strong>Recte</strong></span> <span class='ocrx_word' id='word_1_411' title='bbox 1459 2380 1546 2411; x_wconf 89' lang='lat' dir='ltr'><strong>enim</strong></span> <span class='ocrx_word' id='word_1_412' title='bbox 1569 2385 1604 2412; x_wconf 86' lang='lat' dir='ltr'><strong>et</strong></span> <span class='ocrx_word' id='word_1_413' title='bbox 1631 2381 1750 2412; x_wconf 89' lang='lat' dir='ltr'><strong>ordine</strong></span> <span class='ocrx_word' id='word_1_414' title='bbox 1776 2380 1861 2414; x_wconf 83' lang='lat' dir='ltr'><strong>fecit</strong></span> 
     </span>
     <span class='ocr_line' id='line_1_78' title="bbox 1156 2430 1860 2471; baseline 0.001 -9"><span class='ocrx_word' id='word_1_415' title='bbox 1156 2430 1378 2471; x_wconf 86' lang='lat' dir='ltr'><strong>Papinianus,</strong></span> <span class='ocrx_word' id='word_1_416' title='bbox 1389 2434 1424 2461; x_wconf 87' lang='lat' dir='ltr'><strong>et</strong></span> <span class='ocrx_word' id='word_1_417' title='bbox 1435 2430 1497 2461; x_wconf 89' lang='lat' dir='ltr'><strong>viri</strong></span> <span class='ocrx_word' id='word_1_418' title='bbox 1511 2430 1589 2462; x_wconf 89' lang='lat' dir='ltr'><strong>boni</strong></span> <span class='ocrx_word' id='word_1_419' title='bbox 1602 2430 1749 2462; x_wconf 89' lang='lat' dir='ltr'><strong>officium</strong></span> <span class='ocrx_word' id='word_1_420' title='bbox 1761 2430 1860 2463; x_wconf 84' lang='lat' dir='ltr'><strong>func-</strong></span> 
     </span>
     <span class='ocr_line' id='line_1_79' title="bbox 1156 2480 1858 2522; baseline 0.001 -10"><span class='ocrx_word' id='word_1_421' title='bbox 1156 2484 1210 2512; x_wconf 87' lang='lat' dir='ltr'><strong>tus</strong></span> <span class='ocrx_word' id='word_1_422' title='bbox 1235 2485 1299 2520; x_wconf 86' lang='lat' dir='ltr'><strong>est,</strong></span> <span class='ocrx_word' id='word_1_423' title='bbox 1327 2481 1384 2522; x_wconf 87' lang='lat' dir='ltr'><strong>qui</strong></span> <span class='ocrx_word' id='word_1_424' title='bbox 1405 2480 1491 2511; x_wconf 91' lang='lat' dir='ltr'><strong>mori</strong></span> <span class='ocrx_word' id='word_1_425' title='bbox 1514 2482 1735 2522; x_wconf 65' lang='lat' dir='ltr'><strong>prmoptavst,</strong></span> <span class='ocrx_word' id='word_1_426' title='bbox 1757 2491 1858 2522; x_wconf 90' lang='lat' dir='ltr'><strong>qnam</strong></span> 
     </span>
     <span class='ocr_line' id='line_1_80' title="bbox 1156 2532 1859 2574; baseline 0.003 -11"><span class='ocrx_word' id='word_1_427' title='bbox 1156 2536 1298 2573; x_wconf 79' lang='lat' dir='ltr'><strong>tyranno</strong></span> <span class='ocrx_word' id='word_1_428' title='bbox 1328 2532 1432 2573; x_wconf 88' lang='lat' dir='ltr'><strong>impia</strong></span> <span class='ocrx_word' id='word_1_429' title='bbox 1462 2536 1497 2563; x_wconf 90' lang='lat' dir='ltr'><strong>et</strong></span> <span class='ocrx_word' id='word_1_430' title='bbox 1529 2532 1645 2574; x_wconf 87' lang='lat' dir='ltr'><strong>iniqua</strong></span> <span class='ocrx_word' id='word_1_431' title='bbox 1673 2533 1859 2574; x_wconf 82' lang='lat' dir='ltr'><strong>imperanti</strong></span> 
     </span>
     <span class='ocr_line' id='line_1_81' title="bbox 1155 2581 1856 2624; baseline 0.003 -11"><span class='ocrx_word' id='word_1_432' title='bbox 1155 2591 1288 2623; x_wconf 85' lang='lat' dir='ltr'><strong>parere.</strong></span> <span class='ocrx_word' id='word_1_433' title='bbox 1322 2582 1418 2613; x_wconf 87' lang='lat' dir='ltr'><strong>Idem</strong></span> <span class='ocrx_word' id='word_1_434' title='bbox 1435 2581 1492 2613; x_wconf 89' lang='lat' dir='ltr'><strong>ille</strong></span> <span class='ocrx_word' id='word_1_435' title='bbox 1509 2582 1543 2613; x_wconf 88' lang='lat' dir='ltr'><strong>in</strong></span> <span class='ocrx_word' id='word_1_436' title='bbox 1559 2591 1601 2614; x_wconf 91' lang='lat' dir='ltr'><strong>eo</strong></span> <span class='ocrx_word' id='word_1_437' title='bbox 1616 2587 1752 2623; x_wconf 89' lang='lat' dir='ltr'><strong>peccat,</strong></span> <span class='ocrx_word' id='word_1_438' title='bbox 1764 2583 1856 2624; x_wconf 88' lang='lat' dir='ltr'><strong>quod</strong></span> 
     </span>
     <span class='ocr_line' id='line_1_82' title="bbox 1153 2633 1858 2675; baseline 0.003 -11"><span class='ocrx_word' id='word_1_439' title='bbox 1153 2633 1381 2674; x_wconf 83' lang='lat' dir='ltr'><strong>Papinianum</strong></span> <span class='ocrx_word' id='word_1_440' title='bbox 1408 2633 1628 2674; x_wconf 83' lang='lat' dir='ltr'><strong>Imperatoris</strong></span> <span class='ocrx_word' id='word_1_441' title='bbox 1659 2633 1858 2675; x_wconf 87' lang='lat' dir='ltr'><strong>consangui-</strong></span> 
     </span>
     <span class='ocr_line' id='line_1_83' title="bbox 1152 2681 1855 2724; baseline 0.001 -10"><span class='ocrx_word' id='word_1_442' title='bbox 1152 2692 1251 2714; x_wconf 87' lang='lat' dir='ltr'><strong>neum</strong></span> <span class='ocrx_word' id='word_1_443' title='bbox 1277 2681 1372 2724; x_wconf 87' lang='lat' dir='ltr'><strong>facit,</strong></span> <span class='ocrx_word' id='word_1_444' title='bbox 1388 2687 1510 2715; x_wconf 84' lang='lat' dir='ltr'><strong>contra</strong></span> <span class='ocrx_word' id='word_1_445' title='bbox 1525 2692 1625 2724; x_wconf 88' lang='lat' dir='ltr'><strong>quam</strong></span> <span class='ocrx_word' id='word_1_446' title='bbox 1641 2682 1855 2724; x_wconf 73' lang='lat' dir='ltr'><strong>Spartianuti,</strong></span> 
     </span>
     <span class='ocr_line' id='line_1_84' title="bbox 1153 2733 1853 2775; baseline 0.003 -11"><span class='ocrx_word' id='word_1_447' title='bbox 1153 2743 1252 2775; x_wconf 85' lang='lat' dir='ltr'><strong>quem</strong></span> <span class='ocrx_word' id='word_1_448' title='bbox 1280 2733 1337 2764; x_wconf 89' lang='lat' dir='ltr'><strong>ille</strong></span> <span class='ocrx_word' id='word_1_449' title='bbox 1363 2737 1537 2765; x_wconf 88' lang='lat' dir='ltr'><strong>auctorem</strong></span> <span class='ocrx_word' id='word_1_450' title='bbox 1566 2733 1696 2764; x_wconf 90' lang='lat' dir='ltr'><strong>laudat.</strong></span> <span class='ocrx_word' id='word_1_451' title='bbox 1740 2733 1853 2766; x_wconf 82' lang='lat' dir='ltr'><strong>Jctus</strong></span> 
     </span>
     <span class='ocr_line' id='line_1_85' title="bbox 1151 2781 1855 2826; baseline 0.001 -12"><span class='ocrx_word' id='word_1_452' title='bbox 1151 2782 1387 2826; x_wconf 81' lang='lat' dir='ltr'><strong>cognationem</strong></span> <span class='ocrx_word' id='word_1_453' title='bbox 1404 2786 1440 2814; x_wconf 87' lang='lat' dir='ltr'><strong>et</strong></span> <span class='ocrx_word' id='word_1_454' title='bbox 1453 2781 1651 2814; x_wconf 86' lang='lat' dir='ltr'><strong>affinitatem</strong></span> <span class='ocrx_word' id='word_1_455' title='bbox 1665 2783 1775 2815; x_wconf 89' lang='lat' dir='ltr'><strong>nescit</strong></span> <span class='ocrx_word' id='word_1_456' title='bbox 1789 2782 1855 2815; x_wconf 89' lang='lat' dir='ltr'><strong>dis-</strong></span> 
     </span>
     <span class='ocr_line' id='line_1_86' title="bbox 1151 2832 1853 2874; baseline 0.003 -11"><span class='ocrx_word' id='word_1_457' title='bbox 1151 2832 1318 2874; x_wconf 82' lang='lat' dir='ltr'><strong>tinguere.</strong></span> <span class='ocrx_word' id='word_1_458' title='bbox 1375 2833 1474 2864; x_wconf 88' lang='lat' dir='ltr'><strong>Facit</strong></span> <span class='ocrx_word' id='word_1_459' title='bbox 1501 2832 1592 2874; x_wconf 90' lang='lat' dir='ltr'><strong>quod</strong></span> <span class='ocrx_word' id='word_1_460' title='bbox 1622 2833 1774 2865; x_wconf 83' lang='lat' dir='ltr'><strong>rhetores</strong></span> <span class='ocrx_word' id='word_1_461' title='bbox 1801 2842 1853 2865; x_wconf 80' lang='lat' dir='ltr'><strong>so·</strong></span> 
     </span>
     <span class='ocr_line' id='line_1_87' title="bbox 1149 2882 1850 2924; baseline 0.001 -10"><span class='ocrx_word' id='word_1_462' title='bbox 1149 2882 1231 2924; x_wconf 88' lang='lat' dir='ltr'><strong>lent,</strong></span> <span class='ocrx_word' id='word_1_463' title='bbox 1245 2882 1367 2924; x_wconf 83' lang='lat' dir='ltr'><strong>quibus</strong></span> <span class='ocrx_word' id='word_1_464' title='bbox 1391 2891 1590 2915; x_wconf 87' lang='lat' dir='ltr'><strong>concessum</strong></span> <span class='ocrx_word' id='word_1_465' title='bbox 1615 2887 1669 2915; x_wconf 91' lang='lat' dir='ltr'><strong>est</strong></span> <span class='ocrx_word' id='word_1_466' title='bbox 1689 2883 1726 2914; x_wconf 88' lang='lat' dir='ltr'><strong>in</strong></span> <span class='ocrx_word' id='word_1_467' title='bbox 1745 2882 1850 2915; x_wconf 86' lang='lat' dir='ltr'><strong>histo-</strong></span> 
     </span>
     <span class='ocr_line' id='line_1_88' title="bbox 1148 2932 1851 2976; baseline 0.003 -12"><span class='ocrx_word' id='word_1_468' title='bbox 1148 2932 1208 2965; x_wconf 88' lang='lat' dir='ltr'><strong>riis</strong></span> <span class='ocrx_word' id='word_1_469' title='bbox 1236 2933 1394 2966; x_wconf 87' lang='lat' dir='ltr'><strong>ementiri</strong></span> <span class='ocrx_word' id='word_1_470' title='bbox 1422 2933 1562 2976; x_wconf 82' lang='lat' dir='ltr'><strong>aliquid,</strong></span> <span class='ocrx_word' id='word_1_471' title='bbox 1591 2937 1631 2967; x_wconf 87' lang='lat' dir='ltr'><strong>ut</strong></span> <span class='ocrx_word' id='word_1_472' title='bbox 1655 2933 1773 2967; x_wconf 88' lang='lat' dir='ltr'><strong>dicere</strong></span> <span class='ocrx_word' id='word_1_473' title='bbox 1800 2933 1851 2966; x_wconf 87' lang='lat' dir='ltr'><strong>vi·</strong></span> 
     </span>
    </p>
   </div>
  </div>
 </body>
</html>
