2101 3419
376 336 461 378 952

419 442 435 482 «ξ
459 444 479 472 2
505 441 749 483 Reputantz‘bus]
784 443 959 476 Praecedit
980 445 1072 476 ‘me-

378 491 545 531 tuebant‚’
567 502 616 524 sc.
632 493 795 525 Romani:
821 500 855 525 et
882 499 995 526 tamen
1020 506 1072 526 se-

377 542 495 583 quitur
508 543 518 560 ‘
532 544 769 584 reputantibus
784 544 804 575 :’
829 546 917 587 quod
935 547 1072 588 quidem

376 592 418 623 ad
433 592 526 624 eosd.
537 593 612 625 illos
624 595 791 626 Romanos
806 597 966 636 pertinet.
990 598 1072 638 Huj.

376 643 480 683 igitur
496 645 627 683 generis
655 646 754 685 plura
784 647 827 678 ad
854 657 896 679 11.
914 651 966 680 13.
981 651 1012 679 6.
1038 653 1073 681 et

376 703 456 726 vm.
473 697 525 726 50.
542 697 594 726 10.
611 696 680 726 vid.
706 697 757 727 Icl.

420 745 437 784 ξ
461 747 481 776 4
505 745 655 776 Mittitur
680 749 709 777 et
732 747 783 778 M.
799 748 935 789 Lepidus
960 750 993 780 in
1018 751 1073 781 AE·

375 797 523 834 gyptnm,
537 796 601 835 qni,
624 796 691 836 [Sea]
736 798 812 830 Qua
828 798 870 829 de
887 809 922 829 re
939 800 986 830 ita
1001 800 1076 830 Val.

377 846 428 876 M.
445 855 492 877 vr.
518 849 549 878 6.
576 850 606 878 1.
637 848 646 864 ‘
663 849 746 879 Cum
773 849 1004 890 Ptolemaeus:
1027 851 1075 881 in-

378 895 464 936 quit,
483 895 493 912 ⁴
508 905 567 927 rex
596 901 744 928 tutorem
768 900 930 939 populum
958 900 1077 931 Roma-

376 954 456 975 num
484 945 553 976 filio
578 946 781 988 reliquisset,
814 949 960 980 Senatus
987 951 1078 981 Mar-

379 1006 456 1027 cum
474 997 641 1029 AEmilium
668 999 844 1041 Lepidum,
871 1000 1074 1032 Pontificem

377 1047 474 1077 Max.
492 1047 544 1078 bis
561 1048 739 1080 Consulem
757 1050 798 1080 ad
815 1050 911 1090 pueri
934 1052 1076 1082 tutelam

381 1097 565 1137 gerendam
599 1097 849 1130 Alexandream
876 1100 984 1139 misit3
1009 1111 1077 1132 am-

378 1146 588 1189 plissimique
606 1153 642 1179 et
654 1148 861 1189 integerrimi
877 1151 940 1181 viri
953 1152 1078 1182 sancti-

380 1201 500 1237 tatem,
517 1198 650 1239 reipub.
668 1199 782 1231 usibus
807 1205 843 1231 et
867 1201 971 1231 sacris
988 1211 1078 1232 corn-

378 1253 545 1288 paratam,
576 1253 728 1280 externae
761 1251 991 1290 procurationi
1023 1261 1079 1281 va-

379 1307 459 1328 care
476 1298 595 1337 voluit,
621 1308 663 1329 ne
685 1298 769 1329 fides
785 1300 935 1331 civitatis
951 1304 1077 1331 nostrae

378 1345 509 1378 frustra
525 1348 636 1388 petita
658 1349 911 1381 existimaretur
926 1350 946 1381 :’
972 1355 1007 1382 ct
1021 1360 1079 1381 ex-

378 1401 472 1428 stant
489 1398 656 1440 hodieque
684 1399 812 1429 denarii
831 1400 984 1439 argentei
1002 1410 1077 1430 cum

378 1446 600 1487 inscriptione
617 1457 657 1480 M.
674 1457 839 1481 LEPles.
858 1459 966 1482 poN‘r.
984 1459 1078 1482 ΜΑΧ.

378 1505 510 1528 TVTon.
535 1506 618 1529 REG.
643 1498 677 1529 in
694 1509 834 1540 quorum
861 1506 959 1541 parte
981 1510 1080 1532 versa

380 1547 485 1587 capiti
503 1548 626 1579 turrito
642 1548 868 1591 subscriptum
885 1555 947 1591 est,
969 1560 1079 1583 ALEX-

381 1605 541 1629 ANDREA.
567 1600 654 1630 Mod.

425 1649 473 1680 M.
489 1649 635 1689 Lepidus,
646 1649 712 1689 ἐξα]
737 1650 939 1691 Pompeium
952 1651 1079 1683 insulse

379 1697 483 1730 lwbet
501 1700 538 1730 L.
562 1699 748 1739 Ampelius.
794 1701 871 1732 Hoc
887 1703 1080 1743 exemplum

381 1760 390 1779 ι
423 1750 598 1781 timitatus
621 1750 791 1790 Tiberius,
808 1751 983 1784 referente
995 1754 1078 1785 Tac.

380 1808 422 1830 11.
444 1803 497 1831 07.
514 1803 546 1831 6.
595 1801 649 1831 Dc
670 1801 798 1841 Lepido
815 1802 863 1833 ita
875 1803 950 1834 vau.
967 1804 1016 1834 M.
1030 1813 1079 1835 Π.

381 1852 413 1880 (ἱ.
440 1853 466 1881 1.
515 1851 669 1890 [Locuin,
700 1857 736 1882 ut
763 1862 878 1892 supra,
903 1853 1080 1894 exscribit,

382 1900 447 1930 nisi
464 1901 551 1940 quod
579 1911 641 1941 pro
666 1906 873 1941 comparatam
895 1902 953 1933 dat
976 1913 1081 1943 opera-

385 1949 475 1989 tam]
522 1950 613 1980 Huic
643 1952 825 1981 narrationi
853 1951 1081 1992 suffragantur

381 2001 511 2042 antiqui
539 2001 668 2032 denarii
699 2002 865 2041 argentei,
893 2012 1081 2043 repracsen-

383 2051 541 2082 tamesin
560 2061 624 2082 uno
638 2052 747 2082 latere
761 2052 851 2082 urbis
863 2051 1079 2084 Alexandriae

382 2100 520 2141 faciem,
545 2111 620 2132 cum
644 2111 770 2132 corona
796 2102 914 2132 murali
945 2103 1080 2142 turrita,

383 2151 439 2182 cui
479 2151 705 2192 subscriptum
743 2152 882 2193 antique
920 2161 1081 2183 ALEXAN-

383 2208 502 2232 DREA:
528 2201 560 2232 iu
584 2202 691 2233 altero
721 2202 771 2232 M.
797 2202 963 2243 Lepidum
990 2208 1081 2242 toga-

383 2257 456 2283 tum
493 2263 607 2284 senem
643 2255 789 2294 calvum,
819 2255 876 2295 qui
905 2265 924 2285 a
951 2255 1081 2286 dextris

385 2307 530 2334 stantem
561 2303 864 2344 adolescentulum,
890 2315 965 2335 cum
989 2315 1082 2345 scep-

386 2358 440 2385 tro
457 2354 490 2385 in
515 2363 629 2394 manu,
652 2355 845 2386 diademate
871 2357 963 2397 regio
987 2367 1082 2387 coro-

385 2409 458 2443 nat,
487 2404 550 2435 hoc
576 2404 751 2445 adscripto
779 2406 902 2437 titulo:
938 2415 963 2435 s·
987 2416 1016 2437 (·.
1041 2415 1082 2438 Μ.

386 2464 539 2486 Ll-:Pinvs
564 2464 667 2486 PONT.
690 2464 782 2487 ΜΑΧ.
805 2465 927 2487 Τντοιι
946 2466 1028 2489 nen.
1045 2462 1083 2489 ut

387 2512 535 2538 testatur
560 2508 677 2548 Steph.
701 2507 778 2538 Vin.
803 2508 942 2547 Pighius
961 2509 1083 2539 Annal.

388 2558 485 2589 Rom.
502 2559 595 2590 Tom.
610 2567 649 2589 11.
668 2562 784 2599 p.c101.
801 2559 856 2589 ubi
872 2564 983 2590 tanicn
1000 2560 1084 2591 Nos-

387 2614 440 2640 tro
463 2609 706 2650 prochronismi
724 2609 821 2640 litem
837 2615 961 2642 movet.
1006 2611 1084 2642 vid.

386 2660 510 2698 locum,
527 2664 562 2691 et
576 2659 746 2700 expcnde.
770 2660 870 2691 Bern-

430 2712 447 2751 ξ
471 2715 491 2741 (i
526 2710 733 2750 Legionesqae
756 2720 824 2741 cum
850 2710 983 2750 consula]
1029 2711 1084 2743 Ita

389 2761 473 2791 Mss.
491 2760 556 2791 (luo
572 2771 579 2790 ε
605 2761 712 2792 ceteri
729 2770 844 2791 omnes
861 2762 1085 2802 legationesque

388 2821 454 2841 cnm
470 2811 696 2841 conditionibus
708 2811 805 2852 pacis.
851 2812 955 2842 Error
971 2822 1013 2842 ex
1028 2822 1084 2843 no-

390 2866 499 2890 tarum
513 2861 731 2900 compendio:
746 2871 813 2892 cum
832 2862 964 2893 CONS.
981 2863 1086 2893 inter-

392 2910 517 2949 pretati
534 2913 611 2941 sunt
628 2920 694 2941 cam
716 2910 953 2950 conditionibux,
981 2919 1014 2943 et
1044 2914 1084 2943 ad

830 349 972 380 NOTAE
1006 350 1267 381 VARIORUM
1306 352 1355 382 ΙΝ

1122 444 1156 476 id
1195 445 1376 486 sequentia
1413 444 1619 484 invitabant,
1652 444 1662 462 ‘
1688 444 1825 476 Deinde

1123 505 1200 526 cum
1233 496 1395 536 expositae
1429 496 1641 527 conditiones
1674 495 1770 536 pacis
1800 506 1821 527 a

1123 546 1220 576 Rom.
1234 545 1371 578 essent!
1401 547 1525 577 Missus
1538 550 1650 578 autem
1664 551 1715 578 est
1735 555 1817 577 con-

1123 597 1173 626 sul
1190 601 1268 636 post
1292 597 1333 627 P.
1357 596 1538 637 Sulpitium
1556 596 1701 627 Galbam
1719 600 1755 628 et
1779 597 1822 628 P.

1123 647 1262 677 Villium
1276 647 1464 687 Tappulum
1481 647 1489 663 ‘
1502 648 1540 678 T.
1553 647 1734 680 Quinctius
1750 647 1825 678 Fla-

1124 696 1267 726 mininus
1284 696 1304 727 :’
1328 697 1378 727 ita
1404 697 1502 728 Vett.
1528 697 1624 728 libri:
1649 701 1685 728 et
1716 702 1824 737 reete,

1124 756 1166 777 ne
1182 747 1388 778 Flamininos
1405 747 1563 787 patricios
1580 757 1657 778 cum
1674 747 1821 788 plebeiis

1126 797 1298 827 Flaminiis
1321 796 1580 829 confundamus.
1637 797 1727 837 Hoc,
1752 808 1817 828 non

1126 846 1405 885 animadversum,
1431 846 1616 879 Auctorem
1640 847 1747 878 libelli
1778 847 1821 878 de

1125 897 1215 927 Viris
1232 897 1435 936 IllustribuS,
1451 908 1477 928 s.
1493 897 1518 927 is
1533 897 1613 927 Aur.
1636 897 1771 936 Victor,
1797 907 1824 928 s.

1126 946 1199 986 quis
1214 947 1308 983 alius,
1324 947 1356 976 in
1371 946 1497 977 foedum
1514 956 1659 978 errorem
1676 946 1823 985 induxit,

1126 1001 1164 1027 ut
1180 997 1266 1027 hune
1284 997 1440 1027 Flaminii
1462 998 1549 1037 ejus,
1565 997 1620 1038 qui
1637 997 1678 1027 ad
1694 997 1826 1027 Thrasi-

1126 1056 1263 1077 menum
1286 1048 1396 1077 lacum
1416 1046 1588 1085 occubuit,
1612 1046 1715 1077 filium
1741 1046 1827 1077 arbi·

1127 1101 1289 1134 traretur,
1318 1100 1356 1127 ut
1393 1096 1449 1127 alii
1476 1096 1668 1127 docuerunt
1696 1096 1826 1136 inepte.

1127 1147 1196 1178 Hic
1219 1151 1331 1177 tamen
1356 1147 1543 1178 Plutarcho
1567 1146 1690 1187 ubique
1709 1145 1824 1185 Φλαμί-

1128 1209 1187 1228 νιος
1203 1197 1338 1229 dicitur.
1361 1197 1465 1236 Bong.

1170 1249 1187 1288 ξ
1203 1251 1222 1278 8
1249 1248 1449 1278 Conditiones
1461 1246 1562 1288 pacis]
1585 1247 1678 1279 Quas
1690 1246 1758 1279 vid.
1771 1256 1826 1288 ap.

1129 1299 1201 1329 Liv.
1218 1306 1338 1329 xxxii.
1354 1301 1406 1328 33.
1419 1301 1450 1328 2.
1467 1300 1531 1329 ἃς.
1556 1297 1656 1328 Bern.

1172 1349 1189 1388 ξ
1213 1351 1233 1378 9
1258 1348 1435 1388 Philippus,
1459 1346 1529 1388 ἐγὼ]
1572 1348 1660 1377 Saxo
1691 1354 1766 1377 xw.
1793 1356 1827 1386 p.

1127 1401 1201 1429 253.
1215 1401 1268 1430 32.
1291 1399 1301 1416 ‘
1313 1398 1438 1429 Olavus
1456 1397 1579 1428 adduci
1600 1407 1635 1427 se
1651 1406 1751 1437 posse
1768 1407 1826 1427 ne-

1127 1449 1229 1489 gabat
1246 1453 1283 1480 ut
1313 1449 1347 1480 in
1374 1450 1460 1480 hanc
1476 1458 1607 1486 vocem,
1629 1448 1823 1479 inconsulta

1128 1499 1249 1539 patriae
1261 1499 1449 1540 majestate,
1462 1497 1699 1539 procurreret.'
1710 1508 1744 1538 p.
1755 1500 1829 1530 313.

1128 1552 1162 1579 5.
1185 1549 1193 1565 ‘
1210 1549 1381 1580 Praefatus
1397 1553 1598 1589 se,extante
1620 1558 1674 1588 eo,
1685 1548 1739 1579 cui
1757 1549 1828 1589 pri-

1130 1607 1218 1628 mam
1234 1598 1363 1629 militiae
1379 1598 1479 1629 fidem
1494 1597 1643 1636 dederit,
1667 1597 1754 1629 alius
1770 1598 1829 1628 mi-

1132 1648 1225 1679 litem
1240 1658 1306 1679 non
1320 1648 1482 1688 futurum,
1502 1658 1564 1680 nec
1581 1648 1705 1679 adduci
1722 1657 1832 1688 posse,

1133 1703 1169 1728 ut
1185 1698 1364 1738 pristinum
1386 1699 1584 1740 obsequium
1607 1698 1736 1730 recenti
1754 1708 1828 1739 per-

1130 1748 1264 1779 mutet!

1177 1798 1382 1838 concedebat]
1408 1799 1535 1830 Putida
1547 1798 1668 1839 oratio,
1682 1799 1826 1830 concede-

1132 1848 1184 1878 bat
1205 1858 1237 1879 se
1262 1849 1373 1879 adduci
1396 1859 1492 1889 posse.
1535 1849 1626 1882 Quin
1654 1849 1826 1880 scribend.

1132 1898 1340 1930 contendebat.
1386 1899 1472 1930 Haec
1490 1899 1618 1931 Acidal.
1630 1900 1673 1930 ad
1688 1900 1776 1931 Veli.
1790 1909 1830 1931 11.

1134 1952 1207 1980 130.
1226 1952 1256 1981 8.
1273 1959 1372 1990 quem
1390 1950 1445 1980 vix
1462 1954 1574 1981 tamen
1591 1955 1644 1981 est
1660 1954 1697 1981 ut
1713 1960 1831 1992 sequa·

1133 2008 1220 2030 mur.
1245 2000 1297 2030 Id.

1175 2052 1262 2083 CAP.
1280 2061 1330 2083 ιν.
1374 2053 1392 2092 ᾧ
1410 2055 1424 2083 1
1453 2053 1569 2083 Eodem
1584 2062 1663 2084 anno
1681 2053 1765 2083 inter
1782 2052 1832 2083 in·

1132 2102 1215 2132 sulus
1233 2101 1363 2132 Theram
1378 2106 1408 2132 et
1425 2102 1622 2142 Therasiam]
1654 2103 1786 2133 Theram
1797 2102 1830 2133 n.

1133 2153 1156 2183 1.
1172 2152 1306 2192 legend.
1331 2161 1397 2183 non
1417 2153 1646 2184 Theramenem.
1689 2153 1832 2183 Tractat

1133 2203 1235 2233 eund.
1249 2203 1269 2234 l.
1284 2202 1397 2234 strab.
1412 2211 1436 2232 1.
1450 2207 1486 2233 ct
1500 2203 1590 2233 Pnn.
1608 2210 1650 2232 ιι.
1664 2204 1716 2233 87.
1765 2202 1832 2233 Ubi

1134 2253 1183 2283 ait
1206 2251 1333 2283 factum
1360 2252 1422 2283 hoc
1449 2252 1589 2293 Olymp.
1614 2261 1752 2285 cxxxv,
1775 2262 1829 2284 an.

1136 2308 1278 2344 quarto:
1303 2303 1350 2334 ibi
1368 2312 1432 2343 ego
1455 2302 1588 2343 legend.
1612 2307 1696 2342 puto
1723 2304 1833 2344 Olym-

1132 2354 1237 2393 piratis
1260 2362 1401 2384 cxxxx.
1417 2363 1495 2384 anno
1517 2356 1639 2393 quarto.-
1664 2352 1765 2394 idque
1789 2363 1833 2384 ex

1134 2405 1375 2445 supputatione
1417 2403 1619 2443 retrograda
1662 2404 1705 2435 ab
1746 2413 1834 2435 anno

1136 2455 1255 2495 quinto
1281 2454 1418 2493 Tiberii,
1446 2453 1580 2495 quando
1614 2453 1698 2484 Thia
1731 2458 1835 2485 enata.

1136 2510 1292 2536 narratur
1307 2504 1373 2535 tine
1386 2504 1454 2545 huj.
1471 2514 1546 2544 cap.
1573 2504 1721 2535 Glarean.
1756 2504 1830 2535 Iino

1128 2555 1200 2595 jam
1215 2555 1327 2586 inultis
1339 2555 1637 2595 annis‚antequum
1649 2556 1723 2586 liaec
1739 2560 1837 2596 gesta

1137 2610 1229 2645 sunt,
1253 2605 1317 2636 fuit
1333 2609 1442 2636 motus
1458 2605 1514 2635 illc
1533 2611 1646 2637 terrm.
1682 2605 1836 2645 Contigit

1137 2659 1224 2689 enim
1251 2659 1387 2699 Olymp.
1405 2660 1476 2688 139.
1502 2667 1555 2688 an.
1586 2661 1614 2689 1.
1640 2662 1675 2689 ut
1701 2661 1836 2689 constat

1137 2720 1178 2741 cx
1196 2710 1280 2750 Poly
1288 2710 1318 2740 b.
1331 2716 1364 2740 et
1379 2708 1518 2739 Eusebii
1533 2708 1708 2739 Chronico.
1744 2709 1834 2739 Plin.

1139 2766 1250 2792 tamen
1268 2770 1306 2790 ιι.
1335 2760 1378 2790 Ν.
1397 2760 1440 2790 H.
1457 2762 1509 2790 57.
1534 2759 1654 2799 inquit,
1670 2757 1832 2789 Automa-

1139 2816 1206 2842 tam
1225 2821 1250 2842 s.
1273 2810 1410 2841 Hieran}
1433 2809 1491 2849 (de
1514 2820 1578 2850 qua
1594 2809 1727 2840 omnino
1740 2809 1833 2849 capi-

1138 2861 1227 2892 enda
1249 2860 1355 2891 verba
1378 2858 1521 2900 Justini)
1544 2864 1678 2890 enatam
1697 2868 1770 2890 csse
1787 2859 1833 2889 in·

1138 2917 1191 2943 ter
1210 2911 1351 2942 Theram
1368 2915 1401 2941 et
1415 2909 1609 2941 Therasiam
1628 2909 1764 2950 insulas,
1785 2909 1833 2941 0-
