2174 3424
530 333 616 375 682}

531 436 687 477 Namque
703 435 813 468 isthuc
828 436 1042 477 superinducta
1063 447 1172 479 neque
1188 438 1226 469 il-

530 485 590 516 lud
607 486 740 526 probat,
762 496 870 528 neque
895 487 988 518 illud.
1020 487 1140 519 Dices:
1164 489 1227 519 Ta-

532 545 609 567 men
638 536 701 568 hoc
730 537 865 576 scimus,
892 538 1036 569 Veteres
1065 538 1128 570 hac
1154 542 1228 569 arte

531 595 609 617 usos
629 586 743 618 fuisse.
790 587 927 628 Fateor,
953 592 988 618 et
1012 588 1110 628 pauci
1134 589 1229 628 igno-

532 640 628 674 rant3
653 639 688 667 at
708 636 762 667 hic
787 646 853 668 non
876 637 919 668 de
941 647 1001 668 usu
1023 638 1146 678 agitur,
1168 640 1228 670 sed

532 684 575 715 de
591 685 647 716 illa
662 685 807 726 ratione,
829 696 928 727 quam
948 685 1046 718 affert
1060 688 1229 727 Justinus,

533 736 543 753 ‘
561 745 604 766 ne
640 746 759 767 recens
789 746 868 768 cera
895 737 1008 768 dolum
1042 738 1228 778 proderet)

533 785 650 817 Addes
674 786 738 817 hoc
762 796 907 827 quoque,
931 797 1042 818 ceram
1064 788 1154 819 illam
1176 799 1229 820 su-

533 835 771 875 perinductam
784 835 898 877 fuisse,
910 846 974 868 non
986 842 1099 868 autem
1114 848 1229 879 super-

533 884 689 923 infusam,
711 885 855 926 ideoque
878 887 932 917 vel
959 887 1083 927 pollice
1102 888 1155 918 vel
1180 898 1230 919 ro-

534 935 638 966 tundo
659 936 770 976 aliquo
785 936 876 976 ligno
897 941 1071 968 extensam
1094 942 1129 969 et
1148 938 1229 970 duc-

534 988 604 1015 tam
621 984 736 1016 fuisse.
773 986 890 1016 Sentio
906 987 971 1016 vim
985 987 1094 1026 verbi,
1108 991 1143 1019 et
1159 989 1228 1019 scio

534 1034 615 1076 quid
632 1035 676 1066 sit
692 1035 838 1077 id,quod
865 1038 874 1053 ‘
890 1036 1037 1067 ductile'
1054 1047 1229 1077 vocamus;

533 1084 593 1115 sed
611 1089 646 1115 et
660 1094 739 1116 cera
755 1095 874 1117 recens
890 1086 939 1116 ita
958 1096 1089 1128 quoque
1106 1092 1229 1119 tracta-

534 1138 590 1165 tur
601 1134 716 1175 digitis
732 1140 766 1167 et
781 1136 995 1175 extenditur3
1017 1137 1130 1178 itaque
1146 1148 1231 1169 sem-

535 1193 597 1224 per
622 1185 741 1216 eodem
768 1185 958 1218 refer-imur.
1003 1188 1231 1220 Quamobrem

534 1235 582 1265 sic
611 1235 776 1276 existimo,
811 1240 870 1266 aut
903 1236 1076 1268 Justinum
1105 1238 1231 1279 aliquid

534 1284 696 1324 omisisse,
721 1285 810 1326 quod
838 1285 966 1317 dictum
990 1288 1142 1328 oportuit
1164 1298 1232 1319 am-

534 1334 634 1375 plius,
657 1340 716 1366 aut
737 1335 846 1366 miuus
867 1336 959 1367 clare
985 1341 1021 1368 et
1046 1338 1154 1368 minus
1177 1348 1233 1369 ex-

534 1394 653 1424 presse
679 1386 827 1416 locutum
854 1384 959 1416 fuisse
983 1397 1082 1427 quam
1106 1387 1231 1418 debue-

536 1439 600 1465 rat.
645 1435 712 1466 Sed
730 1435 770 1466 ad
788 1435 928 1475 primam
944 1436 1035 1467 illam
1051 1436 1232 1468 difficulta-

536 1489 606 1516 tem
632 1486 792 1524 remigrat
819 1487 939 1526 oratio,
963 1486 1090 1518 tabellas
1113 1488 1233 1527 ligneas

534 1545 604 1566 cera
629 1536 844 1576 superinducta
869 1537 948 1567 delet
957 1547 969 1573 ;
998 1547 1072 1578 quae
1095 1547 1160 1578 res,
1183 1538 1232 1569 uti

536 1585 578 1616 ab
594 1586 689 1617 initio
706 1586 873 1625 dicebam,
895 1588 1040 1619 absurda
1055 1592 1118 1619 est.
1161 1590 1232 1620 De-

536 1636 606 1666 lere
630 1641 724 1667 certe
751 1636 883 1668 tabulas
904 1637 1043 1668 nolebat
1068 1638 1232 1669 Demara-

537 1690 605 1726 tus,
631 1686 691 1716 sed
718 1690 836 1727 tegere
863 1691 1007 1726 tantum,
1031 1692 1066 1719 et
1093 1688 1126 1719 id
1149 1690 1232 1720 satis

535 1739 608 1766 erat
624 1735 665 1766 ad
682 1737 871 1775 consilium,
886 1737 973 1778 quod
988 1738 1059 1778 ipse
1075 1738 1107 1769 in
1124 1740 1233 1771 animo

536 1785 758 1824 formaverat;
775 1786 864 1818 unde
881 1792 916 1818 et
932 1797 1010 1819 mox
1021 1789 1141 1820 scribit
1155 1790 1234 1822 Jus-

537 1835 640 1874 tinus,
660 1837 670 1852 ‘
686 1845 728 1866 ue
752 1841 809 1866 aut
832 1837 1003 1877 scriptura
1024 1838 1094 1869 sine
1116 1840 1234 1880 tegmi-

537 1885 627 1917 ne...’
661 1886 744 1916 Eam
765 1890 876 1917 autem
899 1886 1136 1919 difficultatem
1159 1899 1235 1920 cum

538 1936 630 1966 Elias
657 1936 810 1967 Borellus
840 1937 1147 1977 animadvertisset,
1170 1948 1236 1980 quo

537 1986 670 2026 ingenio
684 1990 735 2016 est
755 1991 788 2016 et
807 1986 951 2026 judicio,
966 1987 1162 2029 (utrumque
1179 1999 1235 2019 au-

539 2040 607 2066 tem
630 2036 662 2066 in
679 2045 719 2066 eo
741 2036 912 2077 singulare
932 2037 1012 2078 est‚)
1029 2038 1062 2068 id
1080 2038 1235 2078 profecto

540 2085 681 2126 reperit,
709 2085 799 2126 quod
826 2086 905 2117 mihi
935 2087 1051 2127 placet
1077 2089 1236 2128 maxime,

539 2135 696 2176 quodque
721 2136 806 2167 adeo
828 2137 901 2167 aliis
920 2138 1234 2170 communicandum

540 2195 613 2216 esse
627 2186 753 2226 putavi.
790 2186 957 2226 Supponit
971 2187 1074 2227 igitur
1090 2187 1145 2218 ille
1157 2189 1236 2219 Tro-

540 2244 616 2275 gum
629 2235 750 2276 Pomp.
760 2237 854 2276 cujus
867 2236 1055 2268 Historiam
1066 2238 1237 2270 contraxit

540 2283 627 2316 Just.
648 2285 695 2315 ita
722 2285 798 2316 olim
824 2286 856 2316 in
879 2285 967 2316 libro
988 2295 1046 2317 suo
1063 2288 1234 2327 posuisse:

539 2335 548 2350 ‘
564 2334 687 2365 Omnia
702 2335 735 2365 iu
748 2335 877 2366 tabellis
890 2336 1011 2376 ligneis
1021 2337 1237 2377 magistratui

540 2385 751 2425 perscripsit,
768 2385 971 2427 easdemque
992 2395 1069 2417 cera
1084 2388 1236 2427 superin-

539 2433 644 2465 ducta
659 2435 786 2466 delevit
798 2435 817 2466 :³
840 2436 926 2476 quod
941 2436 1052 2467 delevit
1073 2438 1236 2477 optimum

540 2488 603 2521 est,
626 2489 664 2516 ut
685 2494 762 2515 mox
792 2485 934 2525 videbis,
958 2490 995 2516 et
1017 2487 1118 2527 longe
1146 2487 1237 2518 aliud

539 2544 637 2575 quam
654 2534 742 2576 quod
758 2535 866 2575 prima
880 2535 991 2567 fronte
1007 2537 1151 2569 videtur.
1190 2537 1239 2570 At

541 2585 596 2617 hic
630 2586 772 2626 Noster,
807 2586 916 2628 inquit
941 2588 1110 2628 Entellus,
1147 2588 1238 2630 quod

540 2636 670 2676 Trogus
698 2646 760 2676 per
782 2640 915 2677 tempus
942 2638 1154 2678 praeteritum
1179 2648 1238 2670 ex-

542 2686 742 2727 plicaverat,
757 2687 799 2718 ad
817 2696 965 2727 praesens
982 2692 1114 2728 tempus
1131 2693 1238 2719 trans·

544 2736 633 2776 tulit,
658 2737 708 2767 uti
739 2738 892 2774 solemus,
908 2747 985 2769 cum
1012 2739 1237 2770 narrationem

545 2785 733 2817 breviorem
750 2786 864 2818 facere
891 2792 926 2819 et
949 2788 1147 2820 vividiorcm
1170 2793 1238 2820 stu-

545 2835 671 2867 demus.
730 2836 797 2868 Sed
820 2838 852 2867 iu
881 2847 932 2877 co,
961 2839 1071 2879 iuquit
1102 2839 1238 2870 Amicus

546 2896 648 2927 meus,
684 2888 874 2927 gravissime
917 2889 1029 2930 lapsus
1058 2895 1110 2921 cst
1145 2890 1237 2922 Just.

985 343 1127 375 NOTAE
1160 344 1425 375 VARIORUM
1460 344 1510 376 ΙΝ

1281 437 1370 479 quod
1384 437 1463 469 illud
1481 438 1592 469 delevit
1609 448 1663 480 ap.
1680 439 1780 479 Trog.
1798 448 1817 470 a
1833 438 1842 456 ‘
1858 439 1956 470 deleo
1968 438 1978 453 ’

1279 491 1391 518 ortum
1405 497 1476 518 esse
1489 487 1673 520 arbitratus
1690 494 1754 529 est,
1768 499 1842 520 eum
1859 499 1878 520 a
1893 490 1902 506 ‘
1918 489 1975 520 de-

1279 537 1362 576 liuo,
1387 537 1512 578 delevi,
1537 537 1696 570 delitum’
1722 539 1906 570 descendat
1927 543 1978 570 ta-

1280 595 1368 618 men.
1414 587 1490 618 Hoc
1505 592 1615 619 autem
1632 590 1753 629 probat
1767 589 1975 631 (quanquam

1280 637 1360 667 mihi
1386 637 1520 677 quidem
1546 647 1613 669 non
1638 644 1816 680 tantopere
1841 639 1978 670 videtur

1281 686 1482 726 probatione
1493 697 1576 727 opus
1588 687 1978 729 esse),probatinquam,

1281 745 1324 766 ex
1348 736 1391 767 A.
1417 737 1506 768 Gen.
1533 736 1589 777 qui
1612 737 1644 767 in
1662 738 1761 768 simili
1778 742 1977 778 argumento

1280 786 1354 816 eod.
1374 786 1479 817 verbo
1502 796 1580 817 usus
1604 791 1667 827 est,
1691 791 1823 818 mutata
1845 791 1977 818 tantum

1280 845 1387 876 praep.
1415 845 1491 866 nam
1518 845 1573 876 ap.
1598 836 1701 876 Trog.
1727 841 1780 868 est
1804 837 1898 876 delet,
1922 846 1977 877 ap.

1280 885 1372 916 Gen.
1395 885 1545 925 collevit,
1573 896 1603 924 a,
1626 886 1758 918 collino.
1801 886 1911 917 Locus
1926 891 1979 918 est

1280 943 1373 966 xvn.
1385 938 1416 967 9.
1441 936 1450 952 ‘
1470 935 1598 966 Literas
1614 936 1647 966 iu
1664 936 1789 976 lignum
1802 936 1980 977 incidisse3

1280 989 1399 1023 postea
1422 984 1568 1023 tabulas,
1583 985 1634 1015 uti
1653 986 1791 1016 solitum
1814 990 1878 1026 est,
1899 996 1980 1018 cera

1279 1034 1478 1066 collevisse.’
1524 1035 1612 1066 Haec
1632 1040 1761 1075 autem,
1777 1046 1851 1077 quae
1868 1036 1982 1077 legisti

1280 1085 1393 1124 modo,
1417 1095 1515 1125 quam
1539 1095 1579 1116 ea
1604 1086 1683 1116 mihi
1710 1086 1894 1128 ingeniosa,
1910 1091 1979 1118 tam

1281 1138 1316 1165 et
1341 1144 1381 1165 ea
1403 1135 1481 1165 mihi
1498 1144 1577 1165 vera
1592 1144 1665 1166 esse
1681 1135 1857 1167 videntur:
1882 1140 1929 1176 et,
1954 1137 1983 1168 si

1281 1184 1357 1225 ipse
1373 1185 1454 1215 talia
1467 1186 1678 1225 invenissem,
1694 1186 1840 1218 inventis
1857 1187 1982 1227 gaude-

1284 1244 1365 1266 rem.
1398 1234 1540 1266 Addidit
1553 1240 1588 1266 et
1605 1236 1694 1267 aliud
1708 1236 1811 1267 etiam
1826 1237 1982 1268 Borellus

1283 1285 1316 1316 in
1342 1284 1410 1316 fine
1428 1286 1613 1326 Epistolae:
1639 1287 1803 1327 Nunquid
1826 1287 1875 1318 illi
1898 1287 1981 1319 mihi

1283 1344 1397 1367 errare
1417 1336 1623 1376 viderentur,
1646 1337 1703 1377 qui
1725 1342 1886 1377 putarent
1911 1338 1980 1369 dici

1284 1384 1406 1415 Latine
1424 1394 1531 1425 posse,
1545 1386 1554 1402 ‘
1570 1386 1682 1416 Malus
1704 1387 1831 1418 Rlietor
1846 1386 1982 1427 ingenia

1283 1435 1377 1467 delet
1389 1436 1410 1474 3'
1432 1446 1475 1467 ex
1498 1446 1539 1467 eo
1567 1447 1615 1468 sc.
1644 1438 1733 1478 quod
1760 1447 1814 1478 ap.
1837 1438 1982 1470 Petron.

1283 1485 1423 1524 legimus
1439 1496 1447 1517 :
1472 1486 1482 1504 ‘
1499 1486 1658 1518 Nondum
1682 1486 1887 1518 umbraticus
1902 1487 1983 1519 doc-

1284 1540 1338 1566 tor
1361 1536 1497 1576 ingenia
1517 1536 1693 1568 deleverat
1708 1536 1729 1576 ;'
1752 1537 1786 1568 in
1803 1546 1869 1578 quo
1885 1547 1982 1577 saga-

1285 1585 1373 1616 citer
1387 1585 1515 1626 olfecit,
1531 1587 1619 1628 quod
1636 1596 1690 1618 res
1706 1590 1777 1626 est3
1804 1596 1881 1618 nam
1897 1587 1981 1618 illud

1284 1637 1293 1653 ‘
1307 1635 1494 1667 deleverat'
1516 1637 1760 1668 Petronianum
1776 1645 1841 1668 non
1857 1646 1877 1667 a
1900 1640 1908 1654 ‘
1924 1636 1983 1668 de·

1285 1685 1358 1716 leo'
1390 1690 1454 1726 est,
1477 1686 1536 1717 sed
1567 1697 1587 1717 a
1617 1685 1777 1718 ‘delium'
1821 1687 1982 1718 Ceterum

1286 1745 1347 1776 pro
1361 1736 1559 1775 magistratui
1573 1736 1605 1767 in
1622 1737 1696 1768 loco
1707 1736 1858 1777 superius
1873 1736 1984 1777 posito

1285 1786 1420 1826 legend.
1451 1786 1698 1827 magistratibus,
1727 1796 1770 1818 ex
1799 1786 1893 1817 libris
1923 1787 1984 1818 im-

1286 1837 1425 1876 pressis.
1471 1837 1681 1875 Magistratus
1705 1840 1819 1867 autem
1841 1841 1919 1868 sunt
1940 1837 1984 1867 E-

1286 1885 1395 1926 phori.
1427 1886 1476 1917 Ut
1491 1885 1590 1917 finem
1606 1887 1681 1918 huic
1696 1892 1786 1918 notae
1802 1887 1984 1928 imponam,

1286 1936 1348 1967 hoc
1361 1936 1464 1967 etiam
1477 1936 1617 1975 addam3
1633 1937 1710 1968 dum
1723 1937 1892 1977 perlustro
1904 1947 1984 1969 ocu-

1285 1986 1327 2017 lis
1351 1987 1394 2018 cl.
1418 1986 1529 2017 Vossii
1557 1991 1668 2026 notas,
1691 1987 1794 2018 incidi
1814 1988 1849 2018 in
1871 1988 1983 2019 locum

1286 2035 1454 2077 quendam
1480 2035 1632 2067 Africani
1654 2037 1831 2077 scriptoris
1855 2038 1985 2080 Graeci,

1287 2096 1387 2127 quem
1413 2086 1486 2127 ipse
1516 2096 1687 2127 nunquam
1716 2087 1838 2127 habui3
1876 2088 1910 2119 in
1941 2099 1984 2120 eo

1287 2146 1382 2167 error
1403 2141 1467 2175 est,
1485 2137 1541 2177 qui
1558 2146 1577 2168 a
1593 2137 1730 2168 librario
1752 2138 1807 2178 sit,
1821 2148 1862 2169 an
1879 2148 1899 2169 a
1916 2139 1984 2172 Ms.

1287 2187 1372 2218 Cod.
1388 2186 1476 2218 haud
1492 2186 1573 2218 scio.
1619 2187 1708 2218 Nam
1729 2197 1791 2228 pro
1814 2191 1984 2220 EKKINH-

1287 2239 1377 2277 ΣΑΣ,
1392 2237 1431 2279 (i.
1448 2247 1479 2268 e.
1503 2247 1571 2268 cum
1592 2238 1750 2268 emovisset
1766 2248 1825 2269 seu
1840 2240 1985 2270 removis-

1285 2287 1348 2329 set)
1377 2287 1511 2328 legend.
1539 2290 1780 2326 ΕΚΚΝΗΣΑΣ;
1802 2288 1825 2320 ἱ.
1856 2298 1886 2319 e.
1916 2299 1985 2320 cum

1286 2338 1450 2374 erasissem
1483 2337 1608 2369 Graece
1635 2338 1724 2368 enim
1750 2342 1984 2371 ΕΚΚΝΗΘΕΙΝ

1286 2391 1411 2421 eradere
1426 2394 1489 2421 est.
1536 2390 1588 2421 Ne
1604 2390 1678 2431 quis
1691 2395 1802 2421 autem
1818 2400 1858 2422 ea
1872 2401 1986 2432 repre-

1287 2440 1445 2470 hensione
1465 2439 1593 2472 Justini
1613 2438 1819 2480 offendatur,
1834 2450 1908 2482 qua:
1931 2452 1985 2473 su-

1289 2490 1402 2530 perius
1419 2489 1529 2530 posita
1546 2493 1612 2526 est,
1627 2499 1737 2521 nonne
1754 2491 1847 2530 alibi,
1863 2496 1902 2522 ut
1917 2502 1985 2524 uno

1289 2541 1444 2581 exemplo
1460 2549 1548 2571 nunc
1563 2540 1714 2571 contenti
1729 2540 1843 2581 simus,
1856 2551 1898 2572 ex
1915 2543 1985 2574 Me-

1289 2591 1350 2630 dio,
1366 2591 1422 2632 qui
1448 2590 1499 2621 vir
1523 2590 1663 2631 insignis
1683 2589 1749 2622 fuit
1770 2591 1803 2621 in
1819 2592 1984 2623 comitatu

1290 2641 1490 2681 Alexandri,
1518 2641 1666 2672 medicum
1703 2640 1798 2682 fecit,
1828 2643 1907 2683 quia
1936 2653 1984 2676 sc.

1290 2691 1395 2721 oculis
1419 2690 1487 2721 suis
1510 2700 1574 2721 non
1599 2700 1732 2731 semper
1747 2690 1833 2722 belle
1850 2696 1885 2723 et
1901 2693 1985 2724 acri·

1291 2744 1344 2772 ter
1361 2740 1393 2771 in
1410 2740 1554 2781 legendo
1576 2741 1687 2781 Trogo
1703 2741 1885 2772 utebatur?
1915 2742 1984 2773 Sed

1290 2794 1326 2821 et
1353 2790 1420 2821 alia
1446 2790 1602 2831 quaedam
1635 2800 1654 2821 a
1679 2790 1773 2820 uobis
1803 2790 1984 2823 observata

1290 2840 1446 2871 fuerunt:
1471 2849 1581 2881 neque
1613 2840 1696 2871 adeo
1723 2840 1854 2881 mirum,
1881 2840 1985 2872 homi-

1291 2901 1365 2922 uem
1394 2891 1540 2932 aliquem
1571 2899 1684 2921 errare
1715 2899 1832 2931 possc;
1869 2900 1985 2922 omnes
