2174 3424
593 315 788 345 JUS'PlNl
826 315 914 343 ma.
949 315 1017 344 xl.
1051 316 1156 344 est.
1188 306 1255 345 14.

199 408 394 450 metaphora
410 418 430 439 a
444 412 537 439 motu
560 412 595 438 et
612 408 794 448 agitatione
810 406 893 438 fluc-

198 464 307 498 tuum,
323 459 378 499 qui
393 458 527 499 proprie
549 460 654 489 oestus.
677 458 794 497 virgil.
819 458 891 488 ΖΕΗ.

1550 304 1635 345 799

942 419 999 454 est,
1029 426 1128 456 quam
1165 420 1270 447 tantus
1301 417 1430 455 sanguis
1458 415 1549 452 susus
1579 418 1635 446 ese.

942 465 1022 496 vid.
1041 474 1090 496 xi.
1120 469 1170 497 14.
1193 469 1224 496 2.
1270 466 1369 498 Quod
1386 466 1548 496 sitantum
1566 475 1637 496 san-

200 518 282 539 vul.
313 511 363 539 19.
397 510 406 524 ‘
428 508 529 537 Vario
564 516 718 538 curarum
747 506 894 538 fluctuat
939 515 1048 553 guinis
1067 515 1234 547 retinen&
1250 516 1303 546 hic
1320 515 1637 555 videatur‚0p01·te.

201 556 310 588 testu!
338 557 381 587 Et
398 556 486 586 Plin.
503 557 566 596 Ep.
588 556 596 572 ‘
614 556 758 595 Explica
774 561 893 586 aestum

200 605 333 637 meum!
361 606 449 636 Mod.
495 605 621 636 Noster
637 613 662 635 1.
678 608 729 636 10.
747 608 797 636 15.
822 605 893 636 AEs-

201 660 320 686 tuaute
337 653 439 694 rege.'
463 655 560 685 Bern.

248 704 404 743 Veritnm]
428 704 506 743 Leg.
530 703 740 744 Veritumque.
767 704 850 735 Fab.

243 756 261 795 ς
284 758 304 786 4
331 756 468 795 Utraque
481 755 562 785 acies
575 755 711 785 hostibus
725 756 894 794 spectaculo

192 805 274 845 fuit]
299 806 468 836 ostendere
490 806 585 836 aciem
607 805 768 836 dicuntur
789 805 894 846 impe-

200 860 343 895 ratores,
371 854 519 886 terrendi
547 855 650 885 hostis
676 864 787 885 causa.
822 855 894 886 Liv.

201 913 309 936 xxix.
337 906 346 922 ‘
366 904 421 936 Ad
449 909 613 936 terrorem
629 904 773 934 hostium
789 903 894 934 aciem

200 956 432 989 ostendisset.'
456 956 535 988 Vid.
553 961 589 988 et
612 955 728 987 Gifan.
752 956 786 986 in
807 955 893 988 Obs.

201 1006 240 1037 L.
255 1007 295 1038 L.
325 1007 399 1038 Vor.

244 1057 262 1097 ξ
285 1059 305 1087 9
330 1057 407 1087 Cum
431 1057 539 1088 iisdem
562 1066 605 1096 se,
629 1057 696 1097 θα]
728 1057 849 1095 Veget.
868 1065 894 1090 1.

202 1107 254 1136 13.
285 1105 307 1137 f.
340 1106 407 1136 ‘In
437 1106 550 1147 fugam
580 1106 680 1143 versi,
711 1104 896 1136 victoribus

201 1156 292 1186 ultra
308 1165 404 1196 pares
420 1166 493 1188 esse
509 1167 575 1187 non
591 1155 740 1187 audent!
775 1157 820 1187 Et
838 1165 894 1187 111.

203 1208 233 1236 1.
247 1215 291 1238 m.
314 1208 323 1224 ‘
340 1206 408 1239 Qui
422 1206 616 1247 effugerint,
642 1211 679 1238 ut
702 1207 805 1237 semel
829 1212 896 1237 ter-

202 1255 272 1295 riti,
306 1261 428 1296 postea
464 1256 648 1288 formidant
674 1255 894 1287 conflictum.'

202 1304 292 1336 Add.
306 1316 378 1346 sup.
394 1307 520 1337 Notam
537 1307 579 1337 ad
595 1315 643 1337 vt.
658 1309 689 1337 4.
708 1309 757 1336 12.
781 1307 880 1337 Bern.

246 1355 314 1386 Nec
343 1357 482 1387 meliores
501 1356 606 1394 factos
629 1360 775 1396 putarent
795 1356 896 1397 fuga]

201 1405 211 1422 ‘
227 1406 409 1438 Meliores'
427 1417 498 1448 pro,
508 1407 686 1438 fortiores:
704 1412 741 1438 ut
758 1416 809 1438 lx.
823 1409 896 1439 2.4.

203 1459 291 1494 et,ut
300 1456 414 1487 Graeci
427 1457 556 1496 dicunt,
566 1456 747 1498 κρείσσονες.
764 1458 892 1488 Notum

202 1505 286 1536 illud
301 1506 443 1537 Hesiodi
456 1517 464 1537 :
482 1506 603 1547 ’Άφρων
619 1507 651 1538 ὅς
665 1511 693 1538 κ’
709 1506 807 1538 ἐθέλοι
821 1506 896 1547 πρὸς

202 1555 379 1595 κρείσσονας
406 1556 617 1597 ἀντιφερίζειν.
663 1558 720 1597 Et,
742 1556 833 1596 Ἔχει
861 1555 896 1587 νύ

204 1616 241 1637 σε
255 1607 376 1637 πολλὸν
393 1607 508 1648 ἀρείων,
553 1608 746 1639 Latinorum
763 1616 896 1648 quoque

204 1658 259 1688 alii
277 1658 325 1688 sic
341 1658 464 1688 locuti:
489 1662 526 1689 ut
548 1659 717 1689 Vechner.
734 1658 767 1688 in
782 1657 897 1688 Helle-

204 1709 270 1738 nol.
287 1708 429 1738 notavit.
458 1708 558 1739 Vorst.
603 1708 670 1739 Ms.
690 1707 825 1748 quidam
841 1708 896 1738 ha-

203 1757 263 1788 bet
278 1761 350 1788 tunc
362 1759 462 1789 semel.
509 1757 687 1797 Cogitand.
704 1762 814 1788 utrum
830 1767 897 1789 non

203 1807 358 1840 Justinus
388 1808 567 1848 scripserit
601 1818 671 1839 num
699 1818 730 1838 se
758 1809 897 1839 meliores

196 1857 228 1895 f.
258 1869 290 1898 p.
311 1856 421 1897 fuga?
458 1859 582 1898 Figura
617 1858 897 1896 interrogationis

204 1907 301 1938 valde
317 1912 370 1938 est
383 1907 573 1948 emphatica
589 1907 620 1938 h.
646 1907 668 1938 l.
697 1906 738 1937 ad
755 1916 896 1947 arguen-

203 1956 281 1987 dam
305 1957 432 1988 timoris
454 1957 709 1988 absurditatem.
752 1956 844 1988 Illud
866 1967 897 1988 se

203 2006 246 2036 de
260 2006 505 2037 Macedonibus
521 2010 572 2037 est
595 2005 806 2046 intelligend.
850 2006 897 2038 Et

204 2055 252 2087 sic
267 2056 354 2087 solet
372 2056 524 2095 usurpari
540 2055 642 2086 etiam
657 2055 745 2086 aliis.
769 2055 874 2094 Schef.

249 2105 388 2136 Caedinm
415 2104 554 2144 suarum]
589 2105 627 2137 F.
648 2105 742 2135 caedz's
762 2114 895 2136 suorum.

204 2154 353 2186 Gronov.
397 2155 490 2194 Lego
505 2154 648 2192 cladium,
664 2158 702 2185 ut
724 2163 804 2185 vm.
819 2157 851 2185 4.
866 2158 896 2185 5.

203 2206 213 2222 ‘
233 2204 343 2236 Obliti
359 2205 504 2235 cladium
528 2213 675 2243 suarum,
691 2204 803 2244 perire
821 2204 899 2244 ipsi,

204 2263 302 2295 quam
319 2263 386 2285 non
402 2253 547 2295 perdere
568 2263 625 2285 eos
642 2252 898 2294 praeoptarent.’

204 2303 284 2334 Fab.

249 2353 381 2385 Tantam
395 2352 571 2393 sanguinis]
594 2353 749 2394 Legend.
769 2352 793 2385 f.
816 2353 899 2384 tanti

202 2414 231 2435 s.
259 2409 296 2434 ut
322 2403 445 2435 referri
472 2404 579 2444 possit
604 2403 646 2434 ad
669 2413 798 2444 vocem,
821 2413 897 2444 quae

205 2454 382 2495 praecedit,
409 2454 418 2471 ‘
443 2453 660 2485 memoriam.'
704 2454 784 2484 Non
809 2455 898 2485 enim

203 2504 316 2544 ipsum
331 2504 528 2544 sanguinem
551 2503 680 2535 dnobus
705 2504 832 2544 proeliis
848 2503 899 2535 fu-

203 2564 277 2586 sum
291 2564 404 2585 secum
419 2555 452 2585 in
467 2554 573 2585 aciem
586 2553 674 2585 ferre
691 2559 875 2595 potuerunt
888 2565 898 2593 ;

204 2604 266 2635 aed
290 2605 458 2645 sanguinis
486 2604 557 2645 ejus
580 2607 783 2636 memoriam.
837 2606 900 2637 Est

206 2657 320 2685 autem
348 2654 493 2686 memoria
522 2654 604 2685 tanti
630 2655 791 2694 sanguinis
817 2655 901 2695 fusi,

206 2713 281 2744 pro,
294 2705 455 2736 memoria
469 2709 522 2735 tot
538 2704 804 2737 interfectorum.
836 2706 900 2737 Ce-

206 2758 327 2793 terum,
353 2764 434 2786 casu
462 2755 570 2795 primo
600 2755 628 2786 si
654 2755 817 2787 utendum
844 2756 900 2795 sit,

208 2802 331 2835 dicitur
348 2806 459 2845 potius
474 2808 594 2837 tantum
618 2806 777 2846 sanguinis
793 2805 900 2844 susum

944 565 994 595 bit
1010 570 1123 596 tamen
1137 565 1182 596 id.
1197 575 1258 605 per
1278 565 1517 605 metonymiam
1535 574 1636 605 quan-

943 613 1020 644 dam
1037 614 1180 654 intelligi
1207 614 1250 644 de
1277 614 1437 644 memoria
1450 614 1535 644 tanti
1563 624 1638 644 san·

944 664 1067 702 guinis,
1084 673 1194 704 quarn,
1209 669 1246 694 ut
1262 663 1345 702 dixi,
1361 672 1471 694 secum
1485 663 1518 694 in
1531 663 1637 694 aciem

944 712 1035 743 ferre
1054 718 1250 753 potuerunt.
1279 713 1354 744 Ver.

987 763 1004 802 ξ
1022 766 1061 793 10
1081 763 1212 794 Turbam
1227 762 1396 802 hominum]
1421 762 1499 793 Sen.
1516 762 1638 795 Benef-

945 821 993 843 vr.
1010 814 1061 842 31.
1084 812 1127 842 de
1141 812 1264 843 Xerxis
1288 812 1415 852 copiis:
1450 813 1458 829 ‘
1475 812 1639 842 Demara-

944 865 998 892 tus
1015 861 1290 893 Lacedaemonius
1314 861 1411 900 dixit,
1425 861 1532 901 ipsam
1547 860 1639 890 inam

945 920 1011 951 qua
1025 911 1089 941 sibi
1105 911 1258 951 placeret
1279 910 1541 949 multitudinem,
1555 909 1640 939 indi-

945 965 1077 1000 gestam
1101 965 1137 992 et
1161 970 1311 1001 gravem,
1327 959 1543 991 metuendam
1568 969 1640 990 esse

945 1009 1102 1041 ducenti:
1128 1020 1192 1041 non
1208 1010 1298 1041 enim
1313 1010 1412 1050 vires,
1427 1009 1488 1040 sed
1510 1009 1641 1049 pondus

944 1058 1095 1090 habere:
1140 1059 1318 1090 immodica
1361 1069 1533 1099 nunquam
1569 1059 1641 1099 regi

945 1109 1066 1149 posse.'
1111 1110 1396 1150 VidendiVeget.
1426 1118 1483 1141 111.
1510 1112 1542 1140 1.
1564 1109 1641 1141 Pic-

945 1162 1026 1190 cart.
1046 1159 1129 1190 Obs.
1145 1168 1185 1190 11.
1201 1162 1234 1190 2.
1257 1160 1356 1191 Bern.

988 1209 1043 1240 Sic
1056 1210 1192 1240 vivorum
1205 1209 1282 1249 sibi]
1306 1210 1416 1240 Recte
1440 1217 1507 1239 non
1532 1208 1640 1239 minus

944 1259 998 1290 hic
1025 1270 1123 1301 qnam
1149 1269 1200 1292 Χῐ.
1217 1264 1249 1292 9.
1266 1264 1297 1291 5.
1315 1260 1489 1300 judicasse
1508 1259 1642 1290 videtur

945 1309 1054 1349 Bong.
1067 1309 1156 1350 quod
1172 1310 1273 1341 videl.
1283 1309 1418 1350 legend.
1429 1309 1472 1340 sit
1486 1309 1644 1345 virorum:

946 1368 1014 1389 non
1045 1365 1084 1390 ut
1113 1359 1191 1391 edd.
1214 1359 1368 1400 quaedam
1397 1364 1480 1389 vett.
1507 1359 1644 1398 habent,

945 1408 1071 1441 cir-ium.
1116 1409 1290 1441 Praecedit
1327 1410 1415 1441 enim
1445 1410 1454 1426 ‘
1480 1410 1642 1450 majorem

946 1459 1079 1490 turbam
1108 1459 1300 1491 hominum?
1339 1459 1397 1491 Vir
1423 1468 1485 1500 pro
1509 1459 1643 1489 homine

946 1506 1027 1539 forti
1055 1513 1184 1540 notum.
1248 1509 1332 1540 Tac.
1362 1518 1409 1539 v1.
1440 1508 1482 1540 A.
1516 1509 1525 1526 ‘
1551 1509 1642 1540 Hinc

947 1558 1047 1596 viros,
1063 1558 1142 1589 inde
1158 1558 1310 1598 praedam
1327 1558 1532 1589 ostendere.'
1561 1559 1631 1589 Vor.

990 1608 1007 1647 ᾧ
1024 1610 1062 1638 11
1082 1607 1255 1646 Hortatur,
1270 1611 1417 1648 spernant
1432 1608 1518 1637 illam
1532 1607 1644 1647 aciem]

948 1656 1097 1688 Notator
1112 1656 1214 1697 Angl.
1230 1657 1331 1688 docet
1346 1658 1379 1687 in
1391 1657 1546 1698 quibusd.
1560 1658 1644 1688 Mss.

946 1706 1013 1746 legi
1049 1710 1195 1746 spectent.
1249 1708 1376 1738 Verum
1407 1707 1453 1737 nil
1490 1706 1643 1738 mutand.

947 1757 1048 1794 Nam,
1061 1757 1140 1797 quia
1152 1757 1292 1788 victoria
1305 1766 1370 1788 non
1387 1761 1526 1798 paratur
1538 1766 1643 1787 armo-

947 1816 1019 1837 rum
1048 1807 1184 1846 decore,
1215 1806 1304 1848 quod
1332 1811 1372 1837 ut
1401 1815 1521 1837 caussa
1546 1806 1644 1846 hujus

946 1855 1031 1886 dicti
1057 1856 1248 1896 subjicitur,
1273 1855 1349 1887 ideo
1367 1865 1432 1886 non
1455 1855 1645 1896 spectanda

946 1905 1004 1935 illa
1017 1905 1108 1936 acies
1120 1914 1201 1936 auro
1213 1904 1360 1945 fulgens,
1372 1905 1430 1935 sed
1444 1906 1644 1945 spernenda.

946 1954 1050 1992 Schef.

989 2004 1075 2035 Auro
1090 2007 1121 2034 et
1136 2007 1266 2044 argento
1272 2002 1463 2044 fulgentem]
1488 2004 1633 2035 Macrob

947 2056 1019 2087 Sat.
1049 2065 1090 2087 11.
1121 2059 1153 2087 2.
1189 2066 1231 2087 ex
1261 2056 1371 2097 Agell.
1401 2065 1437 2087 v.
1467 2059 1497 2087 5.
1527 2055 1646 2097 refert,

947 2105 1150 2137 Annibalem
1166 2105 1334 2138 Antiocho
1357 2106 1545 2138 exercitum
1560 2116 1643 2138 auro

948 2161 1157 2198 argentoque
1179 2157 1321 2198 politum
1343 2158 1541 2198 ostentanti,
1555 2168 1644 2199 quae-

947 2207 1118 2248 rentique,
1132 2210 1141 2225 ‘
1158 2207 1353 2239 sufficerent
1368 2217 1411 2238 ne
1430 2208 1504 2239 haec
1522 2210 1644 2239 Roma-

947 2256 997 2287 nis
1007 2257 1028 2288 ?'
1049 2257 1285 2298 respondisse:
1310 2259 1319 2276 ⁶
1337 2257 1466 2288 Hercle
1481 2268 1562 2289 vero
1579 2258 1646 2289 suf-

946 2305 1080 2346 ficiunt,
1108 2307 1242 2338 etiamsi
1268 2307 1455 2338 avarissimi
1479 2307 1548 2338 sint
1576 2308 1645 2338 Ro·

947 2356 1060 2388 mani.’
1105 2357 1183 2389 Quo
1207 2356 1351 2388 dicterio
1379 2356 1563 2388 vanitatem
1586 2357 1645 2387 ho-

947 2406 1044 2437 minis
1060 2405 1176 2447 irrisit,
1191 2407 1248 2447 qui
1270 2415 1338 2437 non
1354 2406 1645 2437 animadverteret

947 2456 1014 2487 ista
1049 2456 1138 2487 hosti
1172 2456 1246 2497 plus
1284 2456 1386 2487 animi
1413 2456 1572 2487 additura
1601 2456 1644 2488 ad

949 2506 1111 2546 praedam,
1148 2515 1248 2547 quam
1291 2506 1359 2537 suis
1401 2505 1444 2536 ad
1487 2515 1645 2546 pugnam.

949 2554 1124 2595 Ejusmodi
1147 2555 1277 2585 monita
1304 2558 1383 2585 sunt
1409 2564 1464 2594 ap.
1491 2554 1565 2585 Liv.
1590 2563 1646 2586 lx.

947 2607 1000 2635 40.
1015 2607 1047 2635 5.
1092 2604 1188 2635 Curt.
1202 2612 1257 2634 111.
1272 2606 1304 2634 2.
1320 2605 1373 2634 22.
1390 2607 1426 2634 et
1441 2611 1497 2633 111.
1523 2605 1573 2635 10.
1594 2605 1646 2634 15.

947 2655 1026 2687 Tac.
1041 2653 1107 2695 Ag.
1123 2657 1176 2685 32.
1193 2657 1225 2685 7.
1249 2655 1348 2685 Bern.

989 2703 1168 2744 Armorum]
1178 2704 1259 2744 Leg.
1269 2706 1523 2735 ornamentorum.
1536 2703 1644 2735 Gron.

992 2754 1079 2785 CAP.
1098 2762 1173 2785 xlv.
1196 2755 1213 2794 ξ
1228 2757 1244 2784 1
1261 2753 1428 2794 Ροεί,ᾅ·ο.]
1458 2753 1577 2784 Zonar.
1590 2762 1645 2784 XI.

951 2810 1002 2839 14.
1035 2808 1078 2848 Τῇ
1093 2807 1119 2837 δ’
1136 2805 1259 2847 ἐπιούσῃ
1280 2806 1335 2844 τῆς
1350 2804 1452 2846 μάχης
1475 2815 1644 2845 συγκροτη-
