2174 3424
560 334 756 364 JUS'rlNl
795 334 886 364 mr..
921 333 987 363 lv.
1022 336 1130 364 car.
1163 325 1204 365 2.

150 439 262 461 saevum
289 427 380 469 sapit
406 429 550 469 glossam
578 429 634 458 τοῦ
669 428 678 445 ‘
694 426 848 467 voracis,'

152 480 240 521 quod
255 479 333 520 quia
349 488 415 510 non
431 479 681 519 intelligebant,
693 477 850 518 repudia-

149 534 230 560 runt
247 529 326 561 licet
342 530 534 569 genuinum.
580 531 589 547 ⁴
602 530 718 560 Vorax
737 529 850 569 mare,'

151 579 240 620 quod
270 579 383 610 haurit
415 580 526 610 omnia
559 579 752 620 gurgitibus
787 589 850 620 per

149 629 306 661 vortices.
330 629 402 660 Cic.
414 629 500 661 Phil.
513 639 554 660 11.
578 632 587 647 ‘
600 630 684 662 Quae
699 630 850 669 Charyb-

148 678 199 709 dis
212 683 283 709 tam
297 678 424 718 vorax,'
437 681 501 711 &c.
514 679 777 720 elegantissime.
805 680 851 711 Et

148 727 272 759 iccirco
288 728 439 769 sequitur
462 729 505 760 de
531 729 642 769 undis,
665 731 793 770 gemitu
815 730 850 761 in

149 779 345 818 voraginem
362 778 609 810 desidentibus.
634 780 732 810 Idem.

190 829 308 859 Procul
331 829 519 871 videntibus]
542 828 695 861 Praefero
722 830 850 861 visenti-

146 877 214 917 bus,
230 878 321 919 quod
345 879 380 909 in
410 879 494 910 Mss.
523 885 558 911 et
583 879 753 920 impressis
778 881 850 920 qui-

148 928 244 961 busd.
269 928 425 970 habetur,
448 930 527 971 quia
552 930 659 970 magis
687 931 850 962 convenit

146 980 208 1018 rei,
223 984 258 1011 et
275 981 499 1011 attentionem
521 980 666 1011 videntis
690 980 850 1020 insinuat,

147 1040 222 1070 quae
237 1030 291 1061 hic
306 1030 467 1063 innuitur.
490 1031 589 1062 Idem.
626 1031 682 1062 Sic
699 1035 734 1062 et
749 1032 847 1064 Junt.

149 1081 256 1112 Graev.

190 1132 207 1171 ξ
225 1134 276 1163 10.
291 1133 342 1161 11.
359 1133 410 1162 12.
423 1133 477 1162 13.
501 1131 569 1171 14.]
596 1131 683 1162 Haec
696 1131 738 1162 ab
755 1131 848 1163 Auc-

146 1184 221 1212 tore
241 1182 327 1212 male
351 1181 483 1221 digesta
506 1186 600 1213 sunt:
627 1186 686 1213 aut
710 1183 751 1213 ab
775 1183 848 1213 aliis

146 1232 363 1272 transposita.
397 1231 486 1262 Nam
503 1236 600 1263 vetus
617 1232 700 1263 ordo
715 1232 763 1263 sic
778 1232 847 1272 legi

146 1281 312 1321 postulat:
338 1284 390 1312 10.
410 1283 460 1312 13.
479 1284 531 1312 11.
548 1284 599 1313 12.
621 1284 673 1312 14.
700 1282 846 1313 Freinsh.

190 1334 207 1373 ᾧ
226 1335 265 1364 10
293 1333 454 1363 Undarum
466 1342 559 1373 porro
574 1334 606 1363 in
621 1342 652 1363 se
666 1342 847 1364 concurren-

146 1381 238 1421 tium]
264 1382 486 1422 ConJeceram
513 1382 645 1422 legend.
668 1392 741 1412 esse
765 1382 848 1412 inter

144 1442 177 1463 se
199 1442 280 1463 conc.
304 1442 379 1462 cum
404 1431 530 1462 deinde
554 1431 745 1470 observavi,
763 1431 848 1462 anti-

147 1483 280 1522 quiores
297 1481 388 1522 typis
404 1489 582 1521 expressos
602 1480 650 1510 ita
673 1481 774 1520 plane
789 1481 846 1511 ha-

145 1531 241 1562 bere.
271 1531 374 1562 Vorst.
430 1530 587 1571 Optime!
617 1529 847 1570 adstipulatur

145 1581 242 1612 Junt.
271 1581 377 1612 Graev.

193 1631 294 1670 Terga
319 1631 443 1671 dantes]
467 1631 520 1662 Ita
549 1630 628 1662 boni
656 1630 753 1662 libri:
778 1631 846 1671 alii,

150 1680 303 1720 Virgilius
318 1680 459 1711 inimum
480 1680 636 1711 desidere.-
660 1680 729 1718 alii,
751 1681 846 1711 vorti-

144 1730 242 1761 cibus.
277 1731 382 1761 Error
397 1730 475 1761 inde
491 1730 652 1769 manavit,
665 1730 753 1771 quod
772 1731 846 1771 quis

144 1779 168 1812 f.
186 1781 228 1811 ad
244 1790 335 1812 oram
352 1781 430 1811 libri
455 1781 585 1820 Virgilii
609 1791 733 1812 nomen
749 1786 845 1812 nota-

146 1835 254 1870 verat,
270 1830 359 1871 quod
382 1830 416 1860 in
438 1835 635 1861 contextum
661 1835 843 1861 assumtum

143 1880 279 1911 transiit
295 1880 328 1910 in
342 1880 525 1911 vorticibus:
543 1880 611 1918 alii,
624 1885 662 1911 ut
673 1880 844 1910 sententia

143 1934 326 1968 constaret,
349 1930 392 1961 ad
410 1929 448 1961 τὸ
469 1930 622 1969 Virgilius
637 1930 844 1962 addiderunt

141 1979 267 2011 scribat.
313 1980 418 2011 Certe
435 1980 570 2011 videtur
585 1981 619 2011 in
634 1980 696 2011 hae
719 1980 842 2011 Siciliae

143 2029 372 2070 descriptione
408 2030 539 2062 Auctor
570 2035 686 2062 noster
715 2041 758 2062 ex
787 2041 845 2063 111.

143 2079 276 2112 AEneid.
300 2080 452 2111 imitatus
474 2082 638 2122 pleraque
659 2081 843 2112 observatu

141 2129 313 2162 facillima.
336 2131 493 2169 Bongars.
543 2132 658 2163 Juutae
689 2141 841 2172 quoque:

141 2180 309 2211 vorticibus
344 2181 445 2220 mergi
464 2191 501 2212 ac
522 2181 555 2212 in
576 2181 670 2212 imum
692 2182 842 2213 desidere.

141 2228 208 2259 Sed
223 2229 286 2260 hoc
301 2229 469 2270 glossema
484 2234 535 2261 est
550 2235 667 2262 natum
683 2241 724 2262 ex
739 2232 842 2263 verbo

148 2279 312 2318 Virgilius,
333 2279 422 2320 quod
446 2281 480 2311 in
503 2281 588 2312 Mss.
613 2281 740 2320 legitur
763 2291 843 2312 non-

141 2329 254 2360 nullis.
286 2329 328 2360 Id
346 2339 425 2360 vero
441 2329 609 2361 studiosus
624 2330 744 2371 aliquis
758 2340 843 2362 mar-

142 2379 211 2419 gini
235 2380 418 2419 allevemt,
440 2379 690 2420 significaturus
707 2390 780 2411 esse
796 2381 843 2412 lo-

142 2429 314 2460 cntionem
330 2430 561 2470 Virgilianam.
598 2431 721 2461 Potest
737 2431 842 2462 etiam

140 2477 383 2520 interpretatio
410 2489 486 2510 esse
516 2479 681 2520 magistri,
711 2480 767 2522 qui
792 2481 841 2512 sic

141 2528 216 2559 haec
232 2528 337 2559 verba
359 2530 367 2546 ‘
382 2529 416 2559 in
432 2529 535 2560 imum
552 2529 721 2560 desidere'
737 2540 841 2571 expo-

142 2578 231 2617 suit3
253 2589 329 2620 quae
359 2583 479 2619 postea
509 2589 552 2611 ex
576 2580 782 2620 marginibus
807 2581 842 2611 in

141 2633 341 2660 contextum
357 2629 506 2670 irrepsit.
534 2630 640 2662 Graev.

185 2681 203 2720 ξ
220 2683 258 2711 11
275 2681 397 2721 AEtnoe]
412 2681 490 2712 Vid.
508 2686 636 2721 praeter
649 2682 738 2712 locos
748 2691 841 2723 supr.

141 2733 275 2761 notatos
291 2730 379 2761 Plin.
391 2740 431 2761 11.
448 2732 492 2763 N.
505 2731 551 2763 H.
566 2735 639 2764 106.
655 2733 792 2764 Lucret.
810 2742 842 2764 v.

141 2779 200 2809 De
215 2779 327 2820 Scylla
343 2785 379 2812 et
394 2781 564 2822 Charybdi
583 2782 652 2814 vid.
669 2788 841 2823 pr'aeterea

142 2828 290 2860 Sallustii
320 2831 528 2872 Fragmenta
563 2842 618 2874 ap.
656 2833 753 2865 Serv.
783 2842 839 2865 111.

142 2879 274 2912 AEneid.
295 2880 400 2920 Bong.

1517 324 1602 364 707

932 428 948 467 ξ
963 429 1002 456 12
1017 427 1089 457 Nisi
1100 427 1236 458 humoris
1246 427 1444 459 nutrimentis
1452 428 1603 468 aleretur]

898 475 1003 516 Angl.
1028 477 1090 507 nisi
1116 480 1146 507 et
1173 477 1321 508 humoris.
1367 478 1494 509 Probo.
1525 479 1603 509 Non

899 526 986 556 enim
1012 527 1094 564 vult,
1117 527 1257 558 humore
1283 528 1353 559 solo
1380 528 1517 567 nutriri,
1543 529 1603 559 sed

900 581 1027 616 p1·a›.ter
1059 576 1128 607 alia
1156 577 1307 609 humore.
1351 579 1472 618 Itaque
1509 589 1601 618 supr.

900 630 1058 667 tanquam
1082 636 1193 658 rarum
1218 632 1254 659 et
1279 629 1461 668 singulare,
1485 629 1494 645 ‘
1509 630 1603 660 velut:

899 677 981 718 ipsis
1012 677 1109 708 undis
1140 678 1252 709 alatur
1277 678 1493 717 incendium‚’
1528 689 1604 710 cum

901 728 1103 768 praemiserit
1120 728 1163 759 de
1186 730 1333 767 regionis
1356 729 1440 767 solo,
1463 729 1606 759 ‘intrin-

900 786 996 808 secus
1012 781 1152 808 stratum
1170 779 1332 818 sulphure
1355 783 1390 810 et
1406 779 1570 810 bitumine
1582 778 1603 809 :'

899 829 962 859 &c.
979 827 1083 858 ‘Inde
1095 827 1207 859 AEtnae
1221 830 1344 861 montis
1358 838 1416 870 per
1427 833 1478 860 tot
1489 830 1605 860 secula

899 877 1119 910 incendium?
1143 878 1248 917 Schef.

941 929 959 968 ξ
984 930 1022 958 13
1048 928 1136 959 Hinc
1159 930 1294 960 latratus
1319 929 1458 970 auditus]
1482 930 1600 961 Juntae

898 987 973 1008 cum
989 978 1158 1009 nonnullis
1181 979 1254 1009 aliis
1279 979 1453 1019 impressis
1470 980 1604 1010 audito-3.

897 1029 963 1059 Ms.
974 1029 1109 1060 auditis.-
1123 1029 1186 1069 leg.
1200 1031 1333 1060 latratus
1345 1030 1459 1060 auditi.
1486 1029 1603 1060 Graev.

898 1078 1012 1109 Probo
1029 1080 1117 1119 quod
1134 1080 1272 1111 Graevio
1296 1084 1412 1110 nostro
1430 1078 1605 1119 probatur,

898 1129 1031 1159 latratus
1045 1129 1170 1165 auditi,·
1195 1134 1248 1160 est
1271 1130 1360 1160 enim
1384 1139 1426 1160 ex
1450 1128 1606 1159 doctrina

899 1178 1042 1218 Longini
1058 1179 1203 1210 rhetoris
1219 1179 1324 1210 multo
1350 1178 1510 1219 grandior
1534 1187 1605 1209 ser=

898 1239 966 1268 mo,
996 1234 1031 1260 et
1068 1231 1174 1270 magis
1206 1229 1318 1261 factus
1350 1229 1392 1260 ad
1424 1234 1604 1260 terrorem.

898 1280 1050 1311 Tantum
1080 1281 1251 1312 rhetorem
1279 1279 1345 1311 vid.
1374 1279 1431 1310 ubi
1462 1279 1533 1319 agit
1562 1279 1604 1309 de

898 1330 1141 1370 Plethynticis‚
1169 1341 1196 1362 s.
1225 1334 1264 1361 ut
1290 1339 1349 1360 nos
1377 1329 1533 1366 dicimus,
1561 1329 1605 1360 de

897 1380 1092 1411 Plurativis.
1117 1380 1195 1412 Fab.

955 1431 972 1471 ᾧ
1006 1433 1042 1461 15
1071 1431 1156 1461 Nam
1185 1440 1335 1470 aquarum
1351 1430 1404 1461 ille
1420 1429 1602 1470 concursus]

898 1479 966 1510 Ms.
984 1480 1088 1520 Leyd.
1108 1481 1201 1511 mille.
1249 1480 1328 1510 Non
1355 1480 1454 1511 male.
1492 1480 1603 1510 Paulo

897 1533 987 1569 post,
1018 1530 1118 1570 vulgo
1147 1529 1292 1570 legitur:
1325 1528 1604 1569 promontoriorum

896 1580 1029 1611 altitudo
1053 1580 1122 1620 ipsa
1145 1580 1193 1611 ita
1222 1581 1333 1611 similis
1362 1584 1419 1612 est.
1464 1581 1505 1611 In
1534 1580 1602 1612 Ms.

898 1630 1004 1669 Leyd.
1029 1630 1183 1662 disertim
1207 1636 1383 1662 exaratum
1406 1631 1540 1662 invenio
1555 1632 1604 1662 ita

896 1679 988 1709 simul
1016 1683 1073 1712 est.
1124 1681 1171 1712 Et
1203 1681 1252 1711 ita
1283 1681 1417 1722 legend.
1449 1682 1603 1721 postulat

897 1730 1069 1760 sententia
1099 1730 1177 1761 loci.
1223 1731 1346 1762 Statim
1374 1732 1462 1762 enim
1487 1731 1603 1763 subdit

895 1778 1072 1809 coeuntibus
1084 1779 1116 1810 in
1125 1789 1156 1810 se
1167 1781 1388 1820 promontoriis
1397 1781 1494 1811 solida
1506 1781 1603 1811 inter-

895 1828 958 1867 cipi
981 1828 1157 1869 absumique
1180 1830 1317 1869 navigia.
1364 1830 1433 1860 Pro
1454 1830 1603 1870 intercipi

895 1880 984 1911 idem
998 1881 1064 1911 Ms.
1081 1881 1185 1912 habet
1196 1881 1356 1913 intercidi.
1387 1882 1602 1922 Elegantius,

895 1935 933 1962 ut
950 1931 1083 1972 opinor.
1127 1932 1195 1962 Sed
1220 1936 1255 1963 et
1279 1933 1342 1963 snb
1364 1931 1467 1963 finem
1491 1931 1601 1972 ejusd.

896 1991 971 2021 cap.
1003 1981 1105 2012 dicit:
1151 1982 1159 1998 ‘
1178 1982 1354 2013 discedere
1393 1991 1432 2012 ac
1467 1981 1603 2021 sejungi

895 2031 1139 2071 promontoria,
1174 2041 1249 2072 quoe
1285 2032 1410 2072 juncta
1449 2030 1600 2071 fuerant,

896 2081 1088 2113 arbitrere!
1112 2083 1199 2113 Box.

941 2134 1045 2165 Terra>
1060 2134 1194 2174 diffusus
1207 2134 1414 2174 nutrimenta]
1437 2134 1524 2165 Haec
1541 2134 1600 2166 de-

896 2188 974 2215 sunt
990 2184 1023 2214 in
1041 2185 1106 2215 Ms.
1125 2185 1265 2216 l.Voss.
1284 2184 1422 2216 Gronov.
1459 2185 1600 2215 Uncinis

894 2232 1036 2264 includit
1052 2234 1124 2265 haec
1141 2238 1177 2265 et
1194 2233 1277 2264 illud
1295 2234 1365 2272 jam
1381 2234 1470 2275 qnod
1489 2234 1598 2275 sequi-

895 2287 948 2314 tur
963 2282 1001 2314 τὸ
1023 2284 1032 2301 ‘
1048 2283 1226 2315 vicinitas’
1247 2284 1310 2314 Ed.
1341 2285 1452 2324 Bong.

937 2336 954 2375 ᾧ
974 2338 1013 2366 16
1033 2335 1178 2366 Altitudo
1193 2336 1261 2375 ipsa
1276 2336 1321 2366 ita
1337 2335 1462 2375 similis]
1493 2335 1594 2367 Junt.

893 2383 960 2425 ipsa
973 2385 1021 2416 ita
1035 2385 1096 2416 sibi
1110 2385 1222 2415 similis
1235 2388 1291 2416 est.
1317 2385 1434 2416 Graev.

937 2436 954 2475 ᾗ
968 2437 1006 2465 17
1022 2436 1139 2474 Neque,
1150 2434 1220 2474 ὅπη]
1234 2435 1391 2466 Macrob.
1406 2445 1439 2466 v.
1453 2435 1524 2465 Sat.
1544 2437 1596 2466 17.

893 2483 903 2501 ‘
920 2484 969 2514 Ut
991 2485 1196 2515 conniveant
1214 2489 1327 2515 tamen
1344 2484 1481 2523 fabulae,
1497 2485 1597 2515 etin·

893 2538 947 2565 tra
958 2534 1198 2565 conscientiam
1209 2535 1280 2564 veri
1290 2534 1390 2565 fidem
1402 2539 1597 2574 promentes

893 2584 1012 2614 malint
1029 2593 1090 2624 pro
1108 2593 1188 2615 vero
1204 2584 1382 2622 celebrari,
1406 2583 1494 2625 quod
1519 2594 1597 2624 pee-

893 2634 1022 2665 toribus
1037 2635 1189 2665 humanis
1213 2634 1359 2665 dulcedo
1376 2634 1531 2675 fingentis
1548 2634 1597 2665 in-

892 2683 1007 2715 fudit!

935 2735 1039 2774 Metu,
1064 2734 1134 2775 eya]
1165 2735 1249 2766 Tac.
1276 2734 1315 2767 A.
1347 2744 1387 2767 11.
1404 2738 1458 2767 24.
1481 2736 1595 2778 ‘Visa,

892 2785 961 2817 sive
978 2794 1019 2815 ex
1031 2790 1125 2815 metu
1142 2785 1297 2817 credita!
1322 2786 1421 2817 Rern.

936 2835 1024 2866 (ΕΑΒ.
1051 2843 1090 2866 ιι.
1115 2836 1131 2875 ξ
1156 2837 1172 2865 1
1199 2835 1369 2866 Trinacria,²
1383 2846 1491 2867 ‘nomen
1507 2836 1593 2877 fuit]

893 2885 1041 2926 Propter
1060 2886 1122 2917 tria
1143 2885 1232 2926 ἄκρα,
1255 2885 1276 2917 i.
1296 2895 1326 2917 e.
1350 2887 1592 2927 promontoria,
