2101 3419
419 336 504 378 858

421 445 553 473 tantum
570 442 765 474 mutandam
783 443 1034 476 distinctionem
1055 444 1119 476 hoc

420 493 543 525 modo:
574 495 725 534 Sequitur
747 497 899 526 exercitus
919 496 1041 536 prodito
1061 496 1119 527 im-

417 547 562 584 peratore
591 555 643 575 suo
680 549 711 577 et
738 546 803 586 ipse
826 546 965 586 captivus
974 557 987 584 ‚⁶
1019 551 1056 577 ut
1086 547 1119 577 in

421 594 532 625 verbis
558 596 682 636 prodito
711 596 896 636 imperatore
928 607 981 627 suo
1019 598 1120 628 intel-

419 645 545 685 ligatur
568 655 700 686 caussa,
719 656 820 687 quare
843 656 909 678 non
936 647 1120 687 imperator

421 696 537 735 magis,
560 706 659 737 quam
680 697 850 728 exercitus
877 698 1030 738 captivus
1047 698 1119 730 fue-

422 746 500 777 rint.
525 746 629 784 Schts.

464 798 480 837 ᾧ
513 800 550 828 17
587 798 655 828 Una
684 807 782 828 secum
809 798 920 829 victori
945 800 1117 840 tradentes]

421 846 494 878 Iino
524 849 658 878 tradens.
718 849 804 879 Nam
833 850 997 888 praecedit
1034 850 1119 881 ‘Se-

421 898 537 938 quitur
554 898 748 938 exe1·‹·itus‚’
770 899 850 930 item
875 901 884 915 ‘
899 899 989 929 ducit
1005 899 1024 938 3²
1050 910 1119 931 om·

421 948 478 978 nia
494 948 526 978 in
542 949 716 989 singulari.
761 949 900 990 Syllaba
923 960 954 980 es
976 949 1119 981 adhaesit

421 1006 464 1028 ex
480 998 633 1039 sequenti
648 999 656 1014 ‘
672 997 730 1029 et)
757 998 863 1036 Schef.
888 999 1024 1029 Tradens
1037 1009 1118 1030 sane

421 1046 455 1076 in
481 1047 577 1079 Junt.
607 1057 742 1088 quoque
773 1048 952 1088 reperitur.
997 1049 1119 1080 Potest

421 1102 536 1129 tamen
563 1100 701 1140 vulgata
728 1100 874 1132 defendi.
918 1102 1041 1133 Sensus
1068 1112 1119 1132 re-

422 1148 577 1188 spicitur,
607 1154 645 1180 ut
669 1149 701 1180 in
729 1150 799 1189 illo,
820 1151 828 1167 ‘
846 1150 930 1182 Pars
953 1152 985 1181 in
1009 1150 1120 1182 frusta

421 1199 563 1230 secant.'
591 1200 697 1230 Groev.

465 1249 482 1289 ξ
504 1252 544 1279 19
563 1249 660 1280 Tanto
671 1250 811 1289 pulcrior
826 1250 905 1290 ἠως]
936 1251 1015 1291 Ipsa
1032 1252 1118 1283 ratio

422 1298 545 1339 linguae
557 1300 765 1340 postulat,ut
776 1301 942 1331 scribatur
952 1303 1120 1342 pulcrior-a,

422 1354 461 1381 ut
487 1350 642 1391 impressi
668 1351 801 1392 quidam
828 1351 966 1382 liabent.
1011 1353 1120 1384 Miror

421 1400 455 1430 in
484 1400 730 1432 recentioribus
765 1401 842 1431 edd.
877 1401 1031 1432 omnibus
1056 1403 1120 1433 hoc

422 1450 616 1489 neglectum
644 1460 728 1482 esse.
774 1451 875 1490 Nam,
905 1453 962 1492 qui
994 1451 1120 1483 refere-

422 1499 506 1530 bant
535 1499 589 1537 ad,
617 1509 786 1540 pompam,
813 1501 984 1532 debebant
1007 1501 1121 1532 obser-

422 1558 515 1585 vare,
535 1548 651 1588 verba,
675 1551 683 1566 ‘
698 1559 739 1580 ne
763 1550 843 1591 quid
869 1551 1006 1582 deesset
1027 1561 1120 1592 pom-

423 1598 500 1639 pae}
527 1608 589 1639 per
618 1599 777 1639 epicrisin
806 1605 841 1630 et
866 1600 900 1630 in
928 1601 1120 1641 parenthesi

422 1649 515 1680 velut
531 1648 698 1689 interseri,
723 1659 763 1680 ac
787 1654 972 1691 propterea
996 1662 1060 1683 non
1083 1657 1121 1684 ut

422 1698 608 1739 principale
623 1708 722 1738 posse
740 1700 883 1731 attendi.
909 1701 1014 1742 Schef.
1051 1703 1120 1733 Ne-

422 1750 493 1780 scio
508 1750 584 1791 quid
603 1750 656 1781 hic
674 1751 745 1781 viro
760 1750 958 1783 doctissimo
971 1758 1120 1784 mentem

422 1801 640 1832 obnubilarit.
686 1802 778 1834 Quid
796 1802 882 1833 enim
909 1803 1034 1834 clarius
1050 1805 1120 1834 vul-

423 1852 525 1891 gata?
558 1853 656 1883 Tanto
670 1853 806 1893 pulcrior
820 1854 884 1884 hcee
904 1854 1062 1893 Antigono
1074 1865 1119 1887 sc.

422 1902 566 1932 victoria
582 1901 658 1942 fnit,
674 1898 764 1942 iyuam
779 1906 825 1933 tot
836 1903 1015 1935 Alexandro
1029 1905 1122 1936 victo·

421 1950 631 1989 m'oesuermzt.
678 1952 856 1983 Rationem
871 1954 966 1985 addit
979 1964 1040 1985 cur
1050 1955 1121 1987 hacc

424 2000 523 2031 unica
554 2000 694 2031 victoria
725 2000 897 2042 Antigono
927 2002 1031 2035 fuerit
1050 2006 1121 2045 pul-

423 2050 513 2080 crior
526 2054 560 2080 et
577 2049 768 2090 gloriosior,
783 2061 883 2091 quam
901 2056 952 2083 tot
967 2053 1120 2086 victoriae

422 2099 630 2131 Alexandro.
662 2100 752 2133 Quia
768 2101 922 2133 nimirum
940 2103 1013 2134 illos
1027 2104 1120 2145 vicit,

423 2150 543 2192 quibus
560 2150 631 2181 illas
648 2150 806 2182 victorias
826 2158 1030 2184 consecutus
1046 2160 1122 2186 erat

425 2201 632 2232 Alexander.
660 2202 767 2234 Groev.

467 2253 484 2292 ξ
501 2254 541 2282 20
560 2251 724 2282 Exercitni
738 2262 791 2282 suo
803 2253 931 2295 dividit]
955 2255 964 2271 ‘
979 2255 1055 2288 Quo
1069 2259 1121 2287 tu-

420 2302 549 2334 tissimo
579 2302 728 2332 remedio
758 2312 939 2334 consensus
972 2306 1122 2337 multitu-

423 2352 511 2384 dinis
542 2352 771 2392 extenuatur,'
807 2354 886 2384 Tac.
911 2363 960 2385 1v.
997 2355 1041 2386 H.
1068 2358 1121 2387 46.

421 2403 431 2420 ‘
445 2404 570 2435 Rumor
597 2403 782 2434 incesserat
804 2402 892 2443 fore,
917 2409 954 2435 ut
969 2405 1122 2437 Thraces

421 2453 496 2495 (qui
513 2453 675 2484 montium
697 2453 799 2484 editis
826 2454 945 2485 inculti
961 2460 1063 2497 atque
1081 2466 1121 2488 eo

422 2503 571 2534 ferocius
596 2503 787 2543 agitabant)
811 2504 958 2545 disjecti,
979 2507 1122 2548 aliisque

423 2554 616 2585 nationibus
635 2554 808 2594 permixti,
826 2555 980 2587 diversas
1002 2557 1035 2587 in
1055 2563 1122 2588 ter-

423 2616 478 2637 ras
516 2604 768 2636 trahcrentur:'
815 2605 869 2637 Id.
898 2615 947 2637 lv.
992 2606 1036 2638 A.
1067 2611 1121 2639 46.

423 2657 531 2687 Porro
567 2655 609 2686 de
644 2654 951 2695 Argyraspidarum
986 2656 1123 2699 ferocia,

422 2716 489 2737 non
506 2706 570 2737 alio
597 2705 697 2736 modo
723 2705 902 2747 domanda,
931 2707 1065 2739 Probus
1087 2709 1121 2740 in

425 2758 524 2789 Eum.
552 2757 653 2787 Rern.

468 2807 615 2838 Redditis
641 2816 743 2838 eorum
772 2817 838 2846 quae
867 2807 899 2838 in
923 2808 1053 2839 victoria
1076 2819 1122 2840 ce-

422 2857 526 2898 perat]
565 2858 706 2898 Optime
731 2857 827 2889 Junt.
853 2868 926 2888 cum
953 2859 1024 2889 aliis
1043 2860 1120 2891 edd.

426 2907 557 2939 redditis
571 2918 600 2948 q.
619 2908 651 2938 in
668 2918 696 2939 v.
712 2918 738 2939 c.
773 2908 889 2940 Graev.
936 2910 1121 2942 Emendavi

875 349 1017 379 NOTAE
1050 349 1311 381 VARIORUM
1346 351 1393 381 IN

1172 455 1214 477 ex
1226 446 1409 487 impressis,
1420 445 1552 477 redditis
1565 456 1594 487 q.
1607 445 1640 477 in
1649 455 1679 477 υ.
1690 455 1718 477 c.
1742 445 1866 477 Faber.

1215 497 1362 527 Redditis
1376 506 1492 536 eorum,
1505 507 1585 537 quoe,
1600 496 1670 536 ξω]
1709 496 1868 537 Antiqui-

1172 555 1246 577 ores
1272 546 1350 578 edd.
1374 551 1411 578 ut
1426 547 1521 579 Junt.
1541 551 1577 578 et
1600 547 1688 587 aliae,
1703 547 1870 578 omittunt

1171 607 1286 628 eorum.
1331 596 1472 638 Adjecit
1487 598 1716 638 Bongarsius3
1740 607 1759 628 e
1783 598 1869 629 Mss.

1170 647 1288 678 credo.
1320 649 1365 679 Et
1379 652 1493 688 potest
1505 658 1585 678 sane
1603 648 1756 679 tolerari.
1783 647 1868 679 Sub-

1171 697 1328 728 audiend.
1346 703 1459 729 autem
1482 698 1623 729 alterum
1641 707 1794 738 pronon).
1811 696 1870 728 de-

1169 752 1310 779 monstr.
1325 748 1399 789 illis,
1413 748 1501 789 quod
1519 758 1598 779 sane
1612 749 1788 779 relativum
1803 757 1869 779 non

1170 807 1246 828 raro
1263 798 1476 830 subauditur.
1500 798 1579 830 Vid.
1591 798 1669 829 Ind.
1683 798 1717 828 in
1732 798 1820 839 Nep.
1835 808 1868 829 v.

1170 849 1309 888 Ellipsz'S.
1332 849 1449 880 Vorst.

1213 899 1229 938 ᾗ
1242 901 1281 928 21
1299 899 1466 937 Eumenen,
1480 898 1548 939 eya]
1563 899 1734 930 Saxoxlv.
1749 909 1781 939 p.
1793 901 1870 930 354.

1168 951 1222 979 45.
1260 949 1269 965 ‘
1288 949 1398 981 Quem
1415 959 1474 979 rex
1496 950 1684 990 praeteritae
1709 950 1869 981 amicitiae

1169 999 1377 1030 verecundia
1392 1001 1762 1041 consurgerejussum,’
1779 1002 1843 1032 &m

1213 1049 1380 1088 Assignarz'
1392 1050 1569 1080 custodibus
1574 1049 1740 1090 proecepit]
1752 1049 1783 1081 A
1797 1050 1871 1091 qui-

1172 1099 1230 1129 bus
1259 1099 1435 1139 jugulatus
1469 1104 1532 1130 est.
1588 1100 1683 1131 Plut.
1722 1099 1869 1131 Probus.

1171 1152 1328 1190 Bongars.
1372 1152 1464 1183 Mira
1485 1152 1628 1192 locutio,
1650 1152 1799 1193 proecepit
1821 1162 1871 1183 as-

1169 1203 1303 1241 signari,
1331 1203 1426 1243 quasi
1453 1212 1517 1233 non
1543 1203 1616 1243 ipse
1634 1202 1871 1243 assignaverit.

1171 1252 1352 1293 Cogitand.
1370 1262 1412 1283 an
1429 1262 1495 1283 non
1521 1252 1698 1292 scripserit
1720 1253 1809 1285 Just.
1823 1262 1871 1283 as-

1169 1302 1287 1333 servari
1304 1303 1475 1333 custodibus
1487 1303 1643 1343 praecepit.
1689 1303 1767 1334 Non
1786 1303 1869 1334 mul-

1171 1356 1241 1383 tum
1260 1353 1419 1383 dissimile
1435 1353 1517 1383 illud
1535 1353 1605 1383 Cic.
1619 1362 1655 1384 x.
1671 1353 1713 1384 ad
1729 1352 1804 1385 Att.
1818 1356 1870 1384 18.

1169 1404 1178 1420 ‘
1197 1403 1331 1443 Majore
1354 1403 1602 1444 impedimento
1617 1403 1754 1435 fuerunt
1769 1414 1869 1445 quam

1171 1454 1350 1493 custodiae,
1367 1455 1488 1495 quibus
1505 1454 1684 1486 asservor.'
1707 1454 1815 1492 Schef.

1215 1506 1302 1537 CAP.
1316 1515 1351 1538 v.
1378 1507 1393 1546 ξ
1412 1509 1428 1536 l
1465 1506 1507 1536 Ut
1524 1505 1779 1546 Polyperchonte]
1805 1505 1872 1536 Hie

1172 1557 1412 1598 Polyperchon
1435 1556 1470 1587 in
1498 1556 1667 1587 Graeciam
1691 1556 1792 1596 redit,
1816 1556 1874 1598 qui

1172 1607 1233 1638 sub
1247 1606 1348 1638 finem
1375 1616 1477 1647 praec.
1493 1606 1571 1637 libri
1595 1606 1786 1638 occiditur:
1810 1607 1873 1637 nisi

1171 1657 1276 1697 igitur
1301 1658 1346 1688 sit
1370 1656 1498 1698 ὕστερον
1526 1655 1683 1698 πρότερον,
1716 1666 1782 1688 non
1813 1666 1872 1688 ex-

1171 1708 1343 1740 cusabitur
1372 1709 1427 1739 hic
1462 1708 1568 1739 locus.
1621 1708 1701 1745 Sed,
1735 1712 1773 1739 ut
1797 1707 1871 1748 jam

1171 1757 1332 1797 diximus,
1355 1759 1460 1789 multa
1477 1757 1573 1789 nobis
1590 1758 1653 1790 hoc
1676 1758 1710 1789 in
1732 1758 1819 1790 libro
1836 1762 1873 1790 et

1173 1807 1206 1838 in
1221 1808 1294 1838 aliis
1310 1808 1551 1839 dissimulanda
1564 1813 1652 1840 sunt.
1678 1809 1828 1840 Glarean.

1212 1857 1403 1889 Arcessitam
1416 1857 1616 1898 Olympiada]
1642 1858 1743 1890 Diod.
1759 1867 1871 1890 xvlu.

1171 1910 1225 1939 57.
1250 1908 1359 1947 Bong.

1216 1958 1232 1997 ξ
1271 1960 1291 1988 2
1320 1957 1470 1988 Muliebri
1496 1957 1690 1989 oemulatione
1715 1957 1873 1998 perculsa]

1171 2007 1248 2038 Val.
1287 2007 1338 2038 M.
1367 2007 1499 2039 diceret
1537 2008 1546 2024 ‘
1573 2008 1787 2039 aemulatione
1821 2009 1872 2039 in-

1171 2056 1321 2088 stincta.’
1370 2057 1427 2088 Ita
1442 2058 1530 2088 enim
1548 2058 1604 2088 ille
1620 2066 1671 2088 rx.
1688 2060 1719 2089 2.
1744 2059 1822 2090 Ext.
1840 2061 1873 2089 8.

1172 2110 1218 2140 Et
1240 2109 1320 2140 alibi
1350 2110 1421 2150 pari
1446 2109 1557 2150 modo,
1580 2110 1590 2126 ‘
1608 2110 1803 2151 arrogantia
1826 2110 1875 2141 in·

1172 2159 1342 2199 stinctus‚’
1365 2160 1375 2176 ‘
1390 2169 1507 2191 errore
1527 2159 1732 2192 instinctus!
1754 2160 1832 2192 Vid.
1848 2170 1873 2190 1.

1172 2213 1202 2241 5.
1237 2210 1315 2241 Ext.
1333 2213 1361 2241 1.
1379 2214 1415 2241 et
1430 2219 1485 2241 111.
1501 2213 1533 2241 8.
1574 2211 1653 2241 Ext.
1671 2213 1703 2242 3.
1742 2210 1844 2242 Vorst.

1220 2262 1422 2302 Valetudine]
1458 2262 1503 2293 H.
1530 2271 1560 2293 e.
1588 2262 1717 2303 morbo,
1740 2262 1782 2294 de
1805 2272 1871 2304 quo

1174 2311 1266 2342 Nota
1283 2311 1324 2342 ad
1342 2315 1473 2343 X111.2.
1490 2315 1541 2343 ll.
1569 2313 1665 2344 Bern-

1215 2363 1231 2402 ξ
1254 2365 1274 2392 6
1296 2362 1404 2393 Vicino
1419 2361 1575 2402 incendio]
1600 2365 1693 2394 1X.3.
1711 2366 1743 2394 5.
1768 2363 1817 2394 Id.

1213 2411 1333 2451 Armis,
1354 2421 1413 2442 non
1439 2412 1550 2453 muris]
1594 2412 1684 2444 Hinc
1707 2413 1789 2444 illud
1813 2413 1872 2445 Se-

1171 2471 1265 2493 necae
1292 2462 1437 2493 rhetoris
1459 2463 1554 2494 Snas.
1578 2473 1619 2494 11.
1655 2464 1664 2481 ‘
1683 2463 1737 2495 Ibi
1760 2474 1871 2496 muros

1172 2513 1274 2544 habet
1290 2512 1458 2553 [Sparta]‚
1475 2513 1531 2543 ubi
1545 2523 1658 2545 muros
1668 2523 1732 2545 non
1748 2514 1872 2546 habet.'

1172 2563 1227 2594 Ita
1272 2567 1358 2594 vett.
1395 2563 1535 2593 Romani
1578 2564 1872 2605 existimaverunt,

1171 2615 1180 2631 ‘
1199 2615 1386 2645 Romanum
1413 2622 1500 2653 esse,
1526 2622 1590 2643 non
1620 2613 1873 2655 munitionibus,

1173 2664 1231 2695 scd
1249 2664 1350 2694 armis
1367 2672 1493 2703 suaque
1510 2662 1636 2694 virtute
1653 2664 1872 2695 securitatem

1172 2715 1235 2746 sibi
1255 2718 1290 2745 et
1311 2723 1392 2754 opes
1413 2722 1547 2753 parare,
1568 2722 1677 2754 neque
1690 2713 1780 2744 viros
1799 2723 1872 2745 mu—

1172 2765 1229 2804 ris,
1251 2764 1308 2795 sed
1325 2773 1436 2795 muros
1459 2763 1538 2794 viris
1552 2762 1759 2805 defendere‚’
1783 2768 1871 2796 teste

1171 2814 1285 2846 Strab.
1304 2823 1337 2845 v.
1355 2823 1389 2854 p.
1407 2816 1478 2845 162.
1495 2816 1548 2844 20.
1583 2814 1631 2844 Id.

1221 2864 1376 2903 Veterem]
1419 2864 1475 2895 lta
1502 2864 1568 2895 Ms.
1598 2864 1690 2896 Editi
1721 2868 1868 2905 velerum,

1172 2924 1236 2946 non
1256 2919 1359 2946 recte.
1386 2914 1434 2945 Id.
