2174 3424
489 334 574 376 836

532 439 549 478 §
574 439 615 468 12
643 437 758 478 Victus,
781 436 849 477 ξω]
883 437 967 468 Tac.
995 446 1036 468 11.
1061 436 1105 469 A.
1130 440 1184 470 73.

489 488 533 518 de
559 488 785 525 Germanico:
816 489 825 505 ‘
843 489 889 519 Et
915 492 1012 519 erant
1037 489 1094 530 qni
1119 487 1186 520 for-

490 548 592 576 mam,
608 543 759 578 aetatem,
781 548 886 579 genus
908 538 1037 579 mortis,
1052 538 1095 569 ob
1111 548 1187 579 pro-

491 589 718 630 pinquitatem
731 589 834 619 etiam
847 589 1009 628 locorum,
1019 588 1052 619 in
1070 589 1188 630 quibus

489 638 633 678 interiit,
647 639 767 679 Magni
790 638 978 670 Alexandri
999 638 1079 669 fatis
1100 638 1190 669 adae-

491 693 645 731 quarent.
675 689 764 721 Nam
780 693 959 731 utrumque
975 697 1118 730 corpore
1134 688 1191 719 de-

944 343 1087 374 NOTAE
1120 342 1386 373 VARIORUM
1420 341 1471 372 IN

1238 446 1332 476 coro,
1362 445 1483 476 genere
1511 433 1645 475 insigni,
1676 433 1765 465 haud
1794 433 1935 465 multum

1239 488 1378 528 triginta
1399 496 1503 518 anuos
1522 496 1703 527 egressum,
1729 495 1864 516 suorum
1886 485 1938 515 in-

1241 538 1333 568 sidiis
1349 542 1506 568 externas
1518 537 1607 568 inter
1621 541 1739 577 gentes
1753 535 1938 567 occidisse.'

1241 587 1404 618 Vincent.
1434 590 1443 605 ‘
1461 588 1581 618 Victus
1610 591 1721 618 tamen
1751 586 1795 617 ad
1823 590 1939 617 extre-

1243 647 1333 668 mum
1349 637 1425 670 est.'

1001 958 1220 1006 LIBER
1269 958 1429 1006 XIII.

537 1075 629 1107 CAP.
646 1082 670 1105 1.
694 1075 746 1115 §2
770 1073 832 1105 Sed
853 1083 906 1104 nec
924 1095 1038 1104 .....
1055 1072 1191 1104 credide-

493 1123 582 1164 rant]
616 1125 684 1155 Hic
701 1124 828 1155 Noster
849 1123 902 1165 (et
917 1123 990 1164 jam
1007 1127 1108 1154 antea
1123 1122 1192 1153 dic-

495 1177 568 1205 tum
593 1184 613 1205 a
635 1183 689 1204 nie
715 1172 797 1215 fuit)
822 1173 924 1204 habet
949 1173 1073 1213 stylum
1101 1182 1193 1212 saepe

494 1223 714 1263 rhetoricum,
729 1227 775 1261 et,
793 1222 850 1253 ubi
866 1232 900 1253 se
915 1222 1059 1253 materia
1080 1221 1193 1262 offert,

494 1273 645 1304 ostendit
661 1272 741 1303 satis
766 1272 845 1313 quid
865 1272 922 1303 illo
939 1281 1062 1312 genere
1078 1271 1194 1311 possit.

496 1323 590 1363 Lego
606 1323 733 1363 itaque,
748 1331 824 1352 nam
847 1322 910 1352 boc
935 1321 1050 1352 dicere
1066 1322 1194 1353 voluit:

494 1375 531 1403 ut
549 1372 698 1402 invictum
719 1381 823 1410 regem
845 1376 1021 1401 senserant
1044 1370 1114 1412 (vel
1139 1381 1196 1402 ex-

494 1421 585 1462 perti
602 1419 763 1461 fuerant),
774 1421 821 1451 ita
837 1420 1043 1451 immortalem
1058 1430 1120 1450 esse
1135 1430 1197 1451 cre-

495 1470 653 1502 diderant.
692 1470 760 1501 Cui·
775 1470 824 1501 ita
840 1470 1042 1510 existimem,
1055 1470 1129 1501 haec
1146 1480 1198 1501 ra-

495 1520 546 1551 tio
569 1524 632 1560 est,
655 1519 744 1560 quod
769 1529 940 1561 nunquam
963 1520 1198 1552 Alexandrum

495 1570 660 1602 invictum
677 1570 714 1612 (i.
731 1580 760 1601 e.
778 1575 815 1601 ut
829 1570 931 1601 hodie
949 1570 1129 1611 loquimur,
1150 1571 1200 1601 in-

495 1619 710 1661 vincibilem)
725 1620 964 1652 crediderant:
990 1620 1016 1651 si
1038 1620 1127 1651 enim
1151 1625 1199 1651 ta-

496 1671 564 1702 lem
578 1680 652 1701 esse
666 1671 759 1701 illum
772 1670 1007 1709 credidissent,
1019 1680 1200 1712 nunquam,

499 1721 668 1762 profecto,
684 1726 805 1752 contra
821 1721 914 1751 illum
937 1730 1028 1751 arma
1044 1721 1201 1761 sumpsis-

497 1776 586 1802 sent.
632 1771 710 1802 Hoc
727 1771 768 1801 ad
780 1770 904 1811 judicii
920 1770 1201 1802 exercitationem

498 1820 616 1853 facere
635 1821 773 1862 poterit.
799 1821 878 1852 Fab.

546 1872 636 1907 Quod
651 1875 686 1903 ut
701 1872 850 1903 invictum
872 1881 988 1910 regem,
1008 1871 1055 1901 ila
1076 1870 1201 1901 immor-

497 1923 593 1952 talem
614 1932 677 1952 essc
700 1922 910 1962 crediderant]
945 1920 1039 1952 Nihil
1069 1924 1203 1960 poterat

499 1971 569 2002 dici
600 1971 789 2011 rotundius,
818 1971 865 2001 nil
895 1970 1080 2001 venustius·
1128 1969 1202 2000 111ae

501 2021 648 2052 devictae
666 2025 796 2061 gentes,
814 2030 890 2051 cum
912 2019 1143 2050 Alexandrum
1160 2028 1203 2049 ex

502 2072 656 2103 omnibus
673 2072 799 2112 proeliis
813 2076 848 2102 et
864 2070 1022 2111 periculis
1040 2070 1203 2100 victorem

502 2131 543 2152 ac
560 2122 721 2162 sospitem
736 2122 885 2152 evasisse
905 2120 1073 2159 audirent,
1097 2119 1204 2150 credi-

503 2170 625 2202 derant
647 2171 765 2212 utique
792 2171 955 2202 invictum
980 2179 1052 2201 esse
1079 2179 1207 2210 regem,

505 2225 543 2252 et
567 2221 659 2251 nulla
680 2221 825 2252 humana
848 2221 881 2251 vi
905 2230 1006 2261 posse
1032 2221 1204 2261 superari:

503 2275 541 2302 et
567 2272 645 2312 quia
668 2271 760 2302 illum
783 2271 947 2301 invictum
972 2279 1045 2301 esse
1071 2278 1207 2310 persna-

504 2331 578 2352 sum
593 2321 777 2360 habebant,
799 2320 968 2361 putabant
990 2328 1124 2360 quoqne
1147 2319 1205 2349 im-

503 2371 682 2402 mortalem
699 2379 784 2410 esse,
801 2376 837 2401 et
853 2380 894 2400 ne
911 2379 930 2400 a
946 2374 1054 2400 morte
1071 2369 1206 2410 quidem

505 2420 616 2461 subigi
656 2430 763 2461 posse.
808 2421 887 2451 Non
923 2420 987 2451 hoc
1018 2419 1207 2451 credebant

505 2475 637 2510 gentes,
648 2480 721 2501 cum
736 2470 801 2501 illis
811 2470 936 2501 belluni
950 2468 1094 2501 inferret
1103 2469 1207 2500 Alex-

506 2521 632 2561 ander;
656 2522 803 2563 alioquin
830 2531 946 2552 manus
972 2531 1049 2553 cum
1074 2531 1113 2552 eo
1140 2530 1208 2552 non

507 2572 777 2611 conseruissent3
804 2572 864 2603 sed
886 2577 1066 2613 postquam
1087 2571 1128 2603 ab
1152 2572 1210 2603 illo

509 2621 655 2652 devictae
673 2621 851 2653 audierant
874 2632 950 2653 eum
967 2622 1090 2663 ubique
1107 2621 1212 2653 invic-

507 2674 581 2702 tum
596 2680 682 2709 esse,
697 2681 861 2712 nusquam
878 2670 1072 2704 offendisse.
1119 2671 1213 2703 Nihil

508 2719 543 2751 in
568 2720 631 2751 hoc
655 2721 810 2752 acumine
834 2722 924 2762 quod
962 2721 1212 2762 reprehendant

509 2770 566 2800 vel
594 2770 801 2807 κριτικώτατοι
830 2772 995 2802 Rlietores
1024 2772 1210 2812 reperient.

514 2820 621 2851 Groev.

556 2873 573 2910 ἑ)
602 2874 620 2902 3
654 2872 808 2904 I'ra‘senii
835 2872 946 2912 morte]
990 2871 1212 2914 Antiquiores

1245 1073 1336 1113 typis
1354 1071 1507 1114 expressi
1519 1071 1669 1113 praesenti
1683 1070 1785 1102 morti.
1829 1071 1875 1102 Et
1897 1069 1946 1101 di-

1245 1124 1334 1155 citur
1364 1133 1444 1155 sane
1475 1128 1669 1164 utrumque.
1713 1121 1835 1153 Altera
1866 1131 1946 1153 con-

1247 1175 1392 1206 structio
1412 1174 1452 1205 fit
1477 1174 1509 1205 vi
1537 1173 1811 1214 praepositionis3
1834 1181 1948 1213 qnem-

1248 1223 1426 1255 admodum
1444 1234 1517 1265 sup.
1532 1225 1540 1240 ‘
1553 1224 1766 1264 illacrymare
1783 1220 1949 1254 mortem.'

1253 1273 1327 1305 Vor.

1294 1325 1311 1364 ξ
1335 1327 1352 1354 5
1379 1323 1488 1354 M'ater
1509 1333 1623 1364 quoque
1638 1322 1749 1362 Darii]
1779 1321 1950 1363 Sysigam-

1249 1374 1301 1405 bis
1316 1379 1424 1406 mater
1440 1374 1535 1404 Darii
1552 1373 1662 1404 inedia
1677 1377 1812 1403 mortua
1822 1372 1952 1413 quinto,

1251 1428 1431 1464 postquam
1447 1424 1532 1454 mori
1555 1427 1737 1462 statuerat,
1759 1422 1826 1454 die.
1853 1422 1950 1453 Curt.

1253 1482 1287 1505 x.
1303 1478 1333 1505 5.
1350 1476 1401 1504 39.
1426 1474 1525 1505 Bern.

1295 1523 1364 1554 Sibi
1384 1524 1452 1564 ipsu
1476 1521 1639 1562 conscivit]
1665 1521 1798 1562 Vulgus
1822 1520 1954 1553 diceret

1252 1573 1262 1590 ‘
1276 1573 1340 1605 sibi
1356 1573 1445 1614 ipsi!
1487 1572 1555 1604 Sed
1572 1577 1609 1603 nt
1624 1572 1767 1612 Trogus,
1781 1571 1829 1602 ita
1845 1575 1880 1602 et
1895 1581 1955 1612 op-

1255 1624 1329 1655 timi
1355 1623 1480 1665 quique
1507 1624 1611 1654 locuti
1639 1621 1801 1653 fuerunt:
1826 1621 1899 1653 Cic.
1920 1621 1955 1652 in

1255 1674 1365 1705 Bruto
1382 1677 1432 1705 12.
1455 1674 1464 1691 ‘
1484 1674 1568 1705 Cum
1585 1683 1621 1704 se
1635 1672 1707 1713 ipse
1721 1671 1921 1704 defenderet
1935 1671 1956 1704 :’

1256 1728 1291 1754 et
1306 1723 1348 1754 de
1366 1723 1451 1763 Opt.
1470 1723 1559 1755 Gen.
1576 1723 1677 1754 Orat.
1698 1725 1728 1753 3.
1765 1723 1774 1739 ‘
1790 1721 1956 1755 Quoniam

1257 1783 1292 1805 se
1305 1774 1377 1814 ipse
1391 1774 1544 1805 consulto
1558 1773 1599 1804 ad
1613 1773 1817 1804 minutarum
1831 1781 1957 1812 genera

1255 1834 1430 1855 causarum
1448 1823 1639 1854 limaverit?
1668 1823 1753 1854 Caes.
1769 1831 1835 1854 vn.
1851 1823 1892 1853 B.
1909 1822 1955 1853 G.

1254 1876 1309 1905 70.
1332 1874 1341 1890 ‘
1358 1873 1401 1904 Se
1417 1873 1482 1914 ipsi
1498 1872 1715 1903 multitudine
1730 1872 1922 1912 impediunt
1935 1871 1957 1904 :’

1256 1927 1292 1954 et
1307 1922 1379 1954 Liv.
1392 1926 1483 1954 V1.2.
1506 1923 1515 1940 ‘
1530 1924 1578 1954 Ut
1595 1923 1682 1953 vallo
1696 1923 1819 1963 seipsi,
1833 1923 1957 1954 vallum

1256 1973 1427 2012 congestis
1465 1973 1642 2003 arboribus
1685 1971 1858 2013 sepirent!
1903 1972 1957 2004 Id.

1256 2032 1345 2054 xxx.
1360 2026 1410 2054 15.
1433 2024 1442 2040 ⁴
1456 2023 1526 2054 Sibi
1544 2023 1617 2063 ipsa
1628 2022 1840 2054 consuleret.'
1860 2023 1959 2053 Gron.

1299 2074 1357 2113 §7
1384 2074 1500 2103 Contra
1530 2073 1714 2103 Macedones
1749 2081 1837 2103 versa
1873 2072 1956 2112 vice]

1257 2123 1363 2153 Vides
1390 2123 1463 2153 haec
1485 2122 1564 2161 duo,
1584 2125 1692 2152 contra
1718 2125 1753 2152 et
1774 2131 1862 2151 versa
1884 2121 1958 2152 rice.

1258 2172 1471 2204 Alterutrum
1500 2172 1668 2212 glossema
1692 2180 1766 2201 esse
1791 2170 1891 2209 dico;
1915 2170 1961 2201 al-

1259 2228 1368 2254 terum
1399 2222 1487 2252 enim
1518 2221 1657 2252 alterius
1683 2219 1869 2260 explicatio
1896 2224 1959 2251 est.

1258 2273 1338 2312 Ipse
1356 2271 1490 2312 quidem
1505 2271 1538 2301 h.
1556 2270 1578 2300 l.
1595 2273 1701 2300 contra
1720 2269 1959 2309 amplecterer,

1259 2327 1295 2353 at
1309 2331 1396 2352 versa
1411 2321 1476 2352 vice
1493 2321 1685 2360 rejicerem,
1710 2324 1746 2350 et
1767 2320 1847 2350 hinc
1872 2329 1961 2350 amo-

1259 2372 1350 2403 lirer.
1370 2371 1477 2402 Faber.
1518 2370 1640 2401 Nescio
1656 2380 1697 2400 an
1715 2379 1779 2400 non
1795 2369 1876 2401 illud
1892 2380 1962 2401 con-

1260 2426 1311 2453 tra
1340 2420 1535 2462 glossatoris
1566 2420 1611 2450 sit
1647 2419 1849 2451 habendum.
1905 2419 1961 2451 Id.

1261 2472 1348 2503 enim
1365 2474 1469 2502 contra
1484 2475 1519 2501 et
1534 2479 1621 2501 versa
1636 2470 1712 2500 vice.
1735 2468 1847 2500 Schef.
1883 2470 1963 2500 Tes-

1262 2526 1355 2553 tatur
1366 2520 1419 2551 hic
1432 2520 1581 2551 Notator
1594 2519 1802 2559 Anglicanus
1815 2518 1963 2549 Fabrum

1261 2580 1349 2602 versa
1383 2571 1450 2602 vice
1486 2575 1647 2611 tanquam
1684 2570 1793 2600 otiosa
1837 2568 1966 2601 delere.

1262 2623 1403 2653 Mallem
1425 2621 1508 2652 illud
1534 2624 1642 2652 contra
1667 2619 1866 2661 glossatoris
1892 2629 1965 2651 cre-

1265 2671 1357 2703 dere.
1400 2670 1467 2702 Sed
1485 2670 1553 2702 vid.
1570 2679 1719 2701 xxxvii.
1737 2672 1767 2701 l.
1782 2672 1814 2701 9.
1839 2669 1949 2700 Groev.

1307 2722 1368 2762 §9
1393 2722 1435 2751 Et
1464 2721 1498 2751 in
1528 2729 1628 2750 annuo
1660 2720 1807 2759 vectigali
1847 2719 1964 2750 tribuco

1267 2779 1342 2802 ccc.
1360 2769 1474 2808 millia]
1508 2769 1658 2809 Legend.
1677 2778 1764 2800 xxx.
1788 2769 1887 2799 millia
1903 2778 1965 2809 pro

1267 2829 1341 2852 ccc.
1370 2820 1481 2857 millia,
1505 2824 1644 2850 auctore
1669 2818 1800 2849 Budaeo
1831 2818 1888 2849 lib.
1912 2827 1963 2848 iv.

1268 2871 1310 2902 de
1328 2870 1423 2902 Asse.
1471 2869 1535 2900 Ubi
1560 2878 1625 2900 non
1654 2868 1825 2909 convenit,
1846 2867 1967 2910 inquit,
