2174 3424
587 334 781 364 Jusrmr
818 333 908 363 mu.
944 335 992 364 11.
1026 335 1129 364 οΛν.
1160 325 1200 365 6.

176 436 283 464 terras
306 434 436 461 ceteras
461 429 548 460 ‘non
574 428 724 469 potuisse
747 427 870 468 primas

173 489 334 521 generare
363 479 536 510 homiues.’
594 478 758 508 Privatim
789 487 870 508 vero

172 531 214 561 de
229 529 493 561 Atheniensibus
518 528 699 569 prodidere
715 527 784 567 alii,
796 537 870 558 esse

171 590 229 612 eos
267 578 463 619 αὐτόχθονας,
499 580 651 619 γηγενεῖς,
686 579 870 617 terrigenas.

175 631 244 661 Vor.

213 681 263 720 §5
289 680 407 720 Primi]
445 681 501 711 De
529 679 789 711 Atheniensium
820 679 869 710 in-

169 730 279 761 ventis
306 731 440 761 Lucret.
462 739 510 761 vt.
528 731 600 761 init.
627 731 745 761 AElian.
762 731 804 760 V.
823 730 868 762 H.

169 789 224 811 111.
242 783 293 811 38.
310 781 382 811 Cic.
395 790 455 821 pro
468 781 581 810 Flacc.
595 790 624 811 c.
638 783 689 811 36.
712 781 868 819 Bongars.

171 829 221 860 Ut
246 834 281 860 et
306 829 408 860 Paus.
431 829 465 860 in
491 829 629 860 Atticis.
655 829 766 860 Strab.
789 838 867 860 xrx.

170 879 324 920 Thucyd.
356 883 386 910 1.
424 879 512 910 Vell.
546 879 649 910 Diod.
681 888 705 910 1.
743 879 868 909 Euseb.

173 930 296 960 Clu-on.
313 933 348 960 et
366 929 446 960 alibi
464 929 599 970 passim.
626 930 689 959 Ox.

214 978 505 1018 Sererefruuu'nla]
527 979 613 1009 Inde
635 980 644 995 ‘
658 977 791 1018 frugum
810 989 869 1019 pa-

169 1039 247 1060 rens
257 1029 265 1042 ’
288 1030 359 1060 haec
375 1029 454 1060 urbs
468 1029 660 1069 appellatur
674 1038 692 1059 a
710 1029 798 1059 Flor.
812 1037 867 1059 111.

172 1083 202 1110 5.
222 1082 271 1110 16.
297 1080 394 1110 Bern.
771 1103 776 1108 ,

216 1129 383 1169 Glandem]
409 1130 561 1160 Glandem
576 1129 609 1159 in
627 1128 734 1160 Codd.
750 1128 867 1168 credo,

171 1179 254 1210 Mss.
271 1180 398 1219 reperit
423 1179 531 1218 Bong.
558 1178 703 1218 ideoque
721 1179 769 1209 sic
785 1178 867 1209 scri-

169 1228 271 1259 bend.
287 1229 432 1268 putavit.
470 1228 691 1269 Antiquiores
709 1228 796 1269 typis
811 1238 867 1259 ex-

171 1279 277 1320 pressi
288 1279 413 1309 habent
423 1280 546 1318 glande.
590 1278 744 1309 Alteram
758 1283 867 1309 tamen

171 1332 460 1362 constructionem
486 1336 519 1362 et
544 1329 603 1362 inf.
632 1340 730 1361 κων.
760 1333 791 1362 4.
817 1333 868 1362 11.

170 1382 334 1421 reperias.
388 1381 593 1421 Habentque
624 1381 706 1411 talia
735 1386 770 1412 et
800 1381 868 1412 alii.

170 1431 250 1462 Vid.
269 1431 343 1461 Ind.
364 1440 394 1462 v.
413 1431 509 1462 Vesci.
531 1432 612 1463 Vor.

216 1481 232 1521 ξ
249 1483 269 1511 6
292 1481 408 1511 Literoe
423 1481 518 1521 certe]
542 1481 617 1513 Qua
633 1490 736 1512 causa
762 1480 866 1512 Diod.

174 1539 254 1562 xnt.
269 1533 321 1561 27.
340 1540 391 1570 pr.
409 1529 558 1561 Athenas
577 1537 673 1560 vocat
687 1529 784 1560 κοινὸν
795 1529 868 1560 πάν-

172 1593 233 1610 των
259 1580 418 1621 ἀνθρώπων
441 1579 659 1621 παιδευτὴριον,
686 1591 869 1612 communem

170 1631 306 1662 omnium
320 1632 475 1662 hominum
488 1632 639 1662 scholam:
662 1631 814 1672 Tlincyd.
827 1641 868 1662 11.

172 1684 203 1712 8.
221 1684 273 1713 38.
296 1682 452 1712 παίδευσιν
470 1683 527 1718 τῆς
547 1680 708 1720 Ἑλλάδος,
734 1682 868 1713 Groeciae

171 1732 438 1770 informatricem:
474 1733 546 1764 Cic.
579 1733 620 1763 de
657 1733 755 1763 Orat.
785 1742 809 1765 Ι.
837 1736 868 1765 4.

171 1781 422 1812 ‘doctrinarum
452 1783 598 1813 omnium
629 1782 832 1814 inventrices
847 1783 869 1814 :’

171 1835 207 1861 et
223 1840 269 1863 lv.
301 1832 394 1863 Fam.
414 1835 464 1864 12.
489 1833 497 1849 ‘
512 1832 753 1863 nobilissimum
775 1833 866 1864 orbis

172 1885 336 1912 terrarum
354 1882 587 1922 gymnasium.'
611 1883 709 1913 Bern-

210 1932 329 1963 Literoe
357 1936 439 1964 certe
467 1943 503 1964 ac
524 1932 690 1973 facundia]
728 1933 866 1973 Mirum,

172 1993 271 2024 quam
285 1983 338 2014 hic
353 1984 484 2014 varient
495 1984 579 2014 Mss.
592 1993 716 2014 omnes.
744 1984 784 2014 In
796 1984 868 2024 plu-

173 2032 264 2063 rimis
285 2032 393 2064 Codd.
405 2033 583 2074 legebatur
598 2033 709 2065 Cerioe.
746 2034 786 2064 In
800 2035 866 2065 Ms.

170 2083 278 2123 Lugd.
305 2093 401 2124 quem
430 2083 512 2123 vidi,
536 2084 726 2124 legebatur,
750 2084 868 2115 Literoe

167 2137 373 2172 gregrecerte.
418 2133 519 2164 Unde
542 2144 607 2174 ego
630 2133 865 2174 conjiciebam,

170 2184 287 2215 Literoe
301 2185 436 2224 egregioe
446 2188 540 2225 certe,
552 2196 588 2216 αι·
596 2184 761 2225 facundia,
773 2189 802 2216 et
816 2186 867 2217 hic

170 2235 271 2266 civilis
283 2237 356 2266 ordo
370 2236 577 2275 disciplinam,
592 2238 645 2276 ᾅτ.
690 2236 782 2268 Quas
806 2238 815 2253 ⁴
828 2237 866 2267 li-

170 2288 260 2315 teras
276 2285 430 2326 egregias
441 2284 449 2297 '
473 2289 572 2316 vocet
587 2285 754 2324 Justinns,
766 2295 866 2316 nemo

169 2343 234 2365 non
251 2335 356 2366 videt.
369 2337 468 2367 Voss.
515 2336 594 2367 Noli
610 2335 769 2367 dubitare
785 2336 866 2377 quin

169 2386 341 2417 verissima
364 2387 408 2418 sit
422 2388 502 2418 lect.
526 2386 656 2424 Literae,
676 2387 865 2425 ceremoniae,

167 2446 203 2467 ac
218 2435 384 2476 facundia,
407 2438 459 2476 Syc.
503 2437 604 2468 Hanc
628 2437 709 2467 lect.
725 2435 867 2477 praefert

168 2486 270 2517 etiam
288 2487 364 2518 cod.
379 2488 584 2518 'shuanaeus
607 2487 658 2518 Id.

213 2537 265 2578 §7
291 2537 408 2576 Regem
433 2537 564 2567 habuere
595 2535 772 2576 Cecropem]
810 2537 865 2567 De

169 2591 261 2618 statu
278 2592 313 2618 et
332 2587 572 2618 mutationibus
593 2586 792 2627 reipublicae
820 2586 866 2617 A-

171 2637 406 2677 theniensium,
420 2638 527 2668 multa
544 2637 658 2677 paucis
673 2637 795 2668 Strabo
808 2637 866 2667 lib.

169 2697 222 2720 lx.
256 2688 337 2720 vid.
367 2692 402 2719 et
439 2698 513 2729 quae
546 2688 749 2719 Paterculus
779 2697 803 2718 1.
835 2690 867 2718 2.

170 2738 323 2768 Primum
353 2747 468 2778 regem
497 2737 630 2769 faciunt
658 2738 866 2778 Cecropem:

170 2788 226 2818 alii
242 2788 409 2826 Actaeum,
426 2798 452 2819 s.
471 2787 668 2819 Actaeonem
685 2786 867 2826 αὐτόχθονα.

171 2837 274 2870 Paus.
304 2837 442 2874 Atticis,
470 2839 629 2869 Eustath.
660 2838 693 2868 in
722 2838 867 2878 Dionys.

172 2887 239 2917 alii.
297 2889 352 2919 De
380 2888 480 2919 variis
507 2888 791 2928 appellationibus
822 2887 867 2918 A-

175 2936 412 2979 theniensium,
427 2939 638 2980 praeterjam
651 2939 784 2979 citatos,
801 2938 866 2970 vid.

1531 324 1617 366 6439

922 427 1052 459 Herod.
1069 438 1147 459 vni.
1163 431 1216 460 44.
1243 430 1346 468 Bong.

968 479 1010 509 Ut
1026 479 1124 510 omnis
1135 479 1456 519 antiquitasfabulosu
1467 479 1527 519 est]
1550 479 1616 510 Ins.

920 538 970 560 1v.
1000 532 1029 560 1.
1055 532 1086 559 8.
1112 530 1243 560 Bernec.
1296 529 1540 559 ‘Fabulosum'
1563 530 1616 559 bic

920 584 1028 619 certe,
1043 589 1107 610 nou
1118 579 1206 610 idem
1220 583 1270 610 est
1282 578 1369 620 quod
1382 578 1514 618 falsum,
1527 580 1615 619 quod

920 630 1207 668 commentitium3
1231 628 1290 660 sed
1307 628 1462 669 id,quod,
1479 629 1544 660 etsi
1561 639 1616 659 ve-

919 690 992 711 rum
1009 685 1075 719 est,
1090 679 1219 710 fabulas
1232 684 1346 710 tamen
1361 679 1392 709 in
1409 688 1481 708 sese
1498 679 1618 709 admis-

920 735 970 762 tas
987 731 1101 769 habet,
1117 735 1173 761 aut
1190 731 1232 760 de
1259 740 1324 770 quo
1351 730 1467 760 multae
1492 728 1615 760 fabulae

918 785 1111 811 narrantur.
1158 780 1248 811 Hinc.
1271 784 1323 810 est
1349 778 1437 820 quod
1455 789 1503 810 lv.
1522 782 1550 809 l.
1570 780 1616 809 le-

919 840 1001 870 ges:
1026 831 1034 847 ‘
1048 830 1122 861 Nec
1141 830 1260 860 mirum
1276 830 1302 860 si
1315 828 1469 859 fabulosa
1484 834 1536 860 est
1552 830 1616 859 loci

918 880 1017 920 hujus
1048 880 1244 921 antiquitas,
1280 879 1313 909 in
1348 889 1446 920 quem
1478 889 1530 910 res
1567 884 1618 910 tot

919 931 1029 961 coiere
1046 929 1165 961 mirae!
1209 930 1265 961 Sic
1285 934 1320 960 et
1335 939 1389 970 ap.
1407 929 1528 960 Horat.
1547 930 1617 970 Hy-

917 981 1024 1021 daspes
1036 980 1216 1018 fabulosus:
1238 984 1246 997 ‘
1259 981 1324 1011 Vei
1341 990 1416 1020 quae
1433 981 1508 1011 loca
1521 979 1616 1011 fabu-

918 1031 1008 1061 losus
1026 1031 1164 1062 Lambit
1180 1030 1385 1070 Hydaspes!
1432 1030 1511 1061 Non
1527 1031 1616 1072 quod

917 1082 1025 1114 Indiae
1041 1081 1163 1112 fluvius
1177 1091 1242 1112 non
1257 1081 1300 1112 sit
1311 1080 1507 1121 Hydaspes,
1522 1081 1614 1121 (nam

919 1142 937 1162 e
954 1137 1022 1163 vet.
1040 1131 1257 1172 Geographia
1277 1135 1423 1171 constat,
1443 1131 1515 1171 ejus
1532 1131 1618 1170 regi-

918 1183 991 1213 onis
1021 1181 1160 1213 fluvium
1198 1191 1274 1212 esse
1304 1180 1520 1222 Hydaspem)
1556 1181 1615 1211 sed

920 1233 1009 1273 quod
1024 1234 1064 1263 de
1077 1233 1134 1263 illo
1149 1232 1255 1263 multa
1267 1231 1411 1262 fabulati
1422 1237 1549 1270 esseut,
1562 1232 1616 1262 vel

920 1283 1036 1314 Poe'tae
1055 1284 1107 1314 vel
1124 1283 1172 1313 illi
1188 1287 1367 1323 nugatores
1385 1281 1546 1319 Graeculi,
1558 1281 1615 1321 qui

920 1338 977 1364 aut
992 1333 1193 1372 Alexandri,
1212 1337 1269 1363 aut
1286 1331 1427 1370 Bacchi,
1446 1336 1504 1362 aut
1529 1332 1615 1361 Per-

920 1383 981 1423 sei,
1005 1384 1049 1424 (si
1068 1384 1147 1414 illuc
1164 1392 1298 1424 quoque
1320 1380 1495 1421 Perseus,)
1512 1391 1616 1421 expe-

919 1434 1064 1465 ditiones
1076 1434 1212 1474 scriptis
1220 1434 1286 1464 suis
1297 1433 1530 1473 prodiderant.
1546 1433 1615 1463 Ne-

919 1495 982 1525 que
1002 1494 1083 1515 vero
1096 1485 1194 1515 aliter
1207 1483 1384 1522 Horatius,
1400 1493 1474 1513 cum
1493 1482 1628 1513 alicubi·

917 1535 1068 1575 scripsit,
1081 1536 1089 1552 ‘
1102 1534 1330 1565 Mefabnlosae
1343 1533 1506 1564 columbae
1519 1537 1615 1563 texe-

919 1589 997 1615 runt
1013 1584 1204 1625 [palumbes
1213 1582 1384 1623 Texere].'
1410 1583 1616 1624 Neque‚ite-

919 1643 990 1663 rum
1004 1633 1093 1671 dico,
1106 1633 1218 1671 aliter,
1233 1642 1308 1664 cum
1323 1632 1468 1663 cecinit:
1493 1633 1569 1664 Jam
1579 1637 1613 1663 te

919 1688 1074 1724 prement
1086 1693 1165 1721 nox,
1176 1682 1364 1723 fabulaeque
1374 1682 1517 1713 Manes?
1542 1682 1571 1712 I.
1584 1691 1615 1712 e.

917 1733 1049 1772 Manes,
1062 1732 1104 1763 de
1122 1732 1241 1773 quibus
1256 1731 1332 1762 boni
1344 1732 1405 1762 viri
1422 1736 1491 1762 tam
1507 1732 1616 1762 multa

917 1783 982 1813 sibi
999 1784 1032 1813 in
1050 1782 1160 1813 animo
1170 1781 1313 1821 finxere,
1329 1786 1368 1811 ut
1384 1781 1456 1811 aliis
1473 1782 1615 1811 terricu-

917 1833 1062 1863 lamenta
1083 1832 1286 1872 objicerent.
1332 1830 1509 1861 Ridiculus
1526 1831 1615 1861 enim

917 1887 1008 1913 esset
1025 1882 1201 1921 Horatius,
1218 1882 1245 1912 si
1261 1890 1359 1922 quem
1376 1881 1417 1912 ab
1440 1891 1480 1911 eo
1508 1881 1614 1921 premi

916 1933 1047 1964 diceret
1065 1932 1154 1973 quod
1172 1937 1262 1963 esset
1276 1931 1371 1967 nihil,
1386 1931 1408 1963 i.
1425 1941 1455 1962 e.
1481 1932 1507 1962 si
1525 1937 1616 1962 esset

918 1983 1045 2015 fabula.
1072 1983 1147 2016 Fab.

958 2033 1151 2073 Bifhrmenz]
1184 2033 1296 2072 Διφυῆ.
1320 2031 1446 2063 Euseb.
1471 2035 1507 2062 et
1534 2031 1616 2063 Hie-

917 2093 988 2115 ron.
1003 2084 1036 2114 in
1051 2083 1234 2115 Clironicis.
1258 2083 1351 2113 Plut.
1363 2082 1405 2112 de
1415 2082 1497 2113 Sera
1512 2082 1615 2113 Num.

915 2134 1017 2165 Vind.
1035 2144 1064 2166 c.
1082 2137 1134 2165 11.
1157 2132 1316 2164 Eustath.
1332 2132 1365 2162 in
1382 2131 1523 2172 Dionys.
1536 2131 1616 2162 Vid.

916 2189 949 2215 et
978 2184 1083 2215 Diod.
1116 2193 1140 2215 1.
1166 2186 1219 2214 28.
1248 2183 1290 2213 de
1321 2183 1410 2214 Pete
1442 2182 1615 2213 Mnesthei

917 2238 1026 2274 patre.
1049 2234 1205 2272 Bongars.
1256 2232 1378 2263 Plures
1405 2231 1474 2271 huj.
1502 2232 1620 2272 appel-

916 2284 1050 2314 lationis
1076 2283 1225 2314 rationes
1246 2281 1350 2313 habet
1374 2282 1492 2313 Suidus
1509 2282 1542 2312 in
1560 2281 1615 2312 Κέ-

916 2336 1003 2375 κροψ.
1019 2335 1120 2364 Bern.

959 2386 976 2425 ξ
994 2388 1012 2415 8
1041 2383 1151 2423 Athis]
1186 2382 1305 2414 Scribe
1334 2382 1432 2413 Attis.
1469 2382 1614 2413 Bernec.

916 2436 1034 2467 Scribe
1064 2435 1195 2466 Atthis:
1233 2444 1310 2465 nam
1344 2432 1466 2464 Ἀτθίδα
1496 2438 1617 2464 vocant

917 2486 1042 2518 Graeci.
1097 2485 1176 2516 Vid.
1202 2484 1362 2526 Apollod.
1387 2493 1444 2514 111.
1461 2488 1497 2515 et
1521 2485 1616 2515 alios.

921 2537 1008 2568 Voss.

960 2588 976 2627 ᾗ
993 2589 1013 2616 9
1035 2583 1262 2625 Amphictyon]
1297 2584 1392 2615 Vett.
1428 2583 1615 2624 Amphicty-

917 2637 1034 2668 onides.
1089 2636 1199 2675 Vulgo
1229 2635 1463 2675 Amphitryon:
1502 2638 1538 2664 et
1568 2634 1616 2664 ita

919 2689 1019 2719 Oros.
1052 2687 1118 2717 Ms.
1150 2694 1175 2716 ι.
1197 2687 1228 2715 9.
1263 2685 1389 2715 Verum
1421 2692 1542 2714 nomen
1573 2692 1616 2713 ex

918 2737 1090 2768 Pausania
1113 2734 1267 2767 restituit
1292 2735 1347 2765 Fr.
1376 2733 1553 2764 Fabricius
1581 2733 1615 2763 in

919 2787 1018 2817 Οιόε.
1036 2790 1071 2817 et
1085 2785 1235 2818 Justino.
1273 2784 1318 2814 Et
1336 2793 1378 2814 ex
1402 2783 1486 2813 Mss.
1504 2792 1615 2813 emen-

918 2837 1030 2867 danda
1046 2840 1099 2866 est
1115 2835 1169 2866 ed.
1197 2834 1437 2865 Clironicorum
1462 2833 1616 2872 Eusebii,

919 2898 992 2929 quae
1019 2887 1278 2927 Amphitryonem
1303 2885 1455 2926 quintum
1472 2884 1615 2915 Atheni-

920 2937 1049 2969 ensium
1062 2945 1175 2977 regem
1187 2935 1287 2974 facit;
1305 2944 1405 2976 quum
1415 2933 1459 2965 sit
1470 2933 1615 2974 Amphic-
