2101 3419
415 374 499 416 990

412 472 478 503 huc
507 470 680 504 referend.
712 476 749 504 et
784 472 875 515 quod
903 473 1028 514 legitur
1057 483 1112 514 ap.

413 523 532 554 Nostr.
557 532 641 555 xnt.
673 526 703 555 1.
729 524 879 556 ‘Contra
902 524 1112 556 Macedones

412 582 511 603 versa
526 573 621 613 vice,'
635 574 668 605 in
683 584 749 615 quo
765 574 1013 606 similiterillud
1025 585 1114 606 versa

410 623 476 654 vice
489 623 600 654 Faber
613 623 714 656 delet.
747 624 856 662 Schef.

460 673 582 714 Victus]
605 674 796 706 Praestaret
812 675 945 715 abesse,
960 675 1059 707 sicuti
1077 676 1110 707 in

409 722 508 755 Junt.
524 729 620 755 recte
645 724 753 756 abest.
781 725 892 756 Groev.
936 725 992 756 Ab
1013 726 1110 758 Junt.

411 773 529 813 abest3
556 778 663 816 recte,
690 785 731 806 ex
757 775 888 816 jndicio
916 776 1047 808 Graevii
1074 781 1110 808 et

409 833 496 855 meo.
525 824 637 857 Faber.
683 825 737 857 Ab
763 826 860 858 Junt.
895 826 1015 858 abest:
1047 837 1109 858 nec

408 876 507 908 male.
535 876 639 908 Vorst.
687 878 740 908 De
767 883 874 909 morte
901 878 1110 910 Mithridatis

409 926 499 957 inter
527 936 562 958 se
593 927 800 959 dissentiunt
825 933 995 960 auctores.
1040 929 1110 960 Dio

410 977 504 1008 Cass.
522 986 684 1009 xxxvul.
708 981 760 1010 12.
783 979 878 1010 illum
895 989 914 1010 a
930 979 1109 1010 Pharnace

407 1026 476 1057 filio
501 1027 723 1059 interfectum
750 1027 855 1060 fuisse
880 1029 1018 1060 scribit:
1052 1028 1111 1059 Τόν

405 1089 443 1107 τε
467 1076 585 1118 πατέρα
604 1078 635 1110 ἐς
654 1077 690 1109 τὸ
716 1078 876 1114 βασίλειον
890 1079 1110 1119 καταφυγόντα

405 1125 590 1159 ἀπέκτεινεν.
615 1129 661 1160 Et
684 1129 832 1160 Dionem
860 1130 1014 1170 sequitur
1044 1130 1109 1161 Zo-

406 1187 479 1209 nar.
497 1187 531 1208 x.
545 1182 578 1209 5.
595 1177 737 1217 Ἠγγέλη
751 1178 807 1215 μέν
829 1191 878 1209 τοι
902 1179 986 1218 αὐτῷ
1010 1181 1109 1220 [Πομ-

404 1228 498 1269 πηΐῳ]
511 1230 638 1261 τεθνεὼς
650 1229 700 1260 καὶ
713 1231 729 1260 ὃ
744 1229 939 1271 Μιθριδάτης,
953 1230 1109 1271 Φαρνάκου

402 1280 459 1309 τοῦ
488 1279 552 1310 υἱοῦ
577 1280 824 1320 διαχρησαμένων
850 1281 954 1311 αὐτόν.
1002 1282 1106 1313 Oros.

403 1338 484 1359 vero
498 1338 546 1361 v1.
560 1334 591 1360 5.
611 1330 846 1361 Mithridatem
859 1331 992 1362 Gallum
1003 1340 1106 1372 quen-

403 1377 478 1408 dam
495 1379 637 1410 militem
652 1379 824 1418 invitasse,
837 1381 936 1421 eique
948 1381 1105 1421 jugulum

402 1428 601 1468 praebuisse,
628 1428 757 1460 refert:
784 1430 941 1472 idemque
965 1430 1106 1461 tradunt

401 1478 489 1508 Livii
518 1479 607 1519 Epir.
635 1488 700 1511 cu.
728 1484 763 1511 et
786 1480 918 1512 Auctor
945 1481 987 1512 dc
1012 1481 1105 1512 Viris

401 1528 523 1560 illustr.
541 1539 615 1569 cap.
634 1533 687 1561 76.
705 1535 807 1571 atque
826 1530 973 1572 Appian.
997 1531 1039 1562 de
1063 1532 1105 1563 Β.

400 1579 523 1609 Mithr.
539 1590 571 1620 p.
586 1583 661 1612 410.
686 1581 743 1612 ubi
761 1582 802 1612 de
819 1583 1020 1614 Mithridate
1034 1583 1102 1614 ait:

399 1630 537 1662 Βίτωτον
558 1630 611 1663 οὖν
632 1644 702 1662 τινα
725 1632 951 1672 ἰδὼν,7“νγεμόνα
965 1636 1102 1672 Κελτῶν,

400 1682 510 1713 Πολλὰ
523 1681 580 1721 μὲν
595 1683 629 1713 ἐκ
644 1685 700 1721 τῆς
723 1685 792 1725 σῆς,
807 1683 878 1724 ἔφη,
891 1686 986 1724 δεξιᾶς
1003 1685 1033 1716 ἐς
1049 1697 1103 1715 πο-

397 1732 521 1771 λεμίους
533 1733 663 1773 ὠνάμην·
680 1733 833 1773 ὠνήσομαι
845 1736 926 1776 (leg.
940 1734 1102 1777 ὀνήσομαι)

397 1783 430 1813 δὲ
440 1783 599 1823 μέγιστον,
609 1784 634 1815 εἶ
645 1786 697 1816 νῦν
707 1798 743 1823 με
755 1785 972 1826 κατεργάσαιο,
985 1787 1014 1817 ἐς
1025 1799 1102 1825 πομ-

398 1834 459 1870 πὴν
487 1836 662 1874 ἀπαχθῆναι
697 1836 905 1868 κινδυνεύοντα
943 1837 1101 1878 θριάμβου,

396 1883 452 1914 τὸν
461 1884 552 1925 μέχρι
567 1887 687 1916 πολλοῦ
699 1888 832 1924 τοσῆσδε
845 1889 943 1928 ἀρχῆς
954 1889 1101 1929 αὐτοκρά-

396 1945 473 1973 τορα
500 1934 550 1965 καὶ
576 1935 799 1970 βασιλέα....“0
825 1937 882 1976 μὲν
904 1938 940 1975 δὴ
967 1939 1102 1971 Βίτοιτος

397 1984 592 2016 ἐπικλασθεὶς
605 1985 789 2025 ἐπεκούρησε
805 1986 953 2029 χεῇζυντι
964 1990 1100 2023 βασιλεῖ.

440 2035 530 2065 ΟΑΡ.
554 2045 595 2067 11.
643 2038 659 2076 ξ
684 2039 703 2066 2
740 2038 826 2067 Nam
854 2042 883 2068 et
915 2038 987 2077 qno]
1013 2039 1098 2069 Mss.

396 2085 482 2115 Nam
506 2089 536 2116 et
567 2096 599 2116 eo
623 2096 694 2126 qno,
719 2087 846 2118 rectius
870 2087 959 2119 haud
987 2088 1101 2126 dubie,

397 2144 495 2175 quam
520 2135 609 2176 quod
628 2136 760 2168 editur:
796 2137 875 2178 quia
891 2148 968 2168 mox
983 2138 1100 2169 simili-

395 2188 461 2223 ter,
476 2186 484 2202 ‘
500 2190 536 2216 ct
553 2195 592 2216 eo
612 2195 677 2227 quo
705 2195 848 2227 regnare
873 2188 1017 2228 primum
1034 2198 1099 2218 οω-

395 2236 470 2276 pit)
493 2236 599 2274 Schef.
645 2238 702 2269 Sic
734 2242 770 2269 et
792 2243 863 2269 tres
892 2239 967 2269 libri
997 2240 1097 2280 Angl.

398 2287 504 2318 Groev.
552 2287 711 2319 Vincent.
735 2298 783 2319 vr.
811 2292 884 2319 100.
917 2289 1029 2320 ‘Nam
1057 2299 1098 2320 co

394 2337 497 2368 etiam
512 2347 577 2378 quo
594 2348 624 2378 g.
641 2347 672 2369 e.
690 2348 790 2377 anno,
803 2338 906 2369 etiam
920 2343 956 2369 et
972 2348 1013 2370 eo
1030 2348 1096 2380 quo

393 2396 535 2426 regnum
552 2398 603 2428 pr.
620 2388 739 2429 capit!

438 2438 483 2467 Et
510 2448 567 2477 quo
590 2437 716 2476 genitus
746 2442 806 2478 cst,
831 2437 900 2478 ξω]
921 2439 1045 2470 Totum
1062 2439 1094 2471 h.

392 2488 503 2518 locum
515 2488 679 2528 reperias,
688 2488 788 2529 paulo
800 2489 901 2520 aliter
914 2489 1094 2530 scriptum,

391 2547 448 2577 ap.
477 2538 622 2578 Lupum,
660 2537 832 2570 Abbatem
865 2539 1030 2571 Ferrariae
1061 2541 1094 2571 in

390 2588 595 2620 Senonibus.
641 2589 741 2629 Eum,
753 2590 780 2620 si
794 2590 898 2630 voles,
916 2590 943 2621 si
959 2594 1094 2632 teinpus

391 2638 469 2677 erit,
498 2637 654 2670 conferre
682 2640 812 2680 poteris
838 2650 913 2671 cum
930 2641 1094 2672 hodierna

389 2688 558 2728 lectione;
595 2698 672 2721 nam
710 2689 743 2720 in
781 2690 939 2731 qnibusd.
974 2691 1094 2722 melior

390 2739 478 2780 Lupi
504 2739 608 2771 lectio
636 2745 712 2771 erat
743 2751 843 2782 quam
871 2751 946 2783 qnae
973 2742 1007 2773 in
1032 2742 1092 2773 im-

390 2790 515 2829 pressis
543 2793 606 2822 est.
633 2790 747 2832 (Vixit
766 2792 822 2822 ille
838 2793 951 2832 Lupus
969 2792 1092 2824 abhinc

389 2838 499 2870 ferme
520 2841 699 2881 nongentis
715 2840 840 2883 annis.)
885 2843 971 2873 Nam
997 2845 1027 2873 et
1058 2851 1091 2873 eo

389 2900 448 2929 quo
461 2890 587 2929 genitus
602 2894 648 2922 est
670 2902 762 2933 mmo,
785 2895 814 2923 et
831 2902 863 2923 eo
887 2903 945 2933 quo
960 2901 1091 2932 regnare

387 2939 522 2979 primum
536 2941 640 2983 coepit,
655 2942 743 2974 stella
761 2945 890 2975 cometes
903 2952 958 2983 per
973 2945 1090 2974 utrum-

880 385 1021 416 NOTAE
1056 385 1208 416 VARIO
1220 386 1280 417 RU
1292 386 1323 415 M
1360 386 1411 416 1N

1163 484 1220 515 que
1235 477 1353 515 tempus
1365 475 1564 516 septuaginta
1577 473 1682 506 diebus
1694 474 1739 506 ita
1755 475 1866 515 eluxit,

1162 528 1198 555 ut
1227 526 1333 556 coelum
1369 535 1456 556 omne
1478 526 1625 566 flagrare
1657 525 1865 566 videretur...-

1162 581 1304 618 qnartam
1329 577 1398 609 coeli
1433 582 1555 618 partem
1587 580 1803 618 occupaverat,
1832 581 1865 609 et

1154 627 1299 667 fulguris
1312 629 1360 659 sui
1375 628 1474 658 radiis
1489 628 1620 659 nitorem
1634 627 1715 658 Solis
1734 627 1866 667 vicerat,

1161 681 1213 719 &a
1258 679 1356 711 Istud
1370 679 1525 719 fulguris,
1548 690 1608 720 pro
1625 679 1775 720 fulgoriS,
1798 680 1865 711 Lu-

1163 729 1260 760 cretii
1284 734 1358 769 est3
1383 730 1456 769 sed,
1479 730 1568 771 quod
1592 740 1672 761 mox
1695 730 1864 770 sequitur,

1161 780 1272 819 radiis,
1289 789 1406 811 verum
1423 784 1488 820 est,
1517 785 1552 812 et
1568 780 1668 821 longe
1685 780 1863 821 optimum.

1166 829 1276 862 Faber.

1205 880 1306 911 Stella
1321 881 1464 921 cometes]
1486 880 1571 913 Quae
1599 879 1724 911 Ovidio
1747 880 1779 911 in
1794 879 1863 912 fine

1161 931 1247 962 Met.
1271 931 1400 962 ‘Stella
1425 931 1584 966 comans‚’
1607 931 1718 962 Plinio
1741 940 1782 963 11.
1807 935 1861 964 23.

1160 981 1169 997 ‘
1183 981 1283 1012 Sidus
1306 981 1490 1013 crinitum)
1536 983 1598 1012 Est
1613 983 1701 1012 enim
1717 987 1861 1013 cometae

1160 1040 1225 1061 vox
1249 1031 1432 1071 adjectiva,
1451 1041 1527 1072 qua,
1553 1041 1628 1062 cum
1645 1032 1748 1062 etiam
1764 1031 1862 1062 abso-

1159 1081 1231 1111 lute
1247 1086 1390 1112 utuntur
1416 1087 1585 1120 auctores,
1602 1080 1714 1121 ἀστέρα
1731 1092 1754 1112 s.
1779 1082 1862 1112 stel-

1158 1131 1225 1161 lam
1243 1131 1513 1171 subintelligunt.
1528 1132 1710 1163 Berneccer.
1748 1132 1860 1164 Quam

1159 1181 1325 1213 describit
1356 1183 1392 1213 L.
1420 1183 1550 1212 Seneca
1580 1190 1644 1211 vn.
1667 1182 1712 1212 N.
1733 1182 1775 1215 Q.
1807 1184 1858 1211 15.

1159 1229 1395 1262 Artemidorus
1411 1240 1450 1261 11.
1463 1234 1515 1262 38.
1541 1230 1579 1261 Oi
1591 1230 1754 1270 λεγόμενοι
1766 1232 1859 1270 κομῆ-

1157 1293 1207 1311 ται
1218 1280 1354 1322 ἀστέρες.

1201 1331 1267 1362 Per
1296 1335 1460 1372 utrumqne
1490 1332 1621 1372 tempus]
1659 1331 1775 1362 Noctu
1811 1341 1860 1363 sc.

1157 1385 1194 1412 et
1225 1381 1386 1414 interdiu.
1431 1383 1530 1415 Quod
1563 1388 1677 1413 antem
1709 1386 1859 1413 cometes

1156 1431 1213 1461 ille
1246 1432 1323 1462 coeli
1349 1443 1374 1464 s.
1411 1433 1598 1473 superioris
1628 1432 1859 1472 hemisphaerii

1157 1486 1310 1521 quartam
1342 1487 1489 1523 partem,
1527 1483 1557 1514 h.
1588 1492 1620 1514 e.
1648 1482 1772 1522 gradus
1805 1486 1858 1514 45.

1156 1542 1350 1574 occupasse,
1383 1538 1418 1564 et
1447 1536 1479 1565 4.
1514 1534 1672 1564 horarum
1710 1533 1856 1573 spatium

1154 1588 1232 1614 ortu
1259 1593 1452 1625 occasuque
1473 1583 1696 1615 consumsisse
1720 1583 1859 1624 dicitur,

1154 1632 1185 1663 id
1204 1633 1246 1664 de
1262 1634 1370 1665 cauda
1386 1634 1488 1674 ipsius
1505 1634 1537 1665 in
1554 1639 1682 1665 tantam
1696 1639 1856 1674 porrecta

1154 1683 1412 1725 longitudinem,
1436 1689 1470 1715 et
1486 1685 1571 1716 Solis
1588 1684 1691 1715 radiis
1706 1684 1858 1715 illustra-

1153 1739 1202 1774 ta,
1229 1745 1294 1766 non
1326 1735 1368 1766 de
1397 1736 1510 1777 capite
1538 1735 1683 1776 ipsoque
1710 1744 1854 1775 corpore

1153 1790 1206 1816 est
1223 1785 1433 1827 intelligend.
1476 1786 1602 1817 Similis
1632 1786 1775 1817 Cometa
1799 1795 1855 1816 an.

1153 1840 1223 1866 ant.
1258 1836 1338 1867 Nat.
1371 1836 1450 1867 Chr.
1478 1839 1552 1867 372.
1577 1846 1677 1877 quem
1707 1835 1853 1867 Aristot.

1152 1887 1300 1918 Meteor.
1332 1896 1356 1918 1.
1382 1889 1412 1917 6.
1452 1888 1633 1927 ‘magnum
1669 1885 1855 1918 cometam'

1152 1937 1318 1977 appellat,
1338 1941 1373 1967 et
1397 1937 1613 1977 splendorem
1634 1936 1785 1977 (caudae)
1808 1935 1852 1967 ad

1152 1987 1288 2018 tertiam
1313 1997 1417 2028 usque
1441 1988 1515 2019 coeli
1537 1992 1681 2028 partem,
1704 1987 1726 2018 i.
1753 1996 1783 2018 e.
1808 1986 1852 2017 ad

1151 2036 1276 2076 gradus
1299 2040 1352 2068 60.
1370 2038 1565 2068 extendisse
1590 2037 1766 2078 perhibet:
1791 2037 1853 2068 Di-

1150 2086 1273 2117 odorus
1300 2095 1358 2117 xv.
1382 2091 1434 2118 50.
1460 2088 1572 2118 lumen
1604 2087 1760 2117 aemnlum
1784 2087 1852 2118 Lu·

1150 2145 1203 2166 nae
1226 2137 1428 2176 praetulisse.
1452 2136 1627 2167 Pontanns
1649 2135 1770 2166 scribit
1786 2136 1851 2167 Co-

1149 2191 1275 2217 metam
1299 2187 1376 2217 anni
1403 2189 1494 2218 1456.
1520 2186 1664 2226 amplius
1693 2195 1792 2227 quam
1818 2189 1850 2218 2.

1150 2237 1225 2267 coeli
1251 2237 1346 2278 signa
1367 2237 1435 2279 (gr.
1449 2236 1517 2278 60.)
1542 2246 1648 2268 comae
1673 2246 1742 2267 suae
1760 2241 1849 2268 trac-

1150 2291 1186 2318 tu
1202 2297 1400 2328 occupasse.
1432 2287 1511 2318 Vid.
1530 2287 1696 2328 Keppleri
1720 2287 1850 2318 Parali-

1149 2347 1239 2378 pom.
1254 2337 1294 2368 ad
1314 2337 1432 2368 Vitell.
1447 2340 1563 2377 p.266.
1587 2338 1686 2369 Bern.

1190 2386 1398 2426 Septuaginta
1427 2386 1547 2426 dicbus]
1594 2386 1684 2418 Plin.
1721 2395 1761 2418 11.
1792 2389 1848 2420 25.

1147 2436 1403 2476 Brevissimum,
1439 2446 1504 2478 qno
1535 2441 1678 2469 cometae
1704 2447 1848 2469 cernun-

1147 2490 1215 2526 tur,
1246 2487 1392 2527 spatium
1419 2490 1450 2518 7.
1480 2487 1612 2519 dierum
1647 2492 1847 2520 annotatum

1146 2541 1221 2568 est:
1248 2537 1493 2577 longissimum,
1508 2540 1561 2568 80.
1587 2538 1638 2569 Id.

1191 2588 1289 2620 Omne
1310 2587 1519 2629 conflagrare]
1542 2588 1583 2618 In
1614 2588 1696 2620 Mss.
1721 2588 1847 2629 legitur

1135 2637 1293 2678 flagrare.
1319 2638 1411 2669 Num
1430 2638 1587 2670 Justinus
1605 2638 1743 2679 scripsit
1758 2649 1845 2670 omne

1143 2698 1176 2719 co
1195 2686 1364 2728 flagrare?
1400 2687 1457 2719 Sic
1486 2688 1612 2719 Noster
1638 2688 1732 2728 alibi,
1761 2687 1846 2731 ‘flag

1144 2748 1243 2777 grare
1274 2738 1355 2769 belli
1379 2737 1591 2779 cupiditate,’
1621 2748 1685 2770 nec
1715 2743 1843 2770 temere

1144 2788 1244 2820 aliter
1260 2788 1367 2819 ceteri
1379 2788 1577 2827 scriptores.
1599 2787 1704 2826 Sclief.

1186 2840 1203 2879 ς
1226 2842 1245 2870 4
1269 2838 1350 2869 Fero
1364 2837 1453 2878 equo]
1479 2839 1566 2878 Equo
1583 2839 1750 2879 glossema
1761 2839 1842 2870 mihi

1141 2888 1289 2927 videtur,
1319 2892 1516 2919 annotatum
1550 2889 1743 2930 explicandi
1773 2899 1840 2920 non

1141 2938 1278 2980 protriti
1296 2938 1451 2970 vocabuli
1477 2948 1609 2972 caussa.
1656 2940 1744 2972 Nam
1770 2937 1842 2970 ‘fe-
