2101 3419
571 344 767 376 JUSTlNI
800 344 892 374 mn.
924 345 1069 376 xxw.
1097 344 1203 375 CAP.
1232 336 1272 374 4.

199 441 300 480 longe
311 440 470 480 majorem
484 438 586 470 habet
607 437 794 479 emphasin,
815 438 893 479 quia

197 491 391 531 injuriarum
412 493 526 530 partes
550 488 696 529 singulas
718 498 794 519 cum
812 497 892 528 pon-

197 540 277 571 dere
291 540 436 570 insinuat
451 538 610 579 repetitio
633 538 892 579 conjunctionis,

198 600 297 632 quam
321 595 357 621 ut
383 590 483 630 vulgo
508 589 631 629 editur,
649 593 685 620 et
710 588 787 619 ideo
811 593 893 628 puto

194 639 432 678 revocandum,
446 648 521 670 cum
538 638 729 679 praesertim
746 638 893 678 probent

197 690 280 721 Mss.
305 689 374 730 alii,
396 689 431 719 in
455 687 575 730 quibus
600 688 727 729 legitur
748 688 892 720 exscissa.

240 788 388 819 Crinibus
413 788 545 829 sparsis]
597 788 727 820 Latinis
757 787 892 818 auribus

194 839 258 870 hoc
274 839 434 880 loquendi
446 849 549 880 genus
562 849 628 870 non
645 848 743 879 posse
756 839 892 878 placere

196 893 292 930 puto.
358 889 419 919 Eae
457 890 547 920 enim
581 893 705 920 norunt
738 888 748 905 ‘
775 897 892 928 passos

197 937 330 977 crines‚'
341 948 405 969 non
421 948 557 979 sparsos.-
579 943 614 970 et
629 939 676 970 sic
691 938 777 971 Just.
786 938 892 978 scrip·

196 989 254 1028 sit,
271 989 360 1020 sicut
374 994 409 1020 et
424 998 530 1021 xxw.
547 993 578 1020 8.
592 992 622 1021 3.
646 990 754 1020 (ἕν-(ευ.

240 1041 258 1080 §
282 1042 322 1071 10
348 1040 405 1071 Tot
424 1040 579 1080 perjuria]
603 1041 714 1071 Etiam
735 1039 789 1070 hic
805 1039 890 1070 Mss.

195 1090 326 1121 habent
345 1093 376 1122 et
391 1093 437 1120 tot
448 1090 526 1130 pem'.
543 1091 632 1132 quod
649 1091 750 1131 longe
765 1089 891 1121 rectius

196 1140 343 1172 videtur.
365 1140 470 1178 Schef.

239 1191 326 1223 CAP.
341 1200 393 1222 1v.
417 1192 434 1231 ᾗ
451 1194 467 1221 1
484 1190 665 1222 Abundanti
680 1188 891 1231 multitudine]

197 1242 299 1283 Cujus
315 1251 451 1273 causam
463 1242 603 1273 adducit
619 1243 732 1273 Strab.
751 1241 813 1272 sub
830 1241 892 1272 ini-

197 1292 279 1323 tium
295 1291 350 1323 lib.
364 1301 414 1323 iv.
429 1293 506 1333 quia
517 1302 565 1324 sc.
579 1292 735 1323 mulieres
749 1291 892 1323 Gallicae

196 1346 232 1373 et
254 1341 409 1373 fecundae
434 1348 525 1382 sunt,
542 1347 577 1374 et
599 1343 812 1374 educatrices
834 1341 892 1373 bo-

196 1401 263 1424 nae.
287 1392 387 1423 Rern.

243 1443 321 1473 Cum
336 1452 385 1473 eos
399 1452 458 1473 non
478 1445 618 1483 caperent
638 1441 747 1481 terrae]
779 1440 892 1473 Strab.

197 1500 250 1523 1v.
276 1502 310 1532 p.
340 1495 415 1523 139.
452 1492 477 1523 f.
515 1493 694 1523 verisimile
725 1502 810 1532 esse,
834 1492 893 1535 ait,

198 1541 315 1573 Gallos
349 1543 562 1583 [Tectosages]
591 1543 795 1574 δυναστεῦσαί
819 1557 894 1576 ποτε

197 1592 248 1624 καὶ
271 1593 448 1633 εὐανδρῆσαι
468 1595 629 1633 τοσοῦτον,
651 1594 731 1625 ὥστε
756 1594 894 1626 στάσεως

199 1642 389 1681 ἐμπεσούσης
426 1642 568 1682 ἐξελάσαι
602 1643 683 1675 πολὺ
716 1646 834 1682 πλῆθος
863 1646 894 1684 ἐξ

198 1693 313 1724 ἑαυτῶν
328 1694 361 1724 ἐκ
373 1695 430 1730 τῆς
443 1692 564 1733 οἰκείας,
575 1696 638 1725 ἃς.
660 1695 764 1734 Bong.

247 1742 311 1774 Ver
335 1744 470 1784 sacrum]
520 1744 654 1774 Primus
686 1744 775 1775 hunc
803 1745 823 1775 l.
848 1754 891 1775 ex

197 1798 283 1824 vett.
306 1794 420 1825 Libris
444 1794 639 1826 emendavit
664 1794 705 1825 P.
736 1795 891 1826 Pithoeus

197 1843 287 1875 Adv.
313 1853 338 1875 1.
363 1847 394 1875 6.
442 1845 531 1877 Quid
561 1844 605 1875 sit
634 1844 643 1861 ‘
660 1855 718 1875 ver
738 1846 892 1886 sacrum,'

197 1893 323 1925 docent
349 1895 468 1925 Festus
492 1894 526 1924 in
561 1894 623 1925 Ver
645 1904 778 1934 sacrum,
799 1899 835 1926 et
857 1895 891 1925 in

196 1944 393 1975 Mamertini.
417 1944 490 1975 Liv.
504 1952 597 1975 xxix.
613 1946 645 1974 9.
657 1947 687 1975 7.
705 1948 740 1974 et
754 1953 890 1976 xxxw.

196 1995 250 2026 43.
265 1997 295 2024 1.
328 1993 470 2024 Sisenna
491 2003 540 2025 1v.
555 1993 646 2024 Hist.
662 2003 717 2033 ap.
743 1994 891 2025 Nonium

195 2042 229 2073 in
264 2043 325 2074 Ver
345 2052 477 2082 sacrum,
499 2046 535 2073 et
552 2042 586 2073 in
606 2043 787 2074 Damnare.-
813 2053 890 2074 nam

196 2093 262 2124 duo
281 2093 342 2124 illa
356 2092 546 2133 fragmenta
561 2093 796 2134 conjungenda
816 2103 891 2125 esse

194 2146 356 2174 notarunt
385 2142 463 2174 alii:
495 2142 621 2175 Euseb.
645 2143 679 2173 in
702 2143 889 2175 Chronico:

193 2193 204 2210 ‘
221 2192 480 2231 Lacedaemonii,
517 2201 576 2223 ver
615 2202 747 2224 sacrum
785 2194 890 2225 desti-

195 2247 329 2283 nantes,
354 2244 557 2275 Heracleam
579 2244 697 2275 urbem
720 2244 892 2277 condunt!

197 2295 294 2326 Idem.
331 2296 423 2326 Serv.
443 2296 484 2326 ad
507 2296 588 2327 illud
611 2296 757 2336 Virgilii,
780 2296 790 2313 ‘
805 2295 890 2327 Auri

196 2354 290 2376 sacra
304 2344 408 2376 fames
420 2345 439 2376 ι’
460 2346 469 2363 ‘
483 2346 522 2376 Id
538 2345 616 2385 est,'
639 2347 763 2387 inquit,
785 2347 795 2363 ‘
811 2356 890 2378 exe-

197 2393 347 2433 crabilis,
361 2399 418 2425 ut:
453 2395 462 2412 ‘
477 2395 588 2426 Sacrae
604 2396 800 2436 panduntur
815 2405 890 2436 por-

198 2444 266 2475 tae.’
309 2444 453 2476 Tractus
483 2451 535 2478 est
565 2451 676 2477 autem
707 2455 818 2476 sermo
848 2455 891 2477 ex

196 2502 291 2524 more
316 2493 509 2534 Gallorum;
542 2505 631 2534 nam,
660 2495 891 2526 Massilienses

198 2543 329 2583 quoties
355 2545 548 2584 pestilentia
568 2545 782 2582 laborabant,
804 2555 890 2576 unus

198 2602 235 2624 se
256 2602 297 2623 ex
323 2595 528 2634 pauperibus
550 2594 728 2634 offerebat,
751 2595 891 2626 alendus

199 2652 285 2674 anno
310 2644 441 2684 integro
471 2645 616 2685 publicis
642 2651 676 2676 et
700 2646 892 2686 purioribus

199 2693 295 2724 cibis.
337 2695 405 2725 Hic
432 2700 552 2735 postea
572 2700 710 2726 ornatus
734 2694 891 2726 verbenis

200 2747 237 2774 et
264 2744 411 2775 vestibus
443 2746 544 2777 sacris
573 2745 893 2777 circumducebatur

200 2801 262 2832 per
277 2797 383 2825 totam
398 2795 569 2826 civitatem
581 2805 656 2827 cum
672 2795 893 2827 execrationi·

200 2842 274 2882 bus,
290 2847 327 2874 ut
342 2843 376 2874 in
401 2845 511 2885 ipsum
532 2845 725 2877 reciderent
740 2845 827 2877 mala
841 2848 892 2876 to-

1555 333 1642 375 925

942 438 1008 470 tius
1037 438 1194 479 civitatis,
1219 443 1254 470 et
1277 438 1326 470 sic
1355 437 1640 479 praecipitabatur

942 489 1046 530 [male.
1068 489 1123 520 hic
1143 489 1270 520 habent
1295 489 1372 520 edd.
1391 488 1638 529 prnjiciebatur}

942 540 1020 571 Hoc
1044 540 1078 570 in
1101 540 1286 578 Petronio‚'
1301 542 1365 571 &c.
1410 541 1532 571 Dicam
1548 540 1637 569 enim

942 591 1040 630 plura
1055 590 1098 621 ad
1114 591 1188 622 Liv.
1211 591 1301 622 Mod.
1344 589 1532 621 Addendus
1548 590 1637 620 Plin.

941 649 997 673 111.
1012 644 1064 673 13.
1080 651 1131 682 pr.
1147 641 1262 673 Strab.
1279 650 1312 672 v.
1336 651 1369 682 p.
1381 644 1454 672 172.
1467 639 1490 672 f.
1505 645 1539 670 et
1552 651 1637 680 pra>-

943 692 1042 733 cipue
1059 692 1204 732 Dionys.
1221 692 1278 732 qui
1295 701 1336 723 11.
1349 694 1401 723 15.
1417 692 1427 708 ‘
1442 692 1541 722 More
1558 701 1639 731 quo-

941 741 1046 782 dam,'
1072 741 1194 783 inquit,
1229 742 1239 758 ‘
1263 741 1451 782 antiquitus
1477 751 1496 771 a
1525 741 1640 772 multis

942 795 1011 823 tam
1039 791 1169 823 Graecis
1186 800 1284 832 quani
1310 791 1461 822 barbaris
1484 795 1638 830 recepto,

942 841 1073 882 quoties
1091 841 1180 882 vulgi
1204 840 1387 872 multitudo
1410 841 1444 872 in
1466 840 1579 881 aliqua
1595 841 1639 872 ci-

942 892 1050 923 vitate
1076 891 1213 922 nimium
1233 896 1462 930 excresceret,
1489 900 1552 922 nec
1578 891 1638 921 ali-

941 946 1057 973 menta
1072 941 1163 972 domi
1186 941 1338 972 omnibus
1360 940 1566 980 sufficerent,
1581 946 1639 972 aut

942 992 1055 1033 aliqua
1070 992 1244 1023 calamitas
1269 996 1411 1033 cogeret
1426 991 1530 1022 minui
1556 991 1640 1021 mul-

941 1043 1134 1083 titudinem,
1171 1043 1247 1074 Deo
1284 1043 1430 1084 cuipiam
1466 1047 1638 1073 sacrantes

941 1099 1104 1134 quantum
1141 1093 1310 1125 hominum
1344 1102 1451 1124 annus
1489 1096 1640 1133 pareret,

941 1143 1145 1174 emittebant
1175 1144 1275 1174 armis
1314 1144 1498 1174 instructos
1527 1152 1545 1174 e
1572 1143 1638 1173 suis

939 1191 1075 1224 finibus.
1122 1192 1177 1223 Illi
1193 1202 1273 1224 vero
1288 1198 1324 1224 ut
1338 1193 1480 1234 posthac
1497 1192 1638 1223 carituri

942 1243 1067 1282 patria,
1092 1243 1156 1273 nisi
1178 1243 1277 1274 aliam
1304 1248 1476 1283 pararent,
1500 1253 1575 1284 quae
1601 1252 1637 1274 sc

942 1293 1123 1332 reciperet,
1151 1293 1310 1335 quicquid
1339 1298 1507 1324 terrarum
1538 1294 1638 1324 armis

941 1343 1162 1384 acquisissent
1177 1347 1234 1374 aut
1247 1344 1369 1384 gratia,
1383 1344 1552 1375 habebant
1566 1343 1638 1374 vice

941 1394 1085 1433 patriae:
1110 1394 1342 1435 creditumque
1366 1398 1428 1434 est,
1451 1394 1498 1425 eis
1522 1394 1638 1424 adesse

942 1442 1056 1473 Deum
1084 1443 1140 1474 cui
1164 1443 1379 1484 dicabantur,
1401 1449 1436 1475 et
1458 1453 1560 1484 supra
1582 1444 1642 1474 hu-

943 1501 1075 1523 manam
1101 1502 1194 1533 spem
1224 1503 1422 1534 prosperare
1450 1493 1639 1533 hujusmodi

944 1543 1118 1574 colonias.'
1150 1543 1202 1575 Id.
1222 1553 1262 1575 ΙΙ.
1288 1544 1364 1575 init.
1380 1544 1421 1574 de
1447 1543 1639 1583 Aborigini-

943 1591 1025 1622 bus:
1049 1592 1059 1608 ⁴
1077 1592 1123 1622 Hi
1149 1591 1286 1624 suerunt
1308 1593 1461 1634 quaedam
1487 1593 1565 1624 Diis
1587 1603 1639 1623 sa-

943 1641 1221 1681 cratajuventus‚
1246 1643 1355 1682 patrio
1371 1643 1436 1673 ritu
1453 1652 1472 1673 a
1494 1643 1640 1682 parenti-

942 1692 1004 1723 bus
1020 1693 1118 1723 missa
1142 1693 1183 1723 ad
1208 1693 1401 1724 incolendas
1421 1693 1531 1731 sedeS‚
1555 1703 1637 1734 quas

941 1741 1078 1773 fortuna
1094 1742 1214 1773 datura
1229 1743 1342 1775 esset!
1379 1744 1431 1774 Ex
1446 1743 1565 1784 quibus
1582 1754 1639 1784 ap-

941 1797 1041 1832 paret
1056 1793 1065 1809 ‘
1078 1802 1138 1823 ver
1162 1802 1293 1823 sacrum
1307 1792 1317 1805 ’
1332 1791 1418 1833 (ἔτος
1443 1792 1522 1832 ἱερὸν
1547 1793 1639 1823 Stra-

941 1841 1036 1881 boni)
1050 1851 1118 1872 non
1140 1841 1215 1873 ideo
1241 1843 1287 1873 sic
1310 1842 1388 1881 dici,
1403 1842 1493 1883 quod
1517 1843 1639 1873 emissa

941 1892 1000 1922 tali
1021 1897 1099 1922 voto
1120 1892 1285 1932 juventus
1308 1892 1511 1923 execrabilis
1536 1897 1639 1931 esset,

940 1945 978 1972 ut
994 1942 1065 1972 vult
1084 1941 1135 1971 vir
1159 1940 1293 1981 doctus,
1312 1941 1384 1971 haec
1407 1941 1579 1981 explicans
1596 1951 1637 1972 ex

940 1990 1035 2022 Serv.
1058 1990 1100 2021 ad
1121 1990 1205 2021 illud
1228 1990 1375 2030 Virgilii,
1401 1991 1410 2007 ‘
1428 1989 1514 2021 Auri
1539 2000 1638 2021 sacra

940 2039 1069 2070 fames!
1107 2040 1206 2071 Unde
1234 2045 1270 2071 et
1293 2040 1439 2071 Sisenna
1462 2040 1552 2071 Hist.
1578 2041 1637 2071 lib.

940 2099 992 2121 ιν.
1017 2090 1145 2121 citante
1170 2090 1294 2130 Nonio,
1310 2090 1379 2121 Ver
1393 2091 1454 2121 hoc
1477 2091 1486 2107 ‘
1504 2091 1638 2131 religio-

940 2139 1031 2172 sum'
1063 2141 1226 2181 appellat.
1260 2141 1445 2173 Berneccer.
1489 2142 1591 2173 Hunc
1614 2143 1636 2173 l.

940 2193 1068 2233 optime
1096 2193 1250 2224 restituit
1272 2193 1425 2224 Pithoeus
1450 2202 1474 2225 1.
1492 2193 1580 2225 Adv.
1605 2197 1636 2225 6.

940 2252 1017 2273 cum
1042 2246 1122 2272 ante
1149 2251 1210 2282 pro
1236 2252 1290 2273 ver
1315 2253 1436 2274 sucrum
1465 2245 1637 2284 legeretur

937 2292 1180 2332 peregrinatum.
1215 2293 1225 2310 ‘
1244 2293 1313 2324 Ver
1330 2303 1461 2324 sacrum
1475 2294 1483 2307 ’
1507 2294 1636 2325 (lictum

940 2342 1078 2382 proprie
1098 2341 1140 2372 de
1163 2352 1302 2382 pecore,
1326 2343 1414 2384 quod
1440 2349 1535 2375 certo
1558 2345 1637 2375 anni

941 2397 1108 2432 tempore,
1136 2397 1172 2423 et
1199 2392 1335 2433 quidem
1362 2403 1441 2423 vere
1472 2394 1638 2432 proximo,

939 2446 1151 2483 nasceretur,
1166 2447 1204 2473 ut
1226 2451 1268 2472 ex
1283 2442 1384 2473 Festo
1399 2451 1433 2473 v.
1451 2443 1637 2473 Mamertini

941 2496 1097 2532 apparet.
1150 2492 1259 2522 Recte
1290 2501 1369 2531 ergo
1403 2493 1531 2522 Noster
1558 2494 1639 2523 velut

939 2551 994 2572 ver
1007 2551 1138 2572 sacrum.
1183 2542 1313 2572 Vocula
1329 2543 1337 2558 ‘
1355 2542 1449 2572 velut
1464 2541 1473 2554 '
1497 2542 1584 2572 enim
1601 2547 1638 2573 et

942 2593 1024 2624 alias
1039 2593 1149 2625 notari
1164 2593 1371 2632 metapliorae
1389 2593 1510 2623 solent.
1544 2593 1615 2624 Vor.

984 2644 1001 2683 ς
1025 2646 1044 2674 3
1060 2643 1246 2682 Aug-arandi
1265 2642 1366 2672 studio
1384 2641 1486 2681 Galli]
1517 2643 1638 2672 Exem-

941 2695 998 2735 plo
1014 2694 1197 2725 Deiotarus
1219 2693 1390 2723 Gallorum
1415 2693 1447 2722 iu
1472 2692 1554 2722 Asia
1578 2702 1637 2723 rex

942 2748 1009 2782 est,
1031 2743 1041 2760 ‘
1060 2752 1158 2784 quem
1175 2741 1256 2772 nihil
1278 2751 1422 2782 unquam
1439 2741 1501 2772 nisi
1530 2742 1639 2781 auspi-

942 2798 1019 2825 cato
1033 2792 1200 2834 gessisse‚'
1224 2792 1294 2823 Cic.
1308 2791 1416 2822 refert
1429 2792 1471 2822 de
1482 2792 1598 2823 Divin.
1613 2801 1638 2823 1.

943 2846 996 2875 15.
1039 2842 1108 2874 Sed
1131 2847 1167 2873 et
1187 2841 1448 2882 consanguineos
1465 2842 1637 2873 Gallorum
