2174 3424
653 350 849 381 JUs'PlNl
885 351 980 380 mis.
1013 350 1104 380 xii.
1136 351 1243 381 cAP.
1272 342 1315 381 5.

259 451 350 486 sunt,
371 456 434 478 uec
460 449 581 487 postea
604 445 735 486 uspiam
758 454 871 475 eorum
886 454 955 475 me-

258 499 367 529 minit.
413 496 510 529 Quod
529 500 642 527 autem
659 495 848 535 subjungit,
866 495 875 511 ‘
891 503 956 524 cae-

259 552 416 587 terosque
432 546 589 586 populos,
613 545 668 586 qui
684 545 717 575 in
739 545 850 575 radice
868 545 954 576 Cau,-

259 596 328 628 casi
356 596 584 634 morabantur,
617 594 777 634 subegit,’
808 603 873 624 non
902 597 955 624 est

259 645 302 677 de
331 646 495 683 Caucaso,
516 644 574 685 qui
606 644 751 683 Colchis,
772 643 895 681 Iberis,
920 647 956 674 et

259 695 400 728 Albanis
416 700 467 726 est
479 694 522 725 ad
535 694 818 734 septentrionem,
832 693 956 724 intelli-

259 745 417 786 gendum.
461 749 470 762 ‘
487 743 696 775 Macedones
713 742 827 782 enim,’
846 742 956 783 inquit

257 794 374 826 Strab.
391 803 441 825 xr.
466 795 475 811 ‘
492 803 606 825 omnes
630 797 776 832 montes,
803 793 860 833 qui
878 796 956 832 post

257 843 360 875 Arios
375 848 578 884 sequuntur,
601 843 790 874 Caucasum
817 852 957 873 vocave-

258 893 362 925 runt.’
402 894 460 932 Et,
476 902 667 934 quanquam
682 892 754 923 fere
769 891 956 923 Alexandri

258 942 412 974 historici
428 943 569 974 Tanaim
591 947 756 983 putarunt
777 943 958 982 Jaxarten,

259 995 372 1023 tamen
387 993 420 1023 h.
443 993 465 1024 l.
488 992 603 1033 paullo
627 996 717 1032 post,
741 992 797 1022 ubi
825 992 958 1023 Author

259 1041 344 1073 dicit
360 1043 369 1059 ‘
385 1043 499 1073 urbem
517 1041 759 1073 Alexandriam
775 1051 877 1082 super
890 1051 956 1072 am-

258 1102 335 1123 nem
350 1093 475 1123 Tanain
491 1092 723 1124 Alexandrum
739 1091 959 1132 condidisse,'

259 1153 323 1183 ego
340 1144 475 1184 legend.
490 1149 571 1184 puto
592 1154 684 1184 super
698 1154 816 1174 amnem
829 1143 957 1174 Arium.

260 1194 349 1226 Nam
376 1203 450 1225 eam
480 1194 530 1225 ita
555 1194 657 1224 etiam
688 1194 893 1225 Ptolemaeus
924 1194 957 1224 in

261 1243 345 1275 Aria
374 1244 568 1284 descripsit,
599 1248 635 1275 et
660 1242 797 1275 Arrian.
834 1243 869 1274 in
899 1251 958 1274 ιιι.

262 1293 352 1325 Octo
368 1299 480 1325 autem
498 1294 532 1324 in
554 1294 605 1324 his
626 1293 820 1333 regionibus
845 1293 960 1324 condi-

262 1343 352 1375 disse
376 1344 476 1375 urbes
501 1344 620 1374 scribit
634 1343 757 1374 Strabo
779 1343 850 1382 jam
867 1343 959 1374 dicto

260 1394 322 1424 lib.
337 1393 496 1434 quasdam
511 1393 613 1424 etiam
628 1393 790 1423 diruisse:
809 1392 868 1423 scd
881 1393 960 1425 Jus-

263 1443 354 1474 tinus
377 1443 411 1473 in
434 1442 624 1473 Bactrianis
649 1446 685 1473 et
708 1442 884 1481 Sogdianis
907 1445 959 1473 12.

264 1502 340 1523 eum
357 1492 458 1523 urbes
480 1492 666 1523 condidisse
682 1501 759 1522 mox
774 1491 960 1531 subjungit.

268 1543 360 1574 Glar.

309 1591 497 1631 Euergetas]
522 1591 589 1624 Qui
612 1590 693 1622 dicti
720 1594 798 1622 ante
824 1589 962 1630 Agrias-

265 1651 332 1683 pae.
377 1641 509 1672 Arrian.
536 1650 591 1672 111.
622 1641 808 1680 Ἀφικνεῖται
836 1640 866 1671 ἐς
892 1639 964 1671 τοὺς

266 1690 363 1722 πάλαι
377 1690 433 1729 μὲν
447 1690 635 1732 Ἀγριάσπας
647 1690 861 1729 καλουμένους,
874 1690 963 1721 ὕστε-

264 1753 317 1782 ρον
332 1741 364 1772 δὲ
380 1739 549 1782 Εὐεργέτας
561 1740 831 1780 ἐπονομασθέντας,
844 1740 890 1770 ὅτι
903 1739 963 1770 Κύ-

267 1804 307 1832 ρῳ
336 1792 380 1830 τῷ
409 1790 577 1830 Καμβύσου
604 1790 807 1830 ξυνελάβοντο
841 1791 898 1827 τῆς
933 1790 964 1821 ἐς

269 1841 387 1874 Σκύθας
413 1841 556 1873 ἐλάσεως.
601 1842 697 1873 Curt.
720 1850 785 1871 vn.
811 1843 841 1871 3.
864 1842 872 1857 ‘
890 1840 964 1871 Iter

263 1891 478 1932 pronuntiari
494 1891 596 1931 jubet
613 1890 646 1921 in
663 1890 859 1931 Agriaspas,
880 1899 962 1930 quos

260 1942 334 1983 jam
361 1946 441 1972 tunc
464 1946 593 1972 mutato
619 1941 753 1971 nomine
776 1940 964 1978 Euergetas

266 1992 505 2032 appellabant3
531 2001 574 2022 ex
596 2000 661 2031 quo
687 1990 815 2027 frigore
840 1990 965 2020 victus-

265 2051 330 2083 que
360 2041 501 2082 penuria
531 2041 612 2081 Cyri
642 2040 831 2071 exercitum
862 2038 964 2070 affec-

265 2095 336 2123 tum
354 2092 452 2122 tectis
468 2096 502 2122 et
519 2091 764 2122 commeatibus
779 2089 963 2131 juverant.’

265 2141 455 2182 Utrobique
496 2145 610 2172 tamen
647 2140 780 2180 legend.
812 2139 965 2179 Ariaspas

263 2201 331 2222 non
347 2192 434 2222 male
445 2191 627 2232 judicabat
642 2188 823 2220 Blancard.
862 2189 964 2219 Notis

265 2241 300 2272 in
317 2249 372 2272 111.
387 2240 533 2272 Arriani.
577 2240 693 2280 Atque
708 2239 758 2270 ita
776 2239 881 2279 magis
907 2248 965 2269 no-

265 2299 342 2321 men
373 2294 538 2330 congruet
567 2299 641 2320 cum
671 2299 711 2320 eo
742 2289 832 2329 quod
858 2288 964 2321 Diod.

265 2339 332 2370 illis
347 2339 478 2379 tribuit,
488 2340 549 2370 τῶν
558 2339 752 2379 Ἀριμασπῶν
767 2342 860 2378 puta.
884 2338 966 2368 Ver-

266 2388 309 2419 ba
334 2388 402 2428 huj.
422 2397 513 2419 XVII.
530 2391 584 2419 71.
599 2393 696 2420 sunt:
719 2387 875 2428 Ἀνέζευξε
888 2388 966 2426 μετὰ

267 2439 324 2474 τῆς
338 2436 486 2476 δυνάμεως
502 2437 551 2468 ἐπὶ
565 2437 636 2469 τοὺς
647 2437 792 2478 πρότερον
812 2437 868 2477 μὲν
887 2438 966 2478 Ἀρι-

267 2487 415 2528 μασποὺς,
427 2489 478 2519 νῦν
489 2487 521 2519 δὲ
533 2487 703 2528 Εὐεργέτας
715 2487 965 2528 ὀνομαζομένους.

266 2538 375 2570 Addit
404 2549 537 2580 quoque
562 2539 666 2570 Diod.
691 2540 789 2570 eand.
817 2539 967 2579 appella-

267 2587 367 2618 tionis
379 2588 554 2628 rationcm‚
567 2598 664 2629 quain
678 2587 813 2619 Arrian.
827 2593 860 2619 et
871 2589 966 2619 Curt.

268 2637 462 2677 prodidere.
508 2639 587 2669 Non
615 2643 729 2669 tamen
754 2643 870 2679 putem
893 2638 966 2678 ipso

270 2686 392 2718 Graeco
416 2688 579 2719 vocabulo
605 2687 832 2728 ‘Euergetas'
856 2688 965 2719 dictos

269 2736 371 2768 fuisse
395 2748 415 2768 a
442 2739 580 2778 Persis;
603 2739 662 2770 sed
685 2739 828 2770 Persico
856 2739 967 2778 potius

272 2785 381 2825 ejusd.
423 2787 676 2827 significationis
713 2789 722 2806 ‘
750 2787 969 2828 Orosangas.’

273 2836 405 2868 Herod.
421 2847 502 2869 vux.
535 2838 674 2871 Φύλακος
688 2838 721 2870 δὲ
736 2838 897 2880 εὐεργέτης
911 2842 969 2875 βα-

273 2887 380 2924 σιλῆος
405 2887 570 2930 ἀνεγράφη,
592 2888 642 2921 καὶ
671 2888 755 2930 χώρη
781 2890 809 2921 οἶ
838 2889 968 2931 ἐδωρήθη

1618 342 1702 382 813

1004 444 1121 481 πολλή.
1165 445 1205 475 Οἱ
1229 444 1261 475 δὲ
1285 445 1440 486 εὐεργέται
1469 447 1525 476 τοῦ
1551 447 1703 483 βασιλῆος

1005 493 1196 534 Ὀροσάγγαι
1211 494 1374 525 καλέονται
1389 497 1546 536 Περσιστί.
1571 497 1643 528 ῖόν.

1048 543 1207 582 Par-imas,
1237 544 1509 584 Pampammenos,
1533 546 1703 587 Aduspz'os]

1005 592 1058 622 Ex
1082 592 1181 623 Diod.
1209 602 1302 624 xvrr.
1325 597 1377 624 Sl.
1401 599 1437 625 et
1468 596 1541 626 aliis
1571 596 1703 634 legend.

1006 641 1152 672 arbitror
1177 642 1445 682 Paropamisadas.
1490 646 1622 685 Atius-pii
1646 646 1704 686 qui

1005 692 1086 731 sint,
1108 702 1174 723 non
1201 693 1357 731 invenio;
1382 694 1472 734 quod
1497 696 1596 735 vulgo
1622 697 1705 736 legi-

1007 746 1062 772 tur
1077 742 1249 782 Hydaspii,
1273 752 1393 773 nomen
1409 748 1462 774 est
1478 745 1522 775 ab
1539 746 1703 786 Hydaspe

1006 792 1114 823 Indiae
1145 792 1181 824 fl.
1213 792 1408 824 confictum.
1464 794 1539 825 Nec
1579 796 1705 835 placet,

1006 843 1094 885 quod
1109 844 1236 884 Caspios
1249 843 1383 884 quidam
1396 843 1588 876 ediderunt.
1614 847 1705 878 Quid

1006 893 1035 923 si
1051 893 1145 924 Arios
1161 893 1330 933 legamus?
1377 893 1526 924 Omnino
1548 894 1707 934 arbitror,

1007 943 1091 974 duas
1107 943 1254 984 syllabas
1272 943 1401 983 priores
1427 944 1482 974 τοῦ
1495 943 1650 984 Αιίαερὶοε
1664 955 1706 976 ex

1007 1003 1092 1024 voce
1131 993 1393 1033 Paropamisadas
1432 993 1614 1024 adhaesisse
1656 1004 1707 1025 se-

1008 1043 1125 1084 quenti
1167 1042 1341 1083 vocabule,
1374 1042 1462 1073 unde
1491 1041 1620 1074 factum
1663 1043 1708 1075 sit

1006 1092 1186 1124 Adasarios.
1232 1092 1319 1123 Inde
1347 1091 1512 1132 Adaspios.
1566 1092 1634 1123 Sed
1658 1093 1708 1123 his

1007 1142 1146 1173 vocibus
1163 1141 1383 1173 restituendis
1410 1141 1524 1172 divino
1546 1146 1598 1172 est
1613 1151 1708 1182 opus.

1007 1193 1169 1233 Bongars.
1215 1194 1289 1234 Ego
1313 1203 1368 1224 me
1395 1193 1616 1224 divinatorem
1641 1203 1708 1224 non

1009 1245 1191 1285 profiteor:
1210 1245 1314 1275 ausim
1331 1249 1444 1275 tamen
1455 1243 1634 1284 affirmare,
1647 1255 1707 1285 pro

1009 1295 1156 1326 parimas
1170 1295 1305 1336 legend.
1320 1295 1514 1335 Arimaspos,
1534 1295 1636 1336 idque
1654 1305 1710 1326 co-

1009 1345 1192 1385 pulandum
1218 1345 1293 1387 (aut
1308 1345 1332 1376 f.
1350 1355 1371 1376 a
1397 1345 1581 1385 glossatore
1598 1344 1709 1385 aliquo

1010 1394 1222 1435 copulatum)
1239 1405 1316 1426 cum
1329 1405 1429 1435 praec.
1444 1394 1607 1425 vocabulo
1622 1395 1631 1411 ‘
1645 1395 1711 1425 Eu-

1010 1445 1170 1486 ergetas!
1219 1444 1352 1475 Asserit
1378 1444 1467 1475 enim
1493 1443 1594 1475 Diod.
1617 1452 1708 1474 xvn.

1011 1498 1063 1526 81.
1110 1496 1236 1535 Cyrum
1260 1495 1269 1512 ‘
1286 1493 1513 1534 ArimaspOS,'
1538 1493 1627 1534 quod
1652 1503 1710 1524 ex-

1012 1544 1156 1575 ercitum
1173 1554 1282 1583 suum,
1304 1543 1395 1574 fame
1421 1543 1572 1583 graviter
1597 1542 1710 1573 adfec-

1013 1598 1096 1634 tum,
1134 1593 1378 1625 commeatibus
1416 1593 1598 1633 juvissent,
1635 1602 1710 1624 cum

1012 1644 1085 1674 aliis
1113 1644 1306 1674 muneribus
1323 1641 1487 1682 affecisse,
1509 1647 1592 1680 tum,
1613 1642 1712 1674 abro-

1013 1699 1092 1734 gato
1121 1694 1255 1724 nornine
1286 1693 1441 1733 pristino,
1472 1694 1481 1710 ‘
1504 1691 1710 1731 Euergetas'

1013 1753 1070 1774 eos
1101 1753 1326 1784 nuncupasse,
1359 1743 1391 1774 h.
1421 1753 1450 1774 e.
1482 1742 1652 1784 Benefic08‚
1685 1752 1712 1773 s.

1013 1793 1155 1824 Persica
1180 1793 1296 1833 lingua
1316 1795 1325 1810 ‘
1347 1792 1566 1832 Orosangas.’
1612 1792 1712 1824 Quod

1013 1847 1275 1882 cognomentum
1302 1852 1356 1882 ap.
1383 1842 1507 1872 Persas
1536 1841 1576 1872 iis
1607 1842 1713 1872 tribui

1012 1893 1148 1923 solitum
1178 1902 1264 1931 esse,
1295 1893 1352 1933 qui
1384 1901 1497 1931 regem
1528 1901 1713 1932 regnumve

1012 1942 1136 1981 insigni
1148 1943 1260 1982 aliquo
1273 1941 1439 1972 beneficio
1451 1941 1713 1981 demeruissent‚

1014 1997 1050 2023 et
1067 2002 1108 2022 ne
1125 1992 1323 2032 cujusquam
1349 1992 1461 2022 meriti
1483 1992 1643 2022 memoria
1666 1992 1714 2022 in-

1015 2043 1214 2079 tercideret,
1238 2042 1488 2081 Orosangaruni
1505 2051 1564 2071 seu
1579 2041 1713 2072 Benefi-

1015 2102 1130 2123 corum
1155 2092 1291 2123 nomina
1315 2092 1348 2121 in
1373 2091 1483 2130 regios
1507 2096 1715 2122 commenta-

1015 2143 1080 2173 rios
1098 2143 1205 2172 relata
1229 2141 1345 2181 fuisse,
1368 2142 1494 2172 clarum
1513 2147 1563 2172 est
1587 2151 1629 2171 ex
1654 2143 1715 2172 Es-

1015 2192 1122 2223 therae
1140 2191 1199 2222 lib.
1216 2200 1265 2222 vr.
1280 2194 1311 2223 2.
1329 2196 1364 2222 et
1380 2194 1411 2222 3.
1434 2191 1575 2231 Joseph.
1596 2191 1714 2232 Antiq.

1017 2250 1070 2272 xr.
1095 2244 1126 2272 6.
1160 2241 1291 2272 Herod.
1320 2250 1377 2272 111.
1401 2244 1474 2272 140.
1498 2246 1533 2272 et
1558 2251 1638 2273 vni.
1661 2246 1714 2273 85.

1016 2290 1103 2321 Xen.
1126 2299 1208 2321 V111.
1246 2290 1342 2322 Paed.
1366 2291 1497 2321 AEliano
1522 2291 1569 2321 H.
1585 2292 1628 2321 V.
1647 2299 1714 2321 xu.

1015 2343 1068 2371 40.
1118 2340 1197 2371 Huc
1226 2339 1337 2371 refero
1363 2341 1473 2371 locum
1497 2350 1539 2371 ex
1564 2341 1717 2381 Epistola

1017 2389 1140 2420 Xerxis
1171 2389 1213 2419 ad
1242 2390 1461 2428 Pausaniam,
1497 2391 1538 2421 ab
1567 2391 1715 2430 interpp.

1016 2447 1083 2469 non
1099 2438 1187 2469 bene
1203 2438 1425 2479 intellectum,
1449 2449 1503 2480 ap.
1523 2440 1673 2481 Thucyd.
1693 2450 1716 2472 1.

1015 2490 1070 2518 22.
1091 2490 1122 2518 8.
1147 2488 1247 2518 Rern.

1058 2536 1333 2576 Parapammenos]
1356 2537 1411 2568 Sic
1436 2542 1471 2568 et
1497 2545 1577 2568 x111.
1604 2540 1636 2569 4.
1661 2540 1715 2569 21.

1017 2588 1119 2619 Diod.
1138 2593 1251 2618 tamen
1267 2595 1359 2618 xv11.
1374 2590 1426 2617 81.
1472 2586 1608 2617 Arrian.
1623 2596 1656 2618 v.
1682 2593 1717 2619 et

1019 2639 1115 2670 Curt.
1145 2647 1211 2668 vu.
1238 2640 1269 2667 3.
1304 2639 1313 2655 ⁴
1335 2637 1631 2677 Parapamisadas’
1660 2647 1717 2668 vo-

1018 2692 1111 2719 cant.
1151 2688 1196 2718 Et
1210 2688 1272 2718 hoc
1287 2686 1423 2728 quidem
1442 2687 1576 2717 rectius.
1620 2687 1718 2718 Dicti

1019 2739 1107 2770 enim
1125 2744 1202 2770 sunt
1218 2739 1267 2769 ila
1282 2749 1301 2769 a
1314 2740 1323 2755 ‘
1337 2738 1573 2778 Parapamiso’
1590 2744 1719 2780 monte,

1019 2796 1058 2822 ut
1082 2800 1124 2821 ex
1152 2789 1288 2821 Arriani
1308 2790 1368 2821 lib.
1394 2799 1429 2820 v.
1453 2788 1634 2820 manifeste
1659 2799 1717 2830 ap—

1020 2845 1129 2882 paret.
1158 2841 1227 2871 Vor.

1063 2892 1080 2931 ᾧ
1099 2885 1138 2922 1'0
1154 2889 1359 2931 Perducitur]
1375 2890 1455 2922 Tac.
1473 2899 1497 2923 1.
1522 2889 1567 2922 H.
1584 2893 1637 2921 25.
1661 2890 1669 2906 ‘
1688 2890 1717 2920 E
