2101 3419
343 363 455 405 1002

343 465 561 506 Antiquiores
578 467 671 507 typis
694 476 789 508 expr.
814 468 985 507 Becharii,
1008 473 1042 501 et

344 519 435 546 teste
452 516 590 547 Graevio
606 517 626 549 J
632 521 702 549 unt.
717 527 771 548 seu
788 519 905 558 populis
921 519 1043 550 illorum

341 565 480 603 conferat
507 576 599 604 suos;
628 567 717 608 quod
746 568 871 599 rectius
897 568 1042 600 videtur.

343 616 431 647 Sane
453 616 594 647 Romani
625 617 735 648 varios
765 618 799 648 in
829 617 959 649 ditione
983 628 1042 649 sua

345 667 489 707 populos
504 666 694 699 habebant:
722 677 832 711 neque
847 669 957 701 minus
977 670 1043 702 Mi-

345 716 525 749 thridates.
546 717 619 749 Vor.

387 767 537 799 Nicatore
562 768 701 810 Seleuco]
734 768 885 811 Appian.
911 770 1044 812 Syriae.

344 826 380 857 p.
404 819 479 848 124.
502 827 533 849 c.
559 818 739 850 Seleucum
763 829 784 850 a
808 820 958 850 victoriis
983 830 1043 861 po-

346 866 426 906 tius,
442 876 543 908 quam
562 868 603 899 ab
626 869 738 900 occiso
762 869 940 910 Nicatore,
964 880 1044 911 cog-

344 921 541 949 nomentum
562 919 625 950 hoc
650 919 789 950 traxisse
804 920 933 952 scribit.
969 921 1042 954 Liv.

347 974 451 998 xmn.
467 970 518 998 19.
533 971 565 1000 9.
589 969 746 1001 Coliortis
762 970 866 1011 regiae
878 972 1044 1014 meminit,

346 1026 430 1057 quos
449 1017 626 1050 Nicatoras
643 1021 877 1060 appellabant.
898 1023 999 1054 Bern.

390 1068 509 1098 Earum
521 1079 553 1100 se
564 1070 706 1108 gentium
719 1070 796 1110 esse]
823 1071 911 1104 Add.
925 1082 1043 1104 neces-

345 1118 434 1149 sario
453 1128 578 1158 regem.-
600 1131 705 1151 earum
726 1131 758 1152 se
777 1122 918 1160 gentium
939 1133 1043 1163 regem

345 1178 420 1208 esse,
444 1171 497 1210 ὅγε.
522 1170 643 1203 Faber.
679 1171 736 1203 Sc.
760 1181 875 1212 regem
901 1173 954 1204 vel
982 1174 1043 1206 du-

347 1229 434 1252 cem.

390 1271 408 1311 ς
431 1273 451 1302 4
475 1271 578 1312 Bella,
596 1272 666 1313 hc]
699 1274 787 1305 Saxo
814 1282 894 1306 xiv.
920 1284 953 1315 p.
969 1278 1044 1307 269.

347 1319 374 1350 f.
396 1320 406 1337 ⁴
423 1321 501 1353 Qua
516 1321 583 1353 fide
600 1332 752 1364 praesens
770 1324 893 1356 bellum
909 1325 1044 1367 ingredi

348 1370 499 1402 vellent.'

389 1419 629 1462 solitudinibus]
645 1423 733 1454 Plin.
747 1423 877 1465 Paneg.
891 1427 941 1456 14.
957 1425 1044 1457 Ger·

347 1472 489 1503 maniam
517 1478 668 1505 veterem
693 1485 800 1516 prope
823 1475 955 1508 infinita
970 1487 1044 1509 vas-

348 1522 449 1554 titate
477 1523 713 1564 interjacentis
734 1526 797 1557 soli
821 1527 943 1558 muniri
965 1527 1045 1559 diri-

349 1572 463 1615 mique
490 1574 587 1605 dicit.
641 1575 830 1608 Herodian.
856 1586 897 1608 ιι.
925 1578 1045 1610 scribit

350 1622 437 1663 Imp.
453 1622 643 1664 Augustum
662 1626 841 1658 munivisse
857 1627 1046 1669 imperium,

348 1682 425 1704 cum
450 1674 523 1705 aliis
552 1675 750 1717 rationibus,
780 1681 851 1708 tum
879 1677 976 1719 ἐρήμῳ
1003 1680 1047 1721 γῇ

350 1726 401 1758 καὶ
421 1726 575 1768 δυσβάτῳ,
596 1730 606 1747 ⁴
624 1733 718 1761 terra
740 1730 874 1762 deserta
896 1736 933 1763 et
954 1741 1046 1773 aegre

350 1779 489 1819 pervia.'
514 1780 613 1812 Bern.

392 1828 529 1870 Scythice
541 1834 657 1870 proeter
670 1841 769 1872 arma,
784 1834 836 1873 ᾃτ.
851 1833 898 1864 vel
911 1833 1047 1874 frigori-

350 1878 405 1909 bus
430 1879 606 1920 instructoe]
646 1880 750 1912 Vides
777 1881 849 1913 haec
875 1892 941 1913 non
969 1893 1047 1914 con-

351 1937 474 1967 gruere
491 1938 565 1960 eum
582 1930 733 1961 oratione
748 1931 907 1972 obliqua:
933 1933 1046 1974 itaque

352 1982 411 2008 aut
426 1978 558 2018 legend.
582 1979 744 2020 Scythiam
758 1981 965 2019 instractam‚·
988 1988 1048 2015 aut

353 2037 428 2058 curn
445 2027 542 2059 Junt.
563 2027 698 2069 Scythas
711 2030 889 2062 instructos.
912 2032 1028 2063 Graev.

394 2077 528 2118 Scythas
550 2101 558 2109 .
575 2099 583 2107 .
600 2101 608 2109 .
628 2102 636 2110 .
657 2079 836 2119 instructos,
855 2080 925 2121 ξω]
961 2082 1046 2112 Cum

351 2128 460 2159 oratio
481 2128 525 2159 sit
546 2128 695 2170 obliqua,
718 2130 912 2162 necessario
927 2131 1048 2163 admit-

353 2177 457 2208 tenda
472 2182 525 2208 est
540 2178 709 2219 scriptura
722 2179 819 2211 Junt.
857 2181 973 2221 Longe
989 2192 1047 2223 op·

354 2228 437 2259 tima
452 2228 533 2260 lect.
550 2233 614 2269 est,
637 2233 672 2260 et
688 2239 763 2270 quae
778 2230 812 2260 in
828 2230 967 2262 dubium
989 2242 1047 2264 vo-

352 2278 423 2309 cari
459 2278 548 2309 haud
577 2280 695 2320 possit.
752 2280 900 2321 Vulgata
933 2286 1046 2314 autem

353 2328 475 2360 vitiosa
511 2333 576 2370 est,
624 2330 783 2371 Scythias,
817 2334 871 2371 ᾃε.
924 2332 1047 2364 Faber.

354 2379 491 2420 Scythice
513 2380 671 2411 instructae
694 2390 761 2422 quo
784 2381 903 2412 referri
926 2383 1047 2422 possit,

353 2438 421 2460 non
437 2434 594 2470 apparet.
628 2430 780 2471 Legend.
793 2440 871 2471 ergo
887 2432 1049 2472 Scythiam

351 2480 556 2510 instructura:
578 2480 644 2521 vel,
666 2485 704 2511 ut
719 2481 816 2512 Junt.
847 2481 979 2522 Scythas
1001 2483 1049 2513 in-

352 2533 495 2561 structos.
506 2530 621 2562 Vorst.
646 2531 751 2562 Recte
763 2531 878 2562 Vorst.
889 2532 1050 2564 observat

353 2581 435 2611 illud
466 2580 603 2621 Scythice
631 2580 790 2612 instructae
817 2591 884 2612 non
912 2581 1050 2622 habere,

354 2640 421 2671 quo
439 2631 544 2671 possit
559 2629 699 2670 referri3
721 2636 758 2662 et
768 2632 837 2672 jam
853 2632 969 2664 Graev.
986 2633 1050 2665 hoc

355 2685 542 2711 monuerat.
568 2681 708 2711 Mallem
725 2685 836 2713 tamen
851 2683 966 2724 legere
983 2693 1049 2715 non

356 2730 517 2770 Scythiam
539 2732 734 2771 instructam,
757 2736 796 2763 ut
819 2733 906 2773 ipse,
934 2743 1050 2764 verum

356 2779 488 2820 Scythia
514 2780 667 2812 instructa
679 2793 690 2819 ‚·
728 2787 900 2823 postremo
940 2785 1049 2817 locum

357 2835 466 2861 totuin
496 2831 543 2862 sie
574 2831 796 2872 distinguere,
836 2843 876 2864 ae
914 2835 1046 2875 legere:

356 2881 515 2919 Multoque
537 2890 568 2911 sc
591 2884 614 2911 1.
639 2891 674 2912 ac
695 2883 725 2912 d.
748 2882 775 2913 b.
802 2883 842 2913 P.
861 2885 1050 2924 ingressam:

356 2940 424 2961 cum
439 2930 500 2970 ipsc
516 2940 542 2962 r.
561 2941 595 2962 ac
611 2935 635 2962 t.
659 2936 748 2972 essct,
773 2933 903 2974 Scythia
924 2945 955 2975 p.
971 2946 1001 2966 a.
1018 2946 1047 2967 v.

797 374 938 406 NOTAE
971 374 1234 406 VARIORUM
1270 375 1320 406 ΙΝ

1090 469 1201 510 animi,
1211 471 1343 502 locorum
1354 480 1466 512 quoque
1476 480 1501 503 s.
1517 471 1564 502 vel
1570 470 1603 509 f.
1617 472 1768 503 instructa
1777 482 1790 509 ;

1087 529 1145 560 per
1159 531 1240 561 qaae,
1253 524 1305 563 ᾄτ.
1348 521 1478 563 Scythia
1491 522 1643 554 instructa
1661 523 1790 563 regitur

1092 569 1148 610 ab,
1164 577 1266 612 esset,
1282 572 1372 613 quod
1394 583 1437 604 ex
1460 582 1563 614 praec.
1580 573 1590 590 ‘
1605 573 1717 605 esset'
1740 574 1792 604 in-

1091 621 1269 662 telligend.
1283 627 1385 664 atque
1400 623 1466 655 huc
1482 623 1640 655 trahend.
1665 624 1772 663 Schef.

1134 672 1151 713 ξ
1174 676 1193 703 8
1220 673 1408 714 Tantumque
1447 683 1480 704 se
1509 673 1602 704 avida
1629 673 1791 714 expectat]

1091 722 1184 762 Lego
1199 726 1321 764 tamque
1336 734 1368 755 se
1381 733 1412 755 α.
1428 727 1579 764 expectet.
1602 723 1724 754 Faber.

1137 773 1327 813 Tantumque
1352 783 1384 804 se
1408 773 1501 804 avida
1529 776 1670 814 expectat
1695 773 1789 815 Asia]

1091 823 1179 855 Haee
1194 829 1230 855 et
1253 824 1406 864 proxime
1429 834 1524 866 seqq.
1547 824 1692 856 orationi
1705 825 1790 856 indi-

1091 878 1210 914 rectae‚
1241 884 1306 916 qua
1331 874 1462 906 Auctor
1485 884 1624 906 usurum
1647 884 1684 906 se
1710 885 1788 916 pro-

1091 922 1201 956 fessus
1227 923 1351 965 fuerat,
1378 925 1514 956 minime
1539 925 1687 956 omnium
1712 934 1790 957 con·

1092 979 1228 1014 gruunt.
1258 975 1334 1006 Vor.

1137 1025 1253 1055 Odium
1273 1026 1479 1056 Romanorum
1499 1025 1645 1066 incussit]
1673 1025 1787 1058 Scrib.

1090 1073 1212 1107 inussit.
1235 1075 1307 1108 Cic.
1323 1085 1348 1107 1.
1364 1076 1440 1107 Cat.
1454 1078 1485 1107 6.
1507 1076 1516 1093 ‘
1530 1076 1617 1108 Quae
1634 1080 1716 1107 nota
1731 1076 1790 1107 do-

1091 1126 1243 1157 mesticae
1261 1125 1482 1166 turpitudinis
1502 1134 1567 1156 non
1582 1125 1694 1157 inusta
1707 1125 1789 1157 vitae

1094 1180 1163 1207 tuae
1180 1176 1264 1208 est?y
1288 1180 1324 1207 et
1339 1185 1380 1207 11.
1396 1179 1430 1206 9.
1454 1176 1464 1193 ‘
1477 1176 1608 1207 Tantus
1618 1175 1707 1206 enirn
1718 1175 1791 1207 illo-

1094 1235 1167 1256 rum
1185 1230 1376 1266 temporum
1398 1225 1494 1258 dolor
1513 1226 1645 1257 inustus
1667 1230 1722 1258 est
1743 1226 1791 1258 ci-

1092 1274 1215 1308 vitati!
1239 1276 1338 1307 Gron.

1137 1326 1155 1366 ξ
1178 1328 1198 1356 9
1223 1326 1326 1360 Quam
1349 1333 1434 1355 nemo
1459 1327 1532 1355 ante
1559 1324 1693 1356 transire
1720 1328 1791 1356 tuto

1093 1378 1185 1416 atque
1211 1374 1312 1415 adire]
1360 1374 1501 1405 Mallem
1528 1383 1597 1414 qaae
1625 1383 1723 1414 nemo,
1752 1379 1792 1406 ut

1094 1425 1179 1457 illud
1194 1436 1262 1466 quoe
1276 1424 1461 1456 referretur
1473 1428 1510 1455 et
1524 1424 1566 1455 ad
1579 1424 1588 1441 ⁴
1600 1424 1790 1465 Scytliiam’

1095 1480 1131 1507 et
1159 1476 1202 1507 ad
1230 1476 1240 1494 ‘
1260 1474 1434 1507 Pontum!
1478 1474 1570 1505 Nam
1606 1475 1689 1506 alias
1723 1485 1791 1507 non

1094 1526 1206 1567 video,
1231 1526 1400 1568 quomodo
1423 1525 1630 1557 conveniant
1651 1525 1719 1558 duo
1734 1526 1793 1558 illa

1094 1583 1198 1615 verba
1209 1583 1397 1625 sequentia,
1408 1583 1418 1600 ‘
1428 1581 1583 1614 transire'
1599 1586 1635 1613 et
1646 1582 1656 1599 ‘
1665 1580 1758 1612 adire
1772 1579 1793 1620 ς’

1095 1634 1161 1665 nisi
1183 1635 1326 1665 alterum
1353 1633 1396 1665 ad
1422 1631 1619 1673 ‘Pontum‚’
1648 1632 1792 1664 alterum

1095 1684 1139 1715 ad
1169 1685 1179 1702 ‘
1196 1684 1391 1725 Scytliiam'
1417 1683 1595 1715 referatur.
1638 1683 1695 1714 De
1719 1682 1792 1713 sola

1096 1734 1223 1776 quippe
1254 1734 1393 1774 Scythia
1426 1738 1672 1774 praeposterum
1702 1736 1794 1764 esset

1095 1784 1211 1815 dicere
1229 1784 1338 1824 primo
1353 1784 1363 1801 ‘
1376 1783 1544 1824 transire,'
1560 1787 1639 1824 post
1651 1782 1660 1799 ‘
1674 1782 1794 1815 adire:

1095 1833 1197 1872 Schef.

1139 1885 1157 1924 ᾧ
1181 1886 1221 1914 10
1246 1884 1295 1914 Ne
1322 1883 1405 1924 ipsos
1428 1882 1558 1922 milites]
1597 1882 1640 1914 In
1669 1881 1792 1923 exiguo

1096 1933 1236 1965 verbulo
1252 1943 1391 1974 magnus
1406 1942 1521 1972 error;
1544 1933 1611 1973 leg.
1631 1942 1699 1973 nec,
1717 1932 1741 1964 i.
1759 1942 1791 1963 e.

1095 1992 1138 2014 ne
1155 1982 1303 2024 quidem.
1326 1983 1402 2014 Fab.

1141 2033 1282 2072 Colchos]
1312 2032 1425 2064 Strab.
1443 2041 1508 2064 xu.
1530 2033 1636 2071 Bong.

1138 2080 1348 2122 Bosphorum]
1391 2082 1525 2121 Nempe
1559 2080 1789 2113 Cimmerium.

1095 2133 1281 2165 Berneccer.
1326 2132 1395 2162 Hic
1425 2131 1538 2171 agitur
1565 2130 1608 2161 de
1637 2129 1790 2161 faucibus

1096 2183 1270 2214 Cimmerii
1285 2181 1376 2221 freti,
1389 2190 1455 2211 non
1471 2180 1514 2210 de
1534 2180 1696 2221 angustiis
1711 2179 1789 2211 freti

1096 2233 1290 2272 Byzantini.
1317 2231 1384 2262 Sed
1401 2231 1521 2262 vellem
1536 2230 1624 2262 hunc
1640 2239 1789 2261 errorem

1096 2292 1140 2313 ex
1176 2283 1328 2314 omnibus
1365 2281 1459 2312 libris
1495 2281 1661 2312 sublatum
1703 2289 1790 2311 esse.

1097 2333 1207 2364 Scribi
1224 2333 1313 2364 enim
1327 2332 1431 2363 debet
1446 2331 1617 2371 Bosporus,
1628 2340 1694 2362 non
1710 2330 1790 2362 Bos-

1094 2385 1220 2424 phorus.
1242 2383 1323 2415 Fab.

1141 2435 1228 2466 CAP.
1247 2443 1328 2465 viu.
1361 2434 1378 2474 ᾧ
1404 2435 1420 2463 1
1447 2432 1521 2463 Post
1547 2441 1642 2463 annos
1669 2434 1734 2462 tres
1761 2434 1791 2462 et

1096 2485 1226 2526 viginti]
1251 2485 1333 2523 Pro,
1348 2483 1444 2514 annis
1459 2482 1568 2514 tribus
1583 2485 1618 2512 et
1632 2481 1698 2521 vig.
1715 2485 1792 2521 post

1098 2540 1268 2576 sumptum
1292 2543 1446 2574 regnum.
1486 2532 1603 2564 Simile
1628 2531 1677 2562 illi
1703 2531 1791 2573 quod

1099 2595 1204 2617 xvur.
1221 2588 1251 2617 3.
1265 2590 1296 2617 5.
1318 2585 1544 2625 observatum,
1555 2583 1565 2600 ‘
1577 2586 1655 2614 ante
1668 2591 1791 2614 annum

1097 2636 1256 2676 'l'rojanae
1270 2634 1394 2667 cladis.’
1423 2634 1494 2665 Vor.

1141 2686 1158 2725 ᾧ
1182 2688 1201 2715 2
1224 2685 1351 2716 Mortuo
1378 2692 1451 2723 rege
1481 2681 1660 2722 Ptolemaeo]
1705 2682 1792 2713 Post

1098 2734 1322 2766 Ptolemaeum
1344 2733 1605 2765 Philometorem
1622 2732 1704 2763 ordo
1720 2742 1794 2763 suc-

1097 2785 1256 2817 cessionis
1269 2794 1385 2824 regum
1400 2783 1538 2823 AEgypti
1554 2787 1703 2814 mutatus
1717 2787 1768 2814 est
1782 2793 1791 2814 ι

1099 2836 1162 2866 linc
1174 2844 1280 2876 nsque
1296 2834 1384 2865 euim
1409 2833 1497 2873 patri
1520 2832 1606 2864 {ilius
1622 2842 1790 2864 successe-

1099 2889 1162 2916 rat.
1210 2883 1255 2915 At
1272 2883 1488 2915 Philometor-i
1505 2882 1611 2914 frater
1628 2883 1792 2915 successit

1100 2937 1286 2976 Evergetes
1316 2944 1356 2966 11.
1393 2934 1513 2972 dictus,
1551 2939 1585 2966 ct
1622 2934 1788 2975 Physcon.
