<?xml version="1.0" encoding="UTF-8"?>
<!DOCTYPE html PUBLIC "-//W3C//DTD XHTML 1.0 Transitional//EN"
    "http://www.w3.org/TR/xhtml1/DTD/xhtml1-transitional.dtd">
<html xmlns="http://www.w3.org/1999/xhtml" xml:lang="en" lang="en">
 <head>
  <title>
</title>
<meta http-equiv="Content-Type" content="text/html;charset=utf-8" />
  <meta name='ocr-system' content='tesseract 3.04.00' />
  <meta name='ocr-capabilities' content='ocr_page ocr_carea ocr_par ocr_line ocrx_word'/>
</head>
<body>
  <div class='ocr_page' id='page_1' title='image "./historiaephilipp02just/historiaephilipp02just_0359.png"; bbox 0 0 2101 3419; ppageno 0'>
   <div class='ocr_carea' id='block_1_1' title="bbox 475 353 1195 394">
    <p class='ocr_par' dir='ltr' id='par_1_1' title="bbox 475 353 1195 394">
     <span class='ocr_line' id='line_1_1' title="bbox 475 353 1195 394; baseline -0.001 0"><span class='ocrx_word' id='word_1_1' title='bbox 475 363 670 394; x_wconf 74' lang='lat' dir='ltr'>JUSTINI</span> <span class='ocrx_word' id='word_1_2' title='bbox 709 364 800 394; x_wconf 73' lang='lat' dir='ltr'>mn.</span> <span class='ocrx_word' id='word_1_3' title='bbox 836 364 986 394; x_wconf 77' lang='lat' dir='ltr'>xxxi.</span> <span class='ocrx_word' id='word_1_4' title='bbox 1018 364 1125 393; x_wconf 75' lang='grc' dir='ltr'><strong>οΑν.</strong></span> <span class='ocrx_word' id='word_1_5' title='bbox 1155 353 1195 393; x_wconf 82' lang='lat'>8.</span> 
     </span>
    </p>
   </div>
   <div class='ocr_carea' id='block_1_2' title="bbox 126 457 858 3000">
    <p class='ocr_par' dir='ltr' id='par_1_2' title="bbox 126 457 842 1743">
     <span class='ocr_line' id='line_1_2' title="bbox 126 457 818 499; baseline -0.001 -10"><span class='ocrx_word' id='word_1_6' title='bbox 126 457 395 499; x_wconf 78' lang='lat' dir='ltr'>praeferentibus,</span> <span class='ocrx_word' id='word_1_7' title='bbox 410 461 446 489; x_wconf 86' lang='lat' dir='ltr'>et</span> <span class='ocrx_word' id='word_1_8' title='bbox 467 457 628 490; x_wconf 85' lang='lat' dir='ltr'>Romanis</span> <span class='ocrx_word' id='word_1_9' title='bbox 652 459 739 491; x_wconf 85' lang='lat' dir='ltr'>laetis</span> <span class='ocrx_word' id='word_1_10' title='bbox 755 459 818 490; x_wconf 89' lang='lat' dir='ltr'>ori-</span> 
     </span>
     <span class='ocr_line' id='line_1_3' title="bbox 126 508 818 549; baseline 0.001 -11"><span class='ocrx_word' id='word_1_11' title='bbox 126 509 203 549; x_wconf 86' lang='lat' dir='ltr'>gine</span> <span class='ocrx_word' id='word_1_12' title='bbox 219 508 299 540; x_wconf 69' lang='lat' dir='ltr'>sua!</span> <span class='ocrx_word' id='word_1_13' title='bbox 335 509 380 540; x_wconf 86' lang='lat' dir='ltr'>Et</span> <span class='ocrx_word' id='word_1_14' title='bbox 396 513 536 548; x_wconf 84' lang='lat' dir='ltr'>propter</span> <span class='ocrx_word' id='word_1_15' title='bbox 549 508 715 539; x_wconf 77' lang='lat' dir='ltr'>creditam</span> <span class='ocrx_word' id='word_1_16' title='bbox 732 508 818 539; x_wconf 85' lang='lat' dir='ltr'>hanc</span> 
     </span>
     <span class='ocr_line' id='line_1_4' title="bbox 127 558 820 598; baseline 0.001 -10"><span class='ocrx_word' id='word_1_17' title='bbox 127 558 365 598; x_wconf 87' lang='lat' dir='ltr'>cognationem</span> <span class='ocrx_word' id='word_1_18' title='bbox 379 558 492 588; x_wconf 87' lang='lat' dir='ltr'>multis</span> <span class='ocrx_word' id='word_1_19' title='bbox 514 561 550 589; x_wconf 90' lang='lat' dir='ltr'>et</span> <span class='ocrx_word' id='word_1_20' title='bbox 572 558 701 598; x_wconf 81' lang='lat' dir='ltr'>magnis</span> <span class='ocrx_word' id='word_1_21' title='bbox 719 559 820 590; x_wconf 85' lang='lat' dir='ltr'>bene-</span> 
     </span>
     <span class='ocr_line' id='line_1_5' title="bbox 127 606 821 640; baseline 0.003 -2"><span class='ocrx_word' id='word_1_22' title='bbox 127 607 211 639; x_wconf 83' lang='lat' dir='ltr'>ficiis</span> <span class='ocrx_word' id='word_1_23' title='bbox 227 617 246 639; x_wconf 92' lang='lat' dir='ltr'>a</span> <span class='ocrx_word' id='word_1_24' title='bbox 261 608 418 639; x_wconf 87' lang='lat' dir='ltr'>Romanis</span> <span class='ocrx_word' id='word_1_25' title='bbox 433 606 548 639; x_wconf 80' lang='lat' dir='ltr'>affecti</span> <span class='ocrx_word' id='word_1_26' title='bbox 571 613 649 640; x_wconf 92' lang='lat' dir='ltr'>sunt</span> <span class='ocrx_word' id='word_1_27' title='bbox 667 609 821 640; x_wconf 83' lang='lat' dir='ltr'>Ilienses.</span> 
     </span>
     <span class='ocr_line' id='line_1_6' title="bbox 128 657 821 700; baseline 0.001 -12"><span class='ocrx_word' id='word_1_28' title='bbox 128 657 224 688; x_wconf 85' lang='lat' dir='ltr'>Suet.</span> <span class='ocrx_word' id='word_1_29' title='bbox 241 657 357 689; x_wconf 88' lang='lat' dir='ltr'>Claud.</span> <span class='ocrx_word' id='word_1_30' title='bbox 373 660 425 689; x_wconf 81' lang='lat'>25.</span> <span class='ocrx_word' id='word_1_31' title='bbox 442 660 494 689; x_wconf 79' lang='lat'>14.</span> <span class='ocrx_word' id='word_1_32' title='bbox 510 658 519 675; x_wconf 87' lang='lat'>‘</span> <span class='ocrx_word' id='word_1_33' title='bbox 533 658 710 690; x_wconf 83' lang='lat' dir='ltr'><strong>Iliensibus</strong></span> <span class='ocrx_word' id='word_1_34' title='bbox 725 659 821 700; x_wconf 85' lang='lat' dir='ltr'>quasi</span> 
     </span>
     <span class='ocr_line' id='line_1_7' title="bbox 129 706 823 747; baseline 0.003 -9"><span class='ocrx_word' id='word_1_35' title='bbox 129 707 286 738; x_wconf 84' lang='lat' dir='ltr'>Romanae</span> <span class='ocrx_word' id='word_1_36' title='bbox 301 706 412 747; x_wconf 83' lang='lat' dir='ltr'>gentis</span> <span class='ocrx_word' id='word_1_37' title='bbox 428 708 622 739; x_wconf 90' lang='lat' dir='ltr'>auctoribus</span> <span class='ocrx_word' id='word_1_38' title='bbox 647 709 774 740; x_wconf 89' lang='lat' dir='ltr'>tributa</span> <span class='ocrx_word' id='word_1_39' title='bbox 789 710 823 740; x_wconf 92' lang='lat' dir='ltr'>in</span> 
     </span>
     <span class='ocr_line' id='line_1_8' title="bbox 128 757 823 797; baseline 0.007 -11"><span class='ocrx_word' id='word_1_40' title='bbox 128 761 330 797; x_wconf 90' lang='lat' dir='ltr'>perpetuum</span> <span class='ocrx_word' id='word_1_41' title='bbox 339 757 487 788; x_wconf 82' lang='lat' dir='ltr'>remisit.’</span> <span class='ocrx_word' id='word_1_42' title='bbox 497 758 823 791; x_wconf 86' lang='lat' dir='ltr'>CallistratusJCtus</span> 
     </span>
     <span class='ocr_line' id='line_1_9' title="bbox 130 806 824 849; baseline 0.004 -12"><span class='ocrx_word' id='word_1_43' title='bbox 130 806 168 837; x_wconf 92' lang='lat' dir='ltr'>L.</span> <span class='ocrx_word' id='word_1_44' title='bbox 183 809 234 837; x_wconf 86' lang='grc'>17.</span> <span class='ocrx_word' id='word_1_45' title='bbox 247 807 264 847; x_wconf 56' lang='grc' dir='ltr'><strong>ξ</strong></span> <span class='ocrx_word' id='word_1_46' title='bbox 276 809 305 837; x_wconf 93' lang='lat'>1.</span> <span class='ocrx_word' id='word_1_47' title='bbox 320 806 362 837; x_wconf 86' lang='lat' dir='ltr'>de</span> <span class='ocrx_word' id='word_1_48' title='bbox 376 808 497 839; x_wconf 87' lang='lat' dir='ltr'>Excus.</span> <span class='ocrx_word' id='word_1_49' title='bbox 508 809 584 840; x_wconf 81' lang='lat' dir='ltr'>Tur.</span> <span class='ocrx_word' id='word_1_50' title='bbox 601 809 610 826; x_wconf 84' lang='lat'>‘</span> <span class='ocrx_word' id='word_1_51' title='bbox 622 808 824 849; x_wconf 84' lang='lat' dir='ltr'>11iensibns,¹</span> 
     </span>
     <span class='ocr_line' id='line_1_10' title="bbox 129 855 826 898; baseline 0.007 -13"><span class='ocrx_word' id='word_1_52' title='bbox 129 855 251 896; x_wconf 90' lang='lat' dir='ltr'>inquit,</span> <span class='ocrx_word' id='word_1_53' title='bbox 266 856 275 872; x_wconf 90' lang='lat'>‘</span> <span class='ocrx_word' id='word_1_54' title='bbox 291 860 327 887; x_wconf 85' lang='lat' dir='ltr'>et</span> <span class='ocrx_word' id='word_1_55' title='bbox 339 861 480 897; x_wconf 85' lang='lat' dir='ltr'>propter</span> <span class='ocrx_word' id='word_1_56' title='bbox 496 857 658 898; x_wconf 78' lang='lat' dir='ltr'>inclytam</span> <span class='ocrx_word' id='word_1_57' title='bbox 670 858 826 890; x_wconf 87' lang='lat' dir='ltr'>nobilita-</span> 
     </span>
     <span class='ocr_line' id='line_1_11' title="bbox 131 905 828 950; baseline 0.007 -14"><span class='ocrx_word' id='word_1_58' title='bbox 131 908 200 936; x_wconf 85' lang='lat' dir='ltr'>tem</span> <span class='ocrx_word' id='word_1_59' title='bbox 216 905 379 946; x_wconf 88' lang='lat' dir='ltr'>civitatis‚</span> <span class='ocrx_word' id='word_1_60' title='bbox 395 911 430 938; x_wconf 91' lang='lat' dir='ltr'>et</span> <span class='ocrx_word' id='word_1_61' title='bbox 453 912 592 948; x_wconf 86' lang='lat' dir='ltr'>propter</span> <span class='ocrx_word' id='word_1_62' title='bbox 619 909 828 950; x_wconf 87' lang='lat' dir='ltr'>conjunctio-</span> 
     </span>
     <span class='ocr_line' id='line_1_12' title="bbox 131 956 828 1000; baseline 0.007 -15"><span class='ocrx_word' id='word_1_63' title='bbox 131 964 206 986; x_wconf 86' lang='lat' dir='ltr'>nem</span> <span class='ocrx_word' id='word_1_64' title='bbox 219 956 357 996; x_wconf 86' lang='lat' dir='ltr'>originis</span> <span class='ocrx_word' id='word_1_65' title='bbox 372 957 626 999; x_wconf 82' lang='lat' dir='ltr'>Romanae‚jam</span> <span class='ocrx_word' id='word_1_66' title='bbox 641 959 828 1000; x_wconf 87' lang='lat' dir='ltr'>antiquitus</span> 
     </span>
     <span class='ocr_line' id='line_1_13' title="bbox 131 1005 830 1050; baseline 0.009 -15"><span class='ocrx_word' id='word_1_67' title='bbox 131 1009 167 1036; x_wconf 90' lang='lat' dir='ltr'>et</span> <span class='ocrx_word' id='word_1_68' title='bbox 179 1005 486 1038; x_wconf 80' lang='lat' dir='ltr'>senatusconsultis</span> <span class='ocrx_word' id='word_1_69' title='bbox 499 1011 534 1039; x_wconf 87' lang='lat' dir='ltr'>et</span> <span class='ocrx_word' id='word_1_70' title='bbox 550 1009 739 1050; x_wconf 81' lang='lat' dir='ltr'>principum</span> <span class='ocrx_word' id='word_1_71' title='bbox 753 1019 830 1041; x_wconf 91' lang='lat' dir='ltr'>con-</span> 
     </span>
     <span class='ocr_line' id='line_1_14' title="bbox 132 1055 830 1097; baseline 0.009 -12"><span class='ocrx_word' id='word_1_72' title='bbox 132 1055 366 1087; x_wconf 81' lang='lat' dir='ltr'>stitutionibus</span> <span class='ocrx_word' id='word_1_73' title='bbox 403 1057 599 1097; x_wconf 88' lang='lat' dir='ltr'>plenissima</span> <span class='ocrx_word' id='word_1_74' title='bbox 637 1058 830 1091; x_wconf 87' lang='lat' dir='ltr'>immunitas</span> 
     </span>
     <span class='ocr_line' id='line_1_15' title="bbox 135 1105 831 1146; baseline 0.009 -11"><span class='ocrx_word' id='word_1_75' title='bbox 135 1105 262 1136; x_wconf 80' lang='lat' dir='ltr'>tributa</span> <span class='ocrx_word' id='word_1_76' title='bbox 281 1109 345 1146; x_wconf 89' lang='lat' dir='ltr'>est,</span> <span class='ocrx_word' id='word_1_77' title='bbox 368 1110 406 1137; x_wconf 92' lang='lat' dir='ltr'>ut</span> <span class='ocrx_word' id='word_1_78' title='bbox 429 1107 532 1138; x_wconf 88' lang='lat' dir='ltr'>etiam</span> <span class='ocrx_word' id='word_1_79' title='bbox 556 1109 673 1140; x_wconf 76' lang='lat' dir='ltr'>tutelae</span> <span class='ocrx_word' id='word_1_80' title='bbox 692 1119 831 1141; x_wconf 88' lang='lat' dir='ltr'>excusa-</span> 
     </span>
     <span class='ocr_line' id='line_1_16' title="bbox 136 1155 831 1199; baseline 0.007 -13"><span class='ocrx_word' id='word_1_81' title='bbox 136 1155 263 1187; x_wconf 89' lang='lat' dir='ltr'>tionem</span> <span class='ocrx_word' id='word_1_82' title='bbox 291 1156 462 1189; x_wconf 77' lang='lat' dir='ltr'>}iabeant.&#39;</span> <span class='ocrx_word' id='word_1_83' title='bbox 517 1158 607 1190; x_wconf 82' lang='lat' dir='ltr'>Quin</span> <span class='ocrx_word' id='word_1_84' title='bbox 634 1158 707 1199; x_wconf 88' lang='lat' dir='ltr'>ipse</span> <span class='ocrx_word' id='word_1_85' title='bbox 730 1159 831 1190; x_wconf 90' lang='lat' dir='ltr'>etiam</span> 
     </span>
     <span class='ocr_line' id='line_1_17' title="bbox 136 1204 833 1249; baseline 0.007 -13"><span class='ocrx_word' id='word_1_86' title='bbox 136 1204 331 1237; x_wconf 80' lang='lat' dir='ltr'>Alexander</span> <span class='ocrx_word' id='word_1_87' title='bbox 354 1207 403 1237; x_wconf 89' lang='lat' dir='ltr'>M.</span> <span class='ocrx_word' id='word_1_88' title='bbox 426 1211 501 1247; x_wconf 88' lang='lat' dir='ltr'>post</span> <span class='ocrx_word' id='word_1_89' title='bbox 524 1218 670 1249; x_wconf 83' lang='lat' dir='ltr'>pugnam</span> <span class='ocrx_word' id='word_1_90' title='bbox 686 1209 727 1240; x_wconf 89' lang='lat' dir='ltr'>ad</span> <span class='ocrx_word' id='word_1_91' title='bbox 746 1209 833 1241; x_wconf 83' lang='lat' dir='ltr'>Gra-</span> 
     </span>
     <span class='ocr_line' id='line_1_18' title="bbox 136 1257 834 1305; baseline 0.009 -18"><span class='ocrx_word' id='word_1_92' title='bbox 136 1257 247 1289; x_wconf 89' lang='lat' dir='ltr'>nicum</span> <span class='ocrx_word' id='word_1_93' title='bbox 263 1259 364 1291; x_wconf 88' lang='lat' dir='ltr'>eand.</span> <span class='ocrx_word' id='word_1_94' title='bbox 380 1260 464 1292; x_wconf 91' lang='lat' dir='ltr'>hanc</span> <span class='ocrx_word' id='word_1_95' title='bbox 480 1262 598 1293; x_wconf 88' lang='lat' dir='ltr'>urbem</span> <span class='ocrx_word' id='word_1_96' title='bbox 611 1262 770 1305; x_wconf 80' lang='grc' dir='ltr'>ἐλευθέραν</span> <span class='ocrx_word' id='word_1_97' title='bbox 785 1262 834 1295; x_wconf 74' lang='grc' dir='ltr'>καὶ</span> 
     </span>
     <span class='ocr_line' id='line_1_19' title="bbox 136 1307 834 1352; baseline 0.011 -14"><span class='ocrx_word' id='word_1_98' title='bbox 136 1307 250 1349; x_wconf 72' lang='grc' dir='ltr'>ἄφορον</span> <span class='ocrx_word' id='word_1_99' title='bbox 279 1311 524 1352; x_wconf 83' lang='lat' dir='ltr'>pronunciavit,</span> <span class='ocrx_word' id='word_1_100' title='bbox 553 1318 693 1345; x_wconf 88' lang='lat' dir='ltr'>auctore</span> <span class='ocrx_word' id='word_1_101' title='bbox 720 1314 834 1345; x_wconf 75' lang='lat' dir='ltr'>Strab-</span> 
     </span>
     <span class='ocr_line' id='line_1_20' title="bbox 140 1362 836 1400; baseline 0.009 -11"><span class='ocrx_word' id='word_1_102' title='bbox 140 1368 221 1391; x_wconf 83' lang='lat' dir='ltr'>xm.</span> <span class='ocrx_word' id='word_1_103' title='bbox 251 1369 285 1400; x_wconf 87' lang='lat' dir='ltr'>p.</span> <span class='ocrx_word' id='word_1_104' title='bbox 316 1362 391 1391; x_wconf 84' lang='grc'><strong>408.</strong></span> <span class='ocrx_word' id='word_1_105' title='bbox 430 1362 517 1394; x_wconf 87' lang='lat' dir='ltr'>Mod.</span> <span class='ocrx_word' id='word_1_106' title='bbox 582 1364 662 1396; x_wconf 85' lang='lat' dir='ltr'>Tac.</span> <span class='ocrx_word' id='word_1_107' title='bbox 690 1373 759 1396; x_wconf 84' lang='lat' dir='ltr'>xu.</span> <span class='ocrx_word' id='word_1_108' title='bbox 784 1367 836 1395; x_wconf 84' lang='lat'>58.</span> 
     </span>
     <span class='ocr_line' id='line_1_21' title="bbox 139 1410 837 1453; baseline 0.009 -14"><span class='ocrx_word' id='word_1_109' title='bbox 139 1410 148 1426; x_wconf 82' lang='lat'><strong>⁴</strong></span> <span class='ocrx_word' id='word_1_110' title='bbox 169 1410 274 1448; x_wconf 87' lang='lat' dir='ltr'>Nero,</span> <span class='ocrx_word' id='word_1_111' title='bbox 288 1414 327 1440; x_wconf 90' lang='lat' dir='ltr'>ut</span> <span class='ocrx_word' id='word_1_112' title='bbox 344 1410 543 1451; x_wconf 73' lang='lat' dir='ltr'>eloquentiae</span> <span class='ocrx_word' id='word_1_113' title='bbox 566 1413 673 1453; x_wconf 83' lang='lat' dir='ltr'>gloria</span> <span class='ocrx_word' id='word_1_114' title='bbox 693 1414 837 1445; x_wconf 88' lang='lat' dir='ltr'>nitesce-</span> 
     </span>
     <span class='ocr_line' id='line_1_22' title="bbox 142 1459 839 1502; baseline 0.007 -13"><span class='ocrx_word' id='word_1_115' title='bbox 142 1463 208 1499; x_wconf 87' lang='lat' dir='ltr'>ret,</span> <span class='ocrx_word' id='word_1_116' title='bbox 222 1469 324 1490; x_wconf 88' lang='lat' dir='ltr'>causa</span> <span class='ocrx_word' id='word_1_117' title='bbox 337 1459 510 1491; x_wconf 90' lang='lat' dir='ltr'>Iliensium</span> <span class='ocrx_word' id='word_1_118' title='bbox 531 1467 702 1502; x_wconf 89' lang='lat' dir='ltr'>suscepta,</span> <span class='ocrx_word' id='word_1_119' title='bbox 718 1464 839 1494; x_wconf 85' lang='lat' dir='ltr'>Roma-</span> 
     </span>
     <span class='ocr_line' id='line_1_23' title="bbox 142 1509 839 1552; baseline 0.004 -13"><span class='ocrx_word' id='word_1_120' title='bbox 142 1519 221 1540; x_wconf 91' lang='lat' dir='ltr'>num</span> <span class='ocrx_word' id='word_1_121' title='bbox 231 1509 336 1550; x_wconf 86' lang='lat' dir='ltr'>Troja</span> <span class='ocrx_word' id='word_1_122' title='bbox 351 1509 545 1550; x_wconf 90' lang='lat' dir='ltr'>demissum,</span> <span class='ocrx_word' id='word_1_123' title='bbox 557 1516 592 1542; x_wconf 84' lang='lat' dir='ltr'>et</span> <span class='ocrx_word' id='word_1_124' title='bbox 607 1512 710 1544; x_wconf 73' lang='lat' dir='ltr'>Juliae</span> <span class='ocrx_word' id='word_1_125' title='bbox 724 1512 839 1552; x_wconf 84' lang='lat' dir='ltr'>stirpis</span> 
     </span>
     <span class='ocr_line' id='line_1_24' title="bbox 144 1559 840 1602; baseline 0.004 -13"><span class='ocrx_word' id='word_1_126' title='bbox 144 1564 317 1590; x_wconf 81' lang='lat' dir='ltr'>auctorem</span> <span class='ocrx_word' id='word_1_127' title='bbox 333 1559 484 1600; x_wconf 85' lang='lat' dir='ltr'>AEneam‚</span> <span class='ocrx_word' id='word_1_128' title='bbox 496 1560 628 1602; x_wconf 85' lang='lat' dir='ltr'>aliaque</span> <span class='ocrx_word' id='word_1_129' title='bbox 654 1561 742 1592; x_wconf 86' lang='lat' dir='ltr'>haud</span> <span class='ocrx_word' id='word_1_130' title='bbox 765 1571 840 1602; x_wconf 88' lang='lat' dir='ltr'>pro-</span> 
     </span>
     <span class='ocr_line' id='line_1_25' title="bbox 143 1608 842 1651; baseline 0.004 -12"><span class='ocrx_word' id='word_1_131' title='bbox 143 1609 199 1639; x_wconf 90' lang='lat' dir='ltr'>cul</span> <span class='ocrx_word' id='word_1_132' title='bbox 214 1608 335 1639; x_wconf 87' lang='lat' dir='ltr'>fabulis</span> <span class='ocrx_word' id='word_1_133' title='bbox 351 1613 468 1640; x_wconf 87' lang='lat' dir='ltr'>vetera</span> <span class='ocrx_word' id='word_1_134' title='bbox 488 1609 632 1641; x_wconf 82' lang='lat' dir='ltr'>facunde</span> <span class='ocrx_word' id='word_1_135' title='bbox 650 1616 842 1651; x_wconf 78' lang='lat' dir='ltr'>exsecutuS,</span> 
     </span>
     <span class='ocr_line' id='line_1_26' title="bbox 143 1660 841 1703; baseline 0.004 -13"><span class='ocrx_word' id='word_1_136' title='bbox 143 1660 305 1701; x_wconf 80' lang='lat' dir='ltr'>impetrat</span> <span class='ocrx_word' id='word_1_137' title='bbox 318 1664 355 1691; x_wconf 88' lang='lat' dir='ltr'>nt</span> <span class='ocrx_word' id='word_1_138' title='bbox 367 1660 507 1691; x_wconf 86' lang='lat' dir='ltr'>Ilienses</span> <span class='ocrx_word' id='word_1_139' title='bbox 519 1662 608 1692; x_wconf 91' lang='lat' dir='ltr'>omni</span> <span class='ocrx_word' id='word_1_140' title='bbox 624 1662 759 1703; x_wconf 90' lang='lat' dir='ltr'>publico</span> <span class='ocrx_word' id='word_1_141' title='bbox 772 1672 841 1693; x_wconf 89' lang='lat' dir='ltr'>mn-</span> 
     </span>
     <span class='ocr_line' id='line_1_27' title="bbox 145 1710 599 1743; baseline 0.004 -3"><span class='ocrx_word' id='word_1_142' title='bbox 145 1719 227 1740; x_wconf 92' lang='lat' dir='ltr'>nere</span> <span class='ocrx_word' id='word_1_143' title='bbox 244 1710 476 1741; x_wconf 62' lang='lat' dir='ltr'>solverentur!</span> <span class='ocrx_word' id='word_1_144' title='bbox 500 1712 599 1743; x_wconf 77' lang='lat' dir='ltr'>Rern.</span> 
     </span>
    </p>

    <p class='ocr_par' dir='ltr' id='par_1_3' title="bbox 147 1761 844 1953">
     <span class='ocr_line' id='line_1_28' title="bbox 191 1761 843 1804; baseline 0.008 -14"><span class='ocrx_word' id='word_1_145' title='bbox 191 1761 365 1801; x_wconf 75' lang='lat' dir='ltr'>Optubilem</span> <span class='ocrx_word' id='word_1_146' title='bbox 392 1762 492 1800; x_wconf 75' lang='lat' dir='ltr'>Trojae</span> <span class='ocrx_word' id='word_1_147' title='bbox 512 1763 646 1801; x_wconf 79' lang='lat' dir='ltr'>ruinam,</span> <span class='ocrx_word' id='word_1_148' title='bbox 668 1764 733 1804; x_wconf 54' lang='lat' dir='ltr'>&amp;ej</span> <span class='ocrx_word' id='word_1_149' title='bbox 764 1764 843 1796; x_wconf 87' lang='lat' dir='ltr'>Sen.</span> 
     </span>
     <span class='ocr_line' id='line_1_29' title="bbox 147 1810 844 1852; baseline 0.007 -12"><span class='ocrx_word' id='word_1_150' title='bbox 147 1810 211 1851; x_wconf 89' lang='lat' dir='ltr'>Ep.</span> <span class='ocrx_word' id='word_1_151' title='bbox 228 1813 280 1841; x_wconf 79' lang='lat'>91.</span> <span class='ocrx_word' id='word_1_152' title='bbox 295 1820 339 1842; x_wconf 90' lang='lat' dir='ltr'>m.</span> <span class='ocrx_word' id='word_1_153' title='bbox 361 1812 370 1828; x_wconf 90' lang='lat'>‘</span> <span class='ocrx_word' id='word_1_154' title='bbox 388 1812 485 1851; x_wconf 74' lang='lat' dir='ltr'>Saepe</span> <span class='ocrx_word' id='word_1_155' title='bbox 505 1813 621 1852; x_wconf 79' lang='lat' dir='ltr'>majori</span> <span class='ocrx_word' id='word_1_156' title='bbox 636 1812 780 1845; x_wconf 87' lang='lat' dir='ltr'>fortunae</span> <span class='ocrx_word' id='word_1_157' title='bbox 797 1814 844 1845; x_wconf 92' lang='lat' dir='ltr'>lo-</span> 
     </span>
     <span class='ocr_line' id='line_1_30' title="bbox 147 1859 844 1903; baseline 0.006 -13"><span class='ocrx_word' id='word_1_158' title='bbox 147 1870 223 1891; x_wconf 90' lang='lat' dir='ltr'>cum</span> <span class='ocrx_word' id='word_1_159' title='bbox 245 1859 327 1891; x_wconf 82' lang='lat' dir='ltr'>fecit</span> <span class='ocrx_word' id='word_1_160' title='bbox 346 1861 488 1901; x_wconf 86' lang='lat' dir='ltr'>injuria:</span> <span class='ocrx_word' id='word_1_161' title='bbox 511 1863 618 1893; x_wconf 84' lang='lat' dir='ltr'>multa</span> <span class='ocrx_word' id='word_1_162' title='bbox 634 1863 844 1903; x_wconf 88' lang='lat' dir='ltr'>ceciderunt,</span> 
     </span>
     <span class='ocr_line' id='line_1_31' title="bbox 148 1911 844 1953; baseline 0.004 -12"><span class='ocrx_word' id='word_1_163' title='bbox 148 1915 186 1942; x_wconf 88' lang='lat' dir='ltr'>ut</span> <span class='ocrx_word' id='word_1_164' title='bbox 199 1911 299 1942; x_wconf 87' lang='lat' dir='ltr'>altius</span> <span class='ocrx_word' id='word_1_165' title='bbox 317 1915 493 1951; x_wconf 70' lang='lat' dir='ltr'>surgerent</span> <span class='ocrx_word' id='word_1_166' title='bbox 505 1917 540 1943; x_wconf 89' lang='lat' dir='ltr'>et</span> <span class='ocrx_word' id='word_1_167' title='bbox 552 1912 585 1942; x_wconf 93' lang='lat' dir='ltr'>in</span> <span class='ocrx_word' id='word_1_168' title='bbox 601 1912 729 1953; x_wconf 69' lang='lat' dir='ltr'>majus!</span> <span class='ocrx_word' id='word_1_169' title='bbox 745 1914 844 1944; x_wconf 82' lang='lat' dir='ltr'>Rern.</span> 
     </span>
    </p>

    <p class='ocr_par' dir='ltr' id='par_1_4' title="bbox 149 1960 847 2142">
     <span class='ocr_line' id='line_1_32' title="bbox 195 1960 846 2002; baseline 0.002 -11"><span class='ocrx_word' id='word_1_170' title='bbox 195 1961 239 1991; x_wconf 90' lang='lat' dir='ltr'>Ut</span> <span class='ocrx_word' id='word_1_171' title='bbox 253 1964 317 1991; x_wconf 77' lang='lat' dir='ltr'>tam</span> <span class='ocrx_word' id='word_1_172' title='bbox 323 1960 466 1998; x_wconf 81' lang='lat' dir='ltr'>feliciter</span> <span class='ocrx_word' id='word_1_173' title='bbox 478 1962 701 2002; x_wconf 81' lang='lat' dir='ltr'>renasceretur]</span> <span class='ocrx_word' id='word_1_174' title='bbox 725 1963 846 1994; x_wconf 85' lang='lat' dir='ltr'>Horat.</span> 
     </span>
     <span class='ocr_line' id='line_1_33' title="bbox 151 2009 845 2052; baseline 0.001 -11"><span class='ocrx_word' id='word_1_175' title='bbox 151 2018 206 2041; x_wconf 86' lang='lat'>111.</span> <span class='ocrx_word' id='word_1_176' title='bbox 233 2009 300 2041; x_wconf 90' lang='lat' dir='ltr'>Od.</span> <span class='ocrx_word' id='word_1_177' title='bbox 322 2013 354 2041; x_wconf 86' lang='lat'>3.</span> <span class='ocrx_word' id='word_1_178' title='bbox 383 2010 425 2041; x_wconf 87' lang='lat' dir='ltr'>de</span> <span class='ocrx_word' id='word_1_179' title='bbox 451 2010 528 2042; x_wconf 87' lang='lat' dir='ltr'>ead.</span> <span class='ocrx_word' id='word_1_180' title='bbox 548 2012 671 2051; x_wconf 83' lang='lat' dir='ltr'>Troja:</span> <span class='ocrx_word' id='word_1_181' title='bbox 705 2013 715 2029; x_wconf 85' lang='lat'>‘</span> <span class='ocrx_word' id='word_1_182' title='bbox 732 2012 845 2052; x_wconf 80' lang='lat' dir='ltr'>Trojae</span> 
     </span>
     <span class='ocr_line' id='line_1_34' title="bbox 149 2060 847 2101; baseline 0.004 -11"><span class='ocrx_word' id='word_1_183' title='bbox 149 2070 329 2092; x_wconf 86' lang='lat' dir='ltr'>renascens</span> <span class='ocrx_word' id='word_1_184' title='bbox 346 2061 426 2091; x_wconf 84' lang='lat' dir='ltr'>alite</span> <span class='ocrx_word' id='word_1_185' title='bbox 443 2060 577 2101; x_wconf 80' lang='lat' dir='ltr'>lugubri</span> <span class='ocrx_word' id='word_1_186' title='bbox 596 2061 743 2092; x_wconf 86' lang='lat' dir='ltr'>Fortuna</span> <span class='ocrx_word' id='word_1_187' title='bbox 758 2061 847 2093; x_wconf 86' lang='lat' dir='ltr'>tristi</span> 
     </span>
     <span class='ocr_line' id='line_1_35' title="bbox 150 2111 600 2142; baseline 0 0"><span class='ocrx_word' id='word_1_188' title='bbox 150 2111 248 2142; x_wconf 87' lang='lat' dir='ltr'>clade</span> <span class='ocrx_word' id='word_1_189' title='bbox 264 2111 464 2142; x_wconf 60' lang='lat' dir='ltr'>iterabitur)</span> <span class='ocrx_word' id='word_1_190' title='bbox 498 2111 600 2142; x_wconf 86' lang='lat' dir='ltr'>Vorst.</span> 
     </span>
    </p>

    <p class='ocr_par' dir='ltr' id='par_1_5' title="bbox 153 2160 853 2500">
     <span class='ocr_line' id='line_1_36' title="bbox 193 2160 851 2201; baseline 0 -10"><span class='ocrx_word' id='word_1_191' title='bbox 193 2162 211 2201; x_wconf 64' lang='grc' dir='ltr'>ς</span> <span class='ocrx_word' id='word_1_192' title='bbox 226 2165 244 2192; x_wconf 86' lang='grc'>5</span> <span class='ocrx_word' id='word_1_193' title='bbox 264 2161 412 2192; x_wconf 75' lang='lat' dir='ltr'>Praelium</span> <span class='ocrx_word' id='word_1_194' title='bbox 427 2170 493 2191; x_wconf 78' lang='lat' dir='ltr'>cum</span> <span class='ocrx_word' id='word_1_195' title='bbox 510 2160 676 2200; x_wconf 80' lang='lat' dir='ltr'>Antiocho]</span> <span class='ocrx_word' id='word_1_196' title='bbox 690 2160 745 2191; x_wconf 86' lang='lat' dir='ltr'>Ad</span> <span class='ocrx_word' id='word_1_197' title='bbox 760 2170 851 2192; x_wconf 90' lang='lat' dir='ltr'>mon-</span> 
     </span>
     <span class='ocr_line' id='line_1_37' title="bbox 153 2210 850 2251; baseline 0.001 -10"><span class='ocrx_word' id='word_1_198' title='bbox 153 2214 222 2241; x_wconf 87' lang='lat' dir='ltr'>tem</span> <span class='ocrx_word' id='word_1_199' title='bbox 247 2210 412 2250; x_wconf 88' lang='lat' dir='ltr'>Sipylum,</span> <span class='ocrx_word' id='word_1_200' title='bbox 436 2210 578 2241; x_wconf 86' lang='lat' dir='ltr'>absente</span> <span class='ocrx_word' id='word_1_201' title='bbox 600 2210 776 2250; x_wconf 90' lang='lat' dir='ltr'>Africano,</span> <span class='ocrx_word' id='word_1_202' title='bbox 793 2211 850 2251; x_wconf 89' lang='lat' dir='ltr'>qui</span> 
     </span>
     <span class='ocr_line' id='line_1_38' title="bbox 153 2258 850 2300; baseline 0.003 -10"><span class='ocrx_word' id='word_1_203' title='bbox 153 2260 244 2290; x_wconf 85' lang='lat' dir='ltr'>Eleae</span> <span class='ocrx_word' id='word_1_204' title='bbox 265 2258 464 2299; x_wconf 82' lang='lat' dir='ltr'>aegrotabat.</span> <span class='ocrx_word' id='word_1_205' title='bbox 502 2259 651 2299; x_wconf 90' lang='lat' dir='ltr'>Appian.</span> <span class='ocrx_word' id='word_1_206' title='bbox 674 2260 801 2300; x_wconf 86' lang='lat' dir='ltr'>Syriae.</span> <span class='ocrx_word' id='word_1_207' title='bbox 818 2270 850 2300; x_wconf 84' lang='lat' dir='ltr'>p.</span> 
     </span>
     <span class='ocr_line' id='line_1_39' title="bbox 155 2308 852 2350; baseline 0.003 -12"><span class='ocrx_word' id='word_1_208' title='bbox 155 2311 228 2339; x_wconf 85' lang='grc'><strong>106.</strong></span> <span class='ocrx_word' id='word_1_209' title='bbox 245 2309 399 2347; x_wconf 83' lang='lat' dir='ltr'>Bongars.</span> <span class='ocrx_word' id='word_1_210' title='bbox 428 2308 509 2349; x_wconf 87' lang='lat' dir='ltr'>Huj.</span> <span class='ocrx_word' id='word_1_211' title='bbox 528 2309 633 2349; x_wconf 83' lang='lat' dir='ltr'>praelii</span> <span class='ocrx_word' id='word_1_212' title='bbox 647 2309 739 2340; x_wconf 89' lang='lat' dir='ltr'>circa</span> <span class='ocrx_word' id='word_1_213' title='bbox 755 2311 852 2350; x_wconf 75' lang='lat' dir='ltr'>Mag-</span> 
     </span>
     <span class='ocr_line' id='line_1_40' title="bbox 155 2359 851 2400; baseline 0.001 -11"><span class='ocrx_word' id='word_1_214' title='bbox 155 2359 294 2396; x_wconf 85' lang='lat' dir='ltr'>nesiam,</span> <span class='ocrx_word' id='word_1_215' title='bbox 306 2369 381 2400; x_wconf 87' lang='lat' dir='ltr'>quae</span> <span class='ocrx_word' id='word_1_216' title='bbox 395 2360 436 2390; x_wconf 86' lang='lat' dir='ltr'>ad</span> <span class='ocrx_word' id='word_1_217' title='bbox 448 2361 604 2400; x_wconf 89' lang='lat' dir='ltr'>Sipylum</span> <span class='ocrx_word' id='word_1_218' title='bbox 616 2366 681 2398; x_wconf 91' lang='lat' dir='ltr'>est,</span> <span class='ocrx_word' id='word_1_219' title='bbox 694 2361 851 2391; x_wconf 84' lang='lat' dir='ltr'>instructi</span> 
     </span>
     <span class='ocr_line' id='line_1_41' title="bbox 156 2408 853 2449; baseline 0 -11"><span class='ocrx_word' id='word_1_220' title='bbox 156 2408 390 2449; x_wconf 84' lang='lat' dir='ltr'>commissique</span> <span class='ocrx_word' id='word_1_221' title='bbox 406 2409 581 2440; x_wconf 82' lang='lat' dir='ltr'>luculenta</span> <span class='ocrx_word' id='word_1_222' title='bbox 597 2409 779 2449; x_wconf 88' lang='lat' dir='ltr'>descriptio</span> <span class='ocrx_word' id='word_1_223' title='bbox 797 2419 853 2439; x_wconf 86' lang='lat' dir='ltr'>ex·</span> 
     </span>
     <span class='ocr_line' id='line_1_42' title="bbox 157 2458 833 2500; baseline 0.004 -13"><span class='ocrx_word' id='word_1_224' title='bbox 157 2461 211 2488; x_wconf 84' lang='lat' dir='ltr'>tat</span> <span class='ocrx_word' id='word_1_225' title='bbox 224 2458 256 2488; x_wconf 90' lang='lat' dir='ltr'>in</span> <span class='ocrx_word' id='word_1_226' title='bbox 270 2458 344 2490; x_wconf 84' lang='lat' dir='ltr'>Liv.</span> <span class='ocrx_word' id='word_1_227' title='bbox 361 2467 508 2492; x_wconf 77' lang='lat' dir='ltr'>xxxvn.</span> <span class='ocrx_word' id='word_1_228' title='bbox 521 2462 573 2490; x_wconf 83' lang='lat'>37.</span> <span class='ocrx_word' id='word_1_229' title='bbox 591 2463 626 2490; x_wconf 89' lang='lat' dir='ltr'>et</span> <span class='ocrx_word' id='word_1_230' title='bbox 641 2468 735 2500; x_wconf 86' lang='lat' dir='ltr'>seqq.</span> <span class='ocrx_word' id='word_1_231' title='bbox 757 2460 833 2490; x_wconf 82' lang='lat' dir='ltr'>Ber.</span> 
     </span>
    </p>

    <p class='ocr_par' dir='ltr' id='par_1_6' title="bbox 159 2508 858 2948">
     <span class='ocr_line' id='line_1_43' title="bbox 200 2508 855 2549; baseline -0.002 -9"><span class='ocrx_word' id='word_1_232' title='bbox 200 2510 218 2549; x_wconf 60' lang='grc' dir='ltr'>ξ</span> <span class='ocrx_word' id='word_1_233' title='bbox 245 2512 266 2540; x_wconf 90' lang='grc'><strong>6</strong></span> <span class='ocrx_word' id='word_1_234' title='bbox 290 2510 422 2540; x_wconf 78' lang='lat' dir='ltr'>Armare</span> <span class='ocrx_word' id='word_1_235' title='bbox 455 2520 487 2541; x_wconf 87' lang='lat' dir='ltr'>se</span> <span class='ocrx_word' id='word_1_236' title='bbox 513 2510 627 2540; x_wconf 75' lang='lat' dir='ltr'>milites</span> <span class='ocrx_word' id='word_1_237' title='bbox 663 2519 732 2540; x_wconf 82' lang='lat' dir='ltr'>suos</span> <span class='ocrx_word' id='word_1_238' title='bbox 751 2508 855 2548; x_wconf 76' lang='lat' dir='ltr'>J&#39;ubet]</span> 
     </span>
     <span class='ocr_line' id='line_1_44' title="bbox 159 2559 857 2597; baseline -0.004 -6"><span class='ocrx_word' id='word_1_239' title='bbox 159 2559 180 2591; x_wconf 86' lang='lat' dir='ltr'>J</span> <span class='ocrx_word' id='word_1_240' title='bbox 187 2564 257 2590; x_wconf 91' lang='lat' dir='ltr'>unt.</span> <span class='ocrx_word' id='word_1_241' title='bbox 296 2563 384 2590; x_wconf 88' lang='lat' dir='ltr'>teste</span> <span class='ocrx_word' id='word_1_242' title='bbox 422 2559 536 2591; x_wconf 79' lang='lat' dir='ltr'>Graev.</span> <span class='ocrx_word' id='word_1_243' title='bbox 576 2559 693 2589; x_wconf 80' lang='lat' dir='ltr'>armari</span> <span class='ocrx_word' id='word_1_244' title='bbox 729 2559 857 2597; x_wconf 75' lang='lat' dir='ltr'>milites,</span> 
     </span>
     <span class='ocr_line' id='line_1_45' title="bbox 159 2607 857 2649; baseline -0.001 -10"><span class='ocrx_word' id='word_1_245' title='bbox 159 2608 247 2649; x_wconf 90' lang='lat' dir='ltr'>quod</span> <span class='ocrx_word' id='word_1_246' title='bbox 258 2607 282 2640; x_wconf 91' lang='lat' dir='ltr'>f.</span> <span class='ocrx_word' id='word_1_247' title='bbox 292 2613 327 2640; x_wconf 88' lang='lat' dir='ltr'>et</span> <span class='ocrx_word' id='word_1_248' title='bbox 341 2613 482 2640; x_wconf 88' lang='lat' dir='ltr'>rectum.</span> <span class='ocrx_word' id='word_1_249' title='bbox 504 2609 586 2648; x_wconf 88' lang='lat' dir='ltr'>Pro,</span> <span class='ocrx_word' id='word_1_250' title='bbox 597 2618 728 2640; x_wconf 90' lang='lat' dir='ltr'>armare</span> <span class='ocrx_word' id='word_1_251' title='bbox 745 2618 793 2647; x_wconf 88' lang='lat' dir='ltr'>se,</span> <span class='ocrx_word' id='word_1_252' title='bbox 808 2607 857 2638; x_wconf 89' lang='lat' dir='ltr'>di-</span> 
     </span>
     <span class='ocr_line' id='line_1_46' title="bbox 160 2658 856 2700; baseline -0.001 -11"><span class='ocrx_word' id='word_1_253' title='bbox 160 2662 241 2689; x_wconf 90' lang='lat' dir='ltr'>cunt</span> <span class='ocrx_word' id='word_1_254' title='bbox 254 2668 334 2689; x_wconf 88' lang='lat' dir='ltr'>sane</span> <span class='ocrx_word' id='word_1_255' title='bbox 350 2664 385 2690; x_wconf 91' lang='lat' dir='ltr'>et</span> <span class='ocrx_word' id='word_1_256' title='bbox 399 2660 408 2675; x_wconf 90' lang='lat'>‘</span> <span class='ocrx_word' id='word_1_257' title='bbox 426 2659 546 2690; x_wconf 90' lang='lat' dir='ltr'>armari</span> <span class='ocrx_word' id='word_1_258' title='bbox 557 2659 577 2697; x_wconf 86' lang='lat'>;&#39;</span> <span class='ocrx_word' id='word_1_259' title='bbox 597 2658 764 2700; x_wconf 88' lang='lat' dir='ltr'>quomodo</span> <span class='ocrx_word' id='word_1_260' title='bbox 781 2668 856 2698; x_wconf 90' lang='lat' dir='ltr'>pro,</span> 
     </span>
     <span class='ocr_line' id='line_1_47' title="bbox 160 2707 858 2749; baseline 0.001 -12"><span class='ocrx_word' id='word_1_261' title='bbox 160 2707 274 2738; x_wconf 90' lang='lat' dir='ltr'>lavare</span> <span class='ocrx_word' id='word_1_262' title='bbox 291 2717 337 2744; x_wconf 84' lang='lat' dir='ltr'>se,</span> <span class='ocrx_word' id='word_1_263' title='bbox 361 2709 512 2749; x_wconf 88' lang='lat' dir='ltr'>‘lavari,&#39;</span> <span class='ocrx_word' id='word_1_264' title='bbox 538 2712 573 2740; x_wconf 92' lang='lat' dir='ltr'>et</span> <span class='ocrx_word' id='word_1_265' title='bbox 598 2718 673 2749; x_wconf 90' lang='lat' dir='ltr'>pro,</span> <span class='ocrx_word' id='word_1_266' title='bbox 695 2717 858 2739; x_wconf 80' lang='lat' dir='ltr'>exercere</span> 
     </span>
     <span class='ocr_line' id='line_1_48' title="bbox 162 2757 858 2798; baseline 0.001 -11"><span class='ocrx_word' id='word_1_267' title='bbox 162 2765 211 2796; x_wconf 83' lang='lat' dir='ltr'>se,</span> <span class='ocrx_word' id='word_1_268' title='bbox 234 2757 244 2775; x_wconf 87' lang='lat'>‘</span> <span class='ocrx_word' id='word_1_269' title='bbox 259 2758 436 2798; x_wconf 90' lang='lat' dir='ltr'>exerceri,&#39;</span> <span class='ocrx_word' id='word_1_270' title='bbox 450 2763 486 2790; x_wconf 88' lang='lat' dir='ltr'>et</span> <span class='ocrx_word' id='word_1_271' title='bbox 507 2764 671 2790; x_wconf 84' lang='lat' dir='ltr'>sexcenta</span> <span class='ocrx_word' id='word_1_272' title='bbox 695 2758 729 2789; x_wconf 89' lang='lat' dir='ltr'>id</span> <span class='ocrx_word' id='word_1_273' title='bbox 753 2767 858 2798; x_wconf 81' lang='lat' dir='ltr'>genus</span> 
     </span>
     <span class='ocr_line' id='line_1_49' title="bbox 164 2806 858 2840; baseline 0.003 -4"><span class='ocrx_word' id='word_1_274' title='bbox 164 2806 241 2837; x_wconf 89' lang='lat' dir='ltr'>alia.</span> <span class='ocrx_word' id='word_1_275' title='bbox 278 2807 380 2839; x_wconf 86' lang='lat' dir='ltr'>Vorst.</span> <span class='ocrx_word' id='word_1_276' title='bbox 418 2809 516 2840; x_wconf 88' lang='lat' dir='ltr'>Junt.</span> <span class='ocrx_word' id='word_1_277' title='bbox 541 2810 659 2840; x_wconf 81' lang='lat' dir='ltr'>armari</span> <span class='ocrx_word' id='word_1_278' title='bbox 682 2809 746 2839; x_wconf 81' lang='lat' dir='ltr'>mil.</span> <span class='ocrx_word' id='word_1_279' title='bbox 790 2808 858 2839; x_wconf 89' lang='lat' dir='ltr'>Sed</span> 
     </span>
     <span class='ocr_line' id='line_1_50' title="bbox 162 2855 858 2889; baseline 0.003 -3"><span class='ocrx_word' id='word_1_280' title='bbox 162 2855 297 2886; x_wconf 87' lang='lat' dir='ltr'>videtur</span> <span class='ocrx_word' id='word_1_281' title='bbox 313 2857 404 2888; x_wconf 90' lang='lat' dir='ltr'>aliud</span> <span class='ocrx_word' id='word_1_282' title='bbox 425 2858 561 2889; x_wconf 86' lang='lat' dir='ltr'>subesse</span> <span class='ocrx_word' id='word_1_283' title='bbox 583 2859 705 2889; x_wconf 87' lang='lat' dir='ltr'>malum</span> <span class='ocrx_word' id='word_1_284' title='bbox 732 2858 809 2889; x_wconf 87' lang='lat' dir='ltr'>huic</span> <span class='ocrx_word' id='word_1_285' title='bbox 836 2858 858 2889; x_wconf 87' lang='lat' dir='ltr'>l.</span> 
     </span>
     <span class='ocr_line' id='line_1_51' title="bbox 165 2904 858 2948; baseline 0.001 -12"><span class='ocrx_word' id='word_1_286' title='bbox 165 2904 218 2936; x_wconf 88' lang='lat' dir='ltr'>Au</span> <span class='ocrx_word' id='word_1_287' title='bbox 232 2905 318 2937; x_wconf 90' lang='lat' dir='ltr'>enim</span> <span class='ocrx_word' id='word_1_288' title='bbox 341 2912 494 2947; x_wconf 87' lang='lat' dir='ltr'>putamus</span> <span class='ocrx_word' id='word_1_289' title='bbox 515 2912 599 2948; x_wconf 89' lang='lat' dir='ltr'>tum,</span> <span class='ocrx_word' id='word_1_290' title='bbox 623 2919 699 2940; x_wconf 87' lang='lat' dir='ltr'>cum</span> <span class='ocrx_word' id='word_1_291' title='bbox 714 2908 858 2940; x_wconf 76' lang='lat' dir='ltr'>maxime</span> 
     </span>
    </p>

    <p class='ocr_par' dir='ltr' id='par_1_7' title="bbox 250 2959 595 3000">
     <span class='ocr_line' id='line_1_52' title="bbox 250 2959 595 3000; baseline 0.003 -10"><span class='ocrx_word' id='word_1_292' title='bbox 250 2959 362 3000; x_wconf 81' lang='lat' dir='ltr'>Delph.</span> <span class='ocrx_word' id='word_1_293' title='bbox 374 2963 404 2991; x_wconf 85' lang='lat' dir='ltr'>et</span> <span class='ocrx_word' id='word_1_294' title='bbox 425 2960 498 2993; x_wconf 81' lang='lat' dir='ltr'>Var.</span> <span class='ocrx_word' id='word_1_295' title='bbox 512 2960 595 2992; x_wconf 79' lang='lat' dir='ltr'>Clas.</span> 
     </span>
    </p>
   </div>
   <div class='ocr_carea' id='block_1_3' title="bbox 826 2959 945 2992">
    <p class='ocr_par' dir='ltr' id='par_1_8' title="bbox 826 2959 945 2992">
     <span class='ocr_line' id='line_1_53' title="bbox 826 2959 945 2992; baseline 0.008 -1"><span class='ocrx_word' id='word_1_296' title='bbox 826 2959 945 2992; x_wconf 74' lang='lat' dir='ltr'>Justz&#39;n.</span> 
     </span>
    </p>
   </div>
   <div class='ocr_carea' id='block_1_4' title="bbox 1479 352 1563 393">
    <p class='ocr_par' dir='ltr' id='par_1_9' title="bbox 1479 352 1563 393">
     <span class='ocr_line' id='line_1_54' title="bbox 1479 352 1563 393; baseline -0.012 0"><span class='ocrx_word' id='word_1_297' title='bbox 1479 352 1563 393; x_wconf 81' lang='lat'>961</span> 
     </span>
    </p>
   </div>
   <div class='ocr_carea' id='block_1_5' title="bbox 868 456 1608 2989">
    <p class='ocr_par' dir='ltr' id='par_1_10' title="bbox 868 456 1571 748">
     <span class='ocr_line' id='line_1_55' title="bbox 868 456 1564 497; baseline 0.001 -10"><span class='ocrx_word' id='word_1_298' title='bbox 868 456 1141 488; x_wconf 86' lang='lat' dir='ltr'>committebatur</span> <span class='ocrx_word' id='word_1_299' title='bbox 1161 466 1284 497; x_wconf 84' lang='lat' dir='ltr'>pugna,</span> <span class='ocrx_word' id='word_1_300' title='bbox 1299 456 1443 488; x_wconf 87' lang='lat' dir='ltr'>inermes</span> <span class='ocrx_word' id='word_1_301' title='bbox 1459 456 1564 488; x_wconf 84' lang='lat' dir='ltr'>fuisse</span> 
     </span>
     <span class='ocr_line' id='line_1_56' title="bbox 868 506 1566 538; baseline 0.001 -1"><span class='ocrx_word' id='word_1_302' title='bbox 868 507 901 537; x_wconf 89' lang='lat' dir='ltr'>in</span> <span class='ocrx_word' id='word_1_303' title='bbox 918 506 1061 537; x_wconf 84' lang='lat' dir='ltr'>castris?</span> <span class='ocrx_word' id='word_1_304' title='bbox 1085 507 1169 537; x_wconf 85' lang='lat' dir='ltr'>Mihi</span> <span class='ocrx_word' id='word_1_305' title='bbox 1183 517 1263 538; x_wconf 88' lang='lat' dir='ltr'>sane</span> <span class='ocrx_word' id='word_1_306' title='bbox 1280 508 1460 538; x_wconf 88' lang='lat' dir='ltr'>verisimile</span> <span class='ocrx_word' id='word_1_307' title='bbox 1475 507 1566 538; x_wconf 88' lang='lat' dir='ltr'>haud</span> 
     </span>
     <span class='ocr_line' id='line_1_57' title="bbox 871 555 1568 588; baseline 0.001 -2"><span class='ocrx_word' id='word_1_308' title='bbox 871 555 1015 586; x_wconf 88' lang='lat' dir='ltr'>videtur.</span> <span class='ocrx_word' id='word_1_309' title='bbox 1051 555 1105 586; x_wconf 90' lang='lat' dir='ltr'>An</span> <span class='ocrx_word' id='word_1_310' title='bbox 1122 556 1288 588; x_wconf 85' lang='lat' dir='ltr'>scribend.</span> <span class='ocrx_word' id='word_1_311' title='bbox 1303 557 1440 588; x_wconf 79' lang='lat' dir='ltr'>animare</span> <span class='ocrx_word' id='word_1_312' title='bbox 1455 557 1568 587; x_wconf 79' lang='lat' dir='ltr'>milites</span> 
     </span>
     <span class='ocr_line' id='line_1_58' title="bbox 869 605 1569 647; baseline -0.001 -10"><span class='ocrx_word' id='word_1_313' title='bbox 869 605 963 638; x_wconf 77' lang='lat' dir='ltr'>suos?</span> <span class='ocrx_word' id='word_1_314' title='bbox 985 605 1096 637; x_wconf 81' lang='lat' dir='ltr'>Schef.</span> <span class='ocrx_word' id='word_1_315' title='bbox 1133 607 1264 637; x_wconf 87' lang='lat' dir='ltr'>Castris</span> <span class='ocrx_word' id='word_1_316' title='bbox 1284 607 1441 647; x_wconf 86' lang='lat' dir='ltr'>praesidio</span> <span class='ocrx_word' id='word_1_317' title='bbox 1458 607 1569 638; x_wconf 88' lang='lat' dir='ltr'>relicti</span> 
     </span>
     <span class='ocr_line' id='line_1_59' title="bbox 872 658 1571 700; baseline 0.001 -12"><span class='ocrx_word' id='word_1_318' title='bbox 872 658 992 689; x_wconf 85' lang='lat' dir='ltr'>armati</span> <span class='ocrx_word' id='word_1_319' title='bbox 1010 659 1130 700; x_wconf 90' lang='lat' dir='ltr'>utique</span> <span class='ocrx_word' id='word_1_320' title='bbox 1150 668 1216 689; x_wconf 91' lang='lat' dir='ltr'>non</span> <span class='ocrx_word' id='word_1_321' title='bbox 1233 662 1342 699; x_wconf 84' lang='lat' dir='ltr'>erant,</span> <span class='ocrx_word' id='word_1_322' title='bbox 1362 659 1426 688; x_wconf 88' lang='lat' dir='ltr'>nisi</span> <span class='ocrx_word' id='word_1_323' title='bbox 1448 658 1482 689; x_wconf 88' lang='lat' dir='ltr'>in</span> <span class='ocrx_word' id='word_1_324' title='bbox 1505 662 1571 689; x_wconf 86' lang='lat' dir='ltr'>sta-</span> 
     </span>
     <span class='ocr_line' id='line_1_60' title="bbox 873 708 1494 748; baseline 0 -9"><span class='ocrx_word' id='word_1_325' title='bbox 873 708 1019 740; x_wconf 89' lang='lat' dir='ltr'>tionibus</span> <span class='ocrx_word' id='word_1_326' title='bbox 1036 712 1071 739; x_wconf 91' lang='lat' dir='ltr'>et</span> <span class='ocrx_word' id='word_1_327' title='bbox 1087 708 1236 739; x_wconf 86' lang='lat' dir='ltr'>excubiis</span> <span class='ocrx_word' id='word_1_328' title='bbox 1252 708 1364 748; x_wconf 90' lang='lat' dir='ltr'>positi.</span> <span class='ocrx_word' id='word_1_329' title='bbox 1389 709 1494 739; x_wconf 84' lang='lat' dir='ltr'>Graev.</span> 
     </span>
    </p>

    <p class='ocr_par' dir='ltr' id='par_1_11' title="bbox 876 757 1576 989">
     <span class='ocr_line' id='line_1_61' title="bbox 919 757 1573 797; baseline -0.003 -8"><span class='ocrx_word' id='word_1_330' title='bbox 919 757 1124 797; x_wconf 78' lang='lat' dir='ltr'>Fugientibus</span> <span class='ocrx_word' id='word_1_331' title='bbox 1138 758 1267 797; x_wconf 79' lang='lat' dir='ltr'>minari]</span> <span class='ocrx_word' id='word_1_332' title='bbox 1290 758 1365 789; x_wconf 92' lang='lat' dir='ltr'>Hoc</span> <span class='ocrx_word' id='word_1_333' title='bbox 1387 767 1491 797; x_wconf 88' lang='lat' dir='ltr'>genus</span> <span class='ocrx_word' id='word_1_334' title='bbox 1515 765 1573 787; x_wconf 82' lang='lat' dir='ltr'>ex-</span> 
     </span>
     <span class='ocr_line' id='line_1_62' title="bbox 876 807 1574 847; baseline -0.001 -10"><span class='ocrx_word' id='word_1_335' title='bbox 876 807 988 847; x_wconf 88' lang='lat' dir='ltr'>empla</span> <span class='ocrx_word' id='word_1_336' title='bbox 1014 811 1092 838; x_wconf 89' lang='lat' dir='ltr'>sunt</span> <span class='ocrx_word' id='word_1_337' title='bbox 1120 817 1175 847; x_wconf 89' lang='lat' dir='ltr'>ap.</span> <span class='ocrx_word' id='word_1_338' title='bbox 1205 807 1288 837; x_wconf 89' lang='lat' dir='ltr'>Tac.</span> <span class='ocrx_word' id='word_1_339' title='bbox 1318 807 1365 837; x_wconf 90' lang='lat' dir='ltr'>H.</span> <span class='ocrx_word' id='word_1_340' title='bbox 1391 816 1433 837; x_wconf 89' lang='lat'>11.</span> <span class='ocrx_word' id='word_1_341' title='bbox 1462 808 1517 837; x_wconf 90' lang='grc'>41.</span> <span class='ocrx_word' id='word_1_342' title='bbox 1541 809 1574 836; x_wconf 82' lang='grc'><strong>6.</strong></span> 
     </span>
     <span class='ocr_line' id='line_1_63' title="bbox 877 856 1576 888; baseline -0.001 -1"><span class='ocrx_word' id='word_1_343' title='bbox 877 856 1029 888; x_wconf 86' lang='lat' dir='ltr'>Frontin.</span> <span class='ocrx_word' id='word_1_344' title='bbox 1053 865 1093 887; x_wconf 85' lang='lat'>11.</span> <span class='ocrx_word' id='word_1_345' title='bbox 1118 859 1149 887; x_wconf 88' lang='grc'>8.</span> <span class='ocrx_word' id='word_1_346' title='bbox 1174 859 1223 887; x_wconf 89' lang='grc'>11.</span> <span class='ocrx_word' id='word_1_347' title='bbox 1239 860 1274 887; x_wconf 91' lang='lat' dir='ltr'>et</span> <span class='ocrx_word' id='word_1_348' title='bbox 1291 858 1343 886; x_wconf 83' lang='grc'>14.</span> <span class='ocrx_word' id='word_1_349' title='bbox 1369 856 1450 886; x_wconf 89' lang='lat' dir='ltr'>item</span> <span class='ocrx_word' id='word_1_350' title='bbox 1473 864 1522 886; x_wconf 80' lang='grc' dir='ltr'><strong>ιν.</strong></span> <span class='ocrx_word' id='word_1_351' title='bbox 1546 858 1576 886; x_wconf 89' lang='grc'>1.</span> 
     </span>
     <span class='ocr_line' id='line_1_64' title="bbox 878 906 1576 948; baseline -0.003 -9"><span class='ocrx_word' id='word_1_352' title='bbox 878 911 930 939; x_wconf 84' lang='grc'><strong>29.</strong></span> <span class='ocrx_word' id='word_1_353' title='bbox 962 907 1051 940; x_wconf 85' lang='lat' dir='ltr'>Add.</span> <span class='ocrx_word' id='word_1_354' title='bbox 1067 917 1141 948; x_wconf 88' lang='lat' dir='ltr'>sup.</span> <span class='ocrx_word' id='word_1_355' title='bbox 1159 916 1183 938; x_wconf 93' lang='lat'>1.</span> <span class='ocrx_word' id='word_1_356' title='bbox 1201 909 1232 938; x_wconf 84' lang='lat'>6.</span> <span class='ocrx_word' id='word_1_357' title='bbox 1250 909 1302 938; x_wconf 90' lang='grc'><strong>10.</strong></span> <span class='ocrx_word' id='word_1_358' title='bbox 1318 906 1431 947; x_wconf 89' lang='lat' dir='ltr'>ibique</span> <span class='ocrx_word' id='word_1_359' title='bbox 1447 909 1576 938; x_wconf 86' lang='lat' dir='ltr'>notata.</span> 
     </span>
     <span class='ocr_line' id='line_1_65' title="bbox 879 959 978 989; baseline -0.01 0"><span class='ocrx_word' id='word_1_360' title='bbox 879 959 978 989; x_wconf 82' lang='lat' dir='ltr'>Rern.</span> 
     </span>
    </p>

    <p class='ocr_par' dir='ltr' id='par_1_12' title="bbox 881 1006 1585 1354">
     <span class='ocr_line' id='line_1_66' title="bbox 923 1006 1579 1048; baseline -0.005 -9"><span class='ocrx_word' id='word_1_361' title='bbox 923 1008 1097 1039; x_wconf 82' lang='lat' dir='ltr'>Morituros</span> <span class='ocrx_word' id='word_1_362' title='bbox 1118 1007 1237 1048; x_wconf 82' lang='lat' dir='ltr'>dicens]</span> <span class='ocrx_word' id='word_1_363' title='bbox 1271 1006 1348 1038; x_wconf 89' lang='lat' dir='ltr'>Hoc</span> <span class='ocrx_word' id='word_1_364' title='bbox 1373 1007 1478 1038; x_wconf 74' lang='lat' dir='ltr'>dicens</span> <span class='ocrx_word' id='word_1_365' title='bbox 1508 1006 1579 1037; x_wconf 85' lang='lat' dir='ltr'>sine</span> 
     </span>
     <span class='ocr_line' id='line_1_67' title="bbox 881 1056 1581 1099; baseline -0.006 -9"><span class='ocrx_word' id='word_1_366' title='bbox 881 1058 983 1090; x_wconf 91' lang='lat' dir='ltr'>dubio</span> <span class='ocrx_word' id='word_1_367' title='bbox 995 1063 1047 1090; x_wconf 87' lang='lat' dir='ltr'>est</span> <span class='ocrx_word' id='word_1_368' title='bbox 1060 1059 1155 1090; x_wconf 80' lang='lat' dir='ltr'>stulti</span> <span class='ocrx_word' id='word_1_369' title='bbox 1168 1057 1375 1099; x_wconf 78' lang='lat' dir='ltr'>glossatoris,</span> <span class='ocrx_word' id='word_1_370' title='bbox 1400 1057 1476 1088; x_wconf 87' lang='lat' dir='ltr'>Nec</span> <span class='ocrx_word' id='word_1_371' title='bbox 1491 1056 1581 1087; x_wconf 90' lang='lat' dir='ltr'>enim</span> 
     </span>
     <span class='ocr_line' id='line_1_68' title="bbox 881 1107 1583 1147; baseline -0.006 -7"><span class='ocrx_word' id='word_1_372' title='bbox 881 1110 931 1140; x_wconf 91' lang='lat' dir='ltr'>M.</span> <span class='ocrx_word' id='word_1_373' title='bbox 948 1109 1098 1140; x_wconf 84' lang='lat' dir='ltr'>AEmilius</span> <span class='ocrx_word' id='word_1_374' title='bbox 1124 1110 1187 1139; x_wconf 87' lang='lat' dir='ltr'>hoc</span> <span class='ocrx_word' id='word_1_375' title='bbox 1214 1107 1352 1139; x_wconf 88' lang='lat' dir='ltr'>dicebat</span> <span class='ocrx_word' id='word_1_376' title='bbox 1375 1107 1449 1147; x_wconf 87' lang='lat' dir='ltr'>ipse</span> <span class='ocrx_word' id='word_1_377' title='bbox 1478 1107 1583 1146; x_wconf 88' lang='lat' dir='ltr'>solus,</span> 
     </span>
     <span class='ocr_line' id='line_1_69' title="bbox 882 1156 1582 1202; baseline -0.007 -10"><span class='ocrx_word' id='word_1_378' title='bbox 882 1161 940 1192; x_wconf 90' lang='lat' dir='ltr'>sed</span> <span class='ocrx_word' id='word_1_379' title='bbox 954 1160 1098 1202; x_wconf 88' lang='lat' dir='ltr'>jubebat</span> <span class='ocrx_word' id='word_1_380' title='bbox 1118 1169 1195 1190; x_wconf 89' lang='lat' dir='ltr'>suos</span> <span class='ocrx_word' id='word_1_381' title='bbox 1220 1158 1336 1190; x_wconf 86' lang='lat' dir='ltr'>dicere</span> <span class='ocrx_word' id='word_1_382' title='bbox 1359 1156 1582 1198; x_wconf 84' lang='lat' dir='ltr'>fugientibus.</span> 
     </span>
     <span class='ocr_line' id='line_1_70' title="bbox 882 1207 1584 1252; baseline -0.009 -10"><span class='ocrx_word' id='word_1_383' title='bbox 882 1211 1007 1252; x_wconf 90' lang='lat' dir='ltr'>Itaque</span> <span class='ocrx_word' id='word_1_384' title='bbox 1024 1211 1077 1241; x_wconf 90' lang='lat' dir='ltr'>vel</span> <span class='ocrx_word' id='word_1_385' title='bbox 1092 1208 1227 1241; x_wconf 86' lang='lat' dir='ltr'>delend.</span> <span class='ocrx_word' id='word_1_386' title='bbox 1251 1209 1402 1249; x_wconf 86' lang='lat' dir='ltr'>penitus,</span> <span class='ocrx_word' id='word_1_387' title='bbox 1425 1207 1478 1237; x_wconf 85' lang='lat' dir='ltr'>vel</span> <span class='ocrx_word' id='word_1_388' title='bbox 1502 1207 1584 1237; x_wconf 89' lang='lat' dir='ltr'>scri-</span> 
     </span>
     <span class='ocr_line' id='line_1_71' title="bbox 884 1257 1585 1300; baseline -0.007 -8"><span class='ocrx_word' id='word_1_389' title='bbox 884 1261 986 1292; x_wconf 87' lang='lat' dir='ltr'>bend.</span> <span class='ocrx_word' id='word_1_390' title='bbox 999 1261 1142 1291; x_wconf 81' lang='lat' dir='ltr'>dicentes.</span> <span class='ocrx_word' id='word_1_391' title='bbox 1158 1260 1357 1300; x_wconf 83' lang='lat' dir='ltr'>Quanquam</span> <span class='ocrx_word' id='word_1_392' title='bbox 1370 1257 1496 1289; x_wconf 87' lang='lat' dir='ltr'>rectius</span> <span class='ocrx_word' id='word_1_393' title='bbox 1509 1266 1585 1287; x_wconf 78' lang='lat' dir='ltr'>mea</span> 
     </span>
     <span class='ocr_line' id='line_1_72' title="bbox 885 1308 1519 1354; baseline -0.006 -11"><span class='ocrx_word' id='word_1_394' title='bbox 885 1312 1018 1354; x_wconf 88' lang='lat' dir='ltr'>quidem</span> <span class='ocrx_word' id='word_1_395' title='bbox 1033 1311 1203 1343; x_wconf 88' lang='lat' dir='ltr'>sententia</span> <span class='ocrx_word' id='word_1_396' title='bbox 1219 1311 1385 1341; x_wconf 82' lang='lat' dir='ltr'>deleatur.</span> <span class='ocrx_word' id='word_1_397' title='bbox 1413 1308 1519 1346; x_wconf 84' lang='lat' dir='ltr'>Schef.</span> 
     </span>
    </p>

    <p class='ocr_par' dir='ltr' id='par_1_13' title="bbox 887 1360 1586 1492">
     <span class='ocr_line' id='line_1_73' title="bbox 929 1360 1585 1403; baseline -0.006 -10"><span class='ocrx_word' id='word_1_398' title='bbox 929 1364 946 1403; x_wconf 54' lang='grc' dir='ltr'><strong>ξ</strong></span> <span class='ocrx_word' id='word_1_399' title='bbox 962 1365 981 1393; x_wconf 84' lang='grc'><strong>7</strong></span> <span class='ocrx_word' id='word_1_400' title='bbox 1004 1362 1163 1400; x_wconf 76' lang='lat' dir='ltr'>Attonita,</span> <span class='ocrx_word' id='word_1_401' title='bbox 1178 1360 1247 1401; x_wconf 56' lang='lat' dir='ltr'>Sym]</span> <span class='ocrx_word' id='word_1_402' title='bbox 1268 1360 1356 1391; x_wconf 86' lang='lat' dir='ltr'>Saxo</span> <span class='ocrx_word' id='word_1_403' title='bbox 1370 1368 1445 1390; x_wconf 77' lang='lat' dir='ltr'>Xiv.</span> <span class='ocrx_word' id='word_1_404' title='bbox 1462 1369 1495 1399; x_wconf 90' lang='lat' dir='ltr'>p.</span> <span class='ocrx_word' id='word_1_405' title='bbox 1510 1361 1585 1390; x_wconf 82' lang='grc'><strong>343.</strong></span> 
     </span>
     <span class='ocr_line' id='line_1_74' title="bbox 887 1408 1586 1452; baseline -0.007 -9"><span class='ocrx_word' id='word_1_406' title='bbox 887 1412 960 1443; x_wconf 90' lang='lat' dir='ltr'>init.</span> <span class='ocrx_word' id='word_1_407' title='bbox 988 1411 1186 1452; x_wconf 87' lang='lat' dir='ltr'>‘Oppidani</span> <span class='ocrx_word' id='word_1_408' title='bbox 1216 1409 1396 1451; x_wconf 84' lang='lat' dir='ltr'>improviso</span> <span class='ocrx_word' id='word_1_409' title='bbox 1436 1408 1586 1449; x_wconf 87' lang='lat' dir='ltr'>periculo</span> 
     </span>
     <span class='ocr_line' id='line_1_75' title="bbox 889 1459 1050 1492; baseline 0 0"><span class='ocrx_word' id='word_1_410' title='bbox 889 1459 1050 1492; x_wconf 85' lang='lat' dir='ltr'>attoniti.’</span> 
     </span>
    </p>

    <p class='ocr_par' dir='ltr' id='par_1_14' title="bbox 889 1509 1591 1800">
     <span class='ocr_line' id='line_1_76' title="bbox 932 1509 1589 1551; baseline -0.006 -9"><span class='ocrx_word' id='word_1_411' title='bbox 932 1512 989 1551; x_wconf 66' lang='lat'>§8</span> <span class='ocrx_word' id='word_1_412' title='bbox 1014 1512 1116 1551; x_wconf 81' lang='lat' dir='ltr'>Coesa,</span> <span class='ocrx_word' id='word_1_413' title='bbox 1142 1509 1211 1549; x_wconf 49' lang='grc' dir='ltr'>ἔξω]</span> <span class='ocrx_word' id='word_1_414' title='bbox 1244 1509 1316 1541; x_wconf 80' lang='lat' dir='ltr'>Liv.</span> <span class='ocrx_word' id='word_1_415' title='bbox 1345 1517 1505 1539; x_wconf 79' lang='lat' dir='ltr'>xxxvnr.</span> <span class='ocrx_word' id='word_1_416' title='bbox 1535 1510 1589 1539; x_wconf 83' lang='grc'><strong>45.</strong></span> 
     </span>
     <span class='ocr_line' id='line_1_77' title="bbox 889 1559 1590 1601; baseline -0.006 -9"><span class='ocrx_word' id='word_1_417' title='bbox 889 1560 898 1578; x_wconf 91' lang='lat'>‘</span> <span class='ocrx_word' id='word_1_418' title='bbox 922 1561 975 1592; x_wconf 87' lang='lat' dir='ltr'>Ad</span> <span class='ocrx_word' id='word_1_419' title='bbox 1013 1560 1256 1601; x_wconf 78' lang='lat' dir='ltr'>quinquaginta</span> <span class='ocrx_word' id='word_1_420' title='bbox 1294 1559 1399 1590; x_wconf 87' lang='lat' dir='ltr'>millia</span> <span class='ocrx_word' id='word_1_421' title='bbox 1437 1559 1590 1599; x_wconf 89' lang='lat' dir='ltr'>peditum</span> 
     </span>
     <span class='ocr_line' id='line_1_78' title="bbox 892 1609 1591 1650; baseline -0.004 -9"><span class='ocrx_word' id='word_1_422' title='bbox 892 1620 979 1642; x_wconf 74' lang='lat' dir='ltr'>caesa</span> <span class='ocrx_word' id='word_1_423' title='bbox 1007 1620 1047 1640; x_wconf 86' lang='lat' dir='ltr'>ea</span> <span class='ocrx_word' id='word_1_424' title='bbox 1070 1610 1124 1641; x_wconf 89' lang='lat' dir='ltr'>die</span> <span class='ocrx_word' id='word_1_425' title='bbox 1147 1610 1319 1648; x_wconf 84' lang='lat' dir='ltr'>dicuntur,</span> <span class='ocrx_word' id='word_1_426' title='bbox 1337 1609 1487 1650; x_wconf 87' lang='lat' dir='ltr'>equitum</span> <span class='ocrx_word' id='word_1_427' title='bbox 1511 1618 1591 1649; x_wconf 87' lang='lat' dir='ltr'>qua-</span> 
     </span>
     <span class='ocr_line' id='line_1_79' title="bbox 893 1658 1591 1698; baseline -0.003 -8"><span class='ocrx_word' id='word_1_428' title='bbox 893 1665 967 1691; x_wconf 90' lang='lat' dir='ltr'>tuor</span> <span class='ocrx_word' id='word_1_429' title='bbox 998 1659 1122 1690; x_wconf 79' lang='lat' dir='ltr'>millia:</span> <span class='ocrx_word' id='word_1_430' title='bbox 1172 1659 1262 1689; x_wconf 86' lang='lat' dir='ltr'>mille</span> <span class='ocrx_word' id='word_1_431' title='bbox 1290 1662 1324 1688; x_wconf 73' lang='lat' dir='ltr'>et</span> <span class='ocrx_word' id='word_1_432' title='bbox 1355 1658 1591 1698; x_wconf 84' lang='lat' dir='ltr'>quadringenti</span> 
     </span>
     <span class='ocr_line' id='line_1_80' title="bbox 893 1707 1591 1751; baseline -0.004 -10"><span class='ocrx_word' id='word_1_433' title='bbox 893 1711 986 1751; x_wconf 88' lang='lat' dir='ltr'>capti</span> <span class='ocrx_word' id='word_1_434' title='bbox 1017 1714 1052 1741; x_wconf 89' lang='lat' dir='ltr'>et</span> <span class='ocrx_word' id='word_1_435' title='bbox 1078 1709 1270 1751; x_wconf 86' lang='lat' dir='ltr'>quindecim</span> <span class='ocrx_word' id='word_1_436' title='bbox 1298 1718 1373 1739; x_wconf 87' lang='lat' dir='ltr'>cum</span> <span class='ocrx_word' id='word_1_437' title='bbox 1399 1707 1591 1740; x_wconf 84' lang='lat' dir='ltr'>rectoribus</span> 
     </span>
     <span class='ocr_line' id='line_1_81' title="bbox 893 1759 1092 1800; baseline 0 -10"><span class='ocrx_word' id='word_1_438' title='bbox 893 1759 1092 1800; x_wconf 66' lang='lat' dir='ltr'>elephanti!</span> 
     </span>
    </p>

    <p class='ocr_par' dir='ltr' id='par_1_15' title="bbox 892 1806 1608 2989">
     <span class='ocr_line' id='line_1_82' title="bbox 939 1806 1594 1849; baseline -0.005 -9"><span class='ocrx_word' id='word_1_439' title='bbox 939 1811 1045 1849; x_wconf 83' lang='lat' dir='ltr'>Neque</span> <span class='ocrx_word' id='word_1_440' title='bbox 1059 1810 1086 1839; x_wconf 73' lang='grc' dir='ltr'>εἰ</span> <span class='ocrx_word' id='word_1_441' title='bbox 1104 1809 1239 1848; x_wconf 78' lang='lat' dir='ltr'>vincant,</span> <span class='ocrx_word' id='word_1_442' title='bbox 1253 1808 1323 1848; x_wconf 49' lang='grc' dir='ltr'>ἐξα]</span> <span class='ocrx_word' id='word_1_443' title='bbox 1347 1807 1418 1847; x_wconf 80' lang='grc' dir='ltr'>Οὐχ</span> <span class='ocrx_word' id='word_1_444' title='bbox 1434 1806 1594 1848; x_wconf 79' lang='grc' dir='ltr'>ὑβρίζομεν</span> 
     </span>
     <span class='ocr_line' id='line_1_83' title="bbox 892 1858 1595 1900; baseline -0.001 -9"><span class='ocrx_word' id='word_1_445' title='bbox 892 1861 959 1891; x_wconf 76' lang='grc' dir='ltr'>ταῖς</span> <span class='ocrx_word' id='word_1_446' title='bbox 971 1859 1148 1900; x_wconf 81' lang='grc' dir='ltr'>εὐπραξίαις,</span> <span class='ocrx_word' id='word_1_447' title='bbox 1160 1860 1220 1890; x_wconf 80' lang='grc' dir='ltr'><em>οὐδ’</em></span> <span class='ocrx_word' id='word_1_448' title='bbox 1239 1860 1439 1900; x_wconf 82' lang='grc' dir='ltr'>ἐπιβαροῦμεν</span> <span class='ocrx_word' id='word_1_449' title='bbox 1452 1860 1517 1889; x_wconf 74' lang='grc' dir='ltr'><em>τοῖς</em></span> <span class='ocrx_word' id='word_1_450' title='bbox 1530 1858 1595 1890; x_wconf 82' lang='grc' dir='ltr'>ἑτέ-</span> 
     </span>
     <span class='ocr_line' id='line_1_84' title="bbox 894 1909 1597 1951; baseline -0.001 -10"><span class='ocrx_word' id='word_1_451' title='bbox 894 1922 952 1951; x_wconf 90' lang='grc' dir='ltr'>ρων</span> <span class='ocrx_word' id='word_1_452' title='bbox 980 1909 1170 1950; x_wconf 81' lang='grc' dir='ltr'>ἇτυχήμασι,</span> <span class='ocrx_word' id='word_1_453' title='bbox 1196 1910 1304 1951; x_wconf 89' lang='lat' dir='ltr'>inquit</span> <span class='ocrx_word' id='word_1_454' title='bbox 1331 1909 1514 1940; x_wconf 83' lang='lat' dir='ltr'>Africanus</span> <span class='ocrx_word' id='word_1_455' title='bbox 1542 1920 1597 1949; x_wconf 91' lang='lat' dir='ltr'>ap.</span> 
     </span>
     <span class='ocr_line' id='line_1_85' title="bbox 898 1960 1597 2001; baseline -0.001 -10"><span class='ocrx_word' id='word_1_456' title='bbox 898 1961 1042 2001; x_wconf 90' lang='lat' dir='ltr'>Appiau.</span> <span class='ocrx_word' id='word_1_457' title='bbox 1068 1960 1196 2000; x_wconf 84' lang='lat' dir='ltr'>Syriae.</span> <span class='ocrx_word' id='word_1_458' title='bbox 1219 1970 1252 2000; x_wconf 93' lang='lat' dir='ltr'>p.</span> <span class='ocrx_word' id='word_1_459' title='bbox 1274 1962 1347 1990; x_wconf 81' lang='lat'>112.</span> <span class='ocrx_word' id='word_1_460' title='bbox 1370 1960 1476 1998; x_wconf 77' lang='lat' dir='ltr'>Bong.</span> <span class='ocrx_word' id='word_1_461' title='bbox 1523 1960 1597 1990; x_wconf 83' lang='lat' dir='ltr'>Liv.</span> 
     </span>
     <span class='ocr_line' id='line_1_86' title="bbox 897 2009 1598 2042; baseline -0.003 0"><span class='ocrx_word' id='word_1_462' title='bbox 897 2020 990 2042; x_wconf 79' lang='lat' dir='ltr'>xml.</span> <span class='ocrx_word' id='word_1_463' title='bbox 1018 2013 1071 2042; x_wconf 79' lang='lat'>52.</span> <span class='ocrx_word' id='word_1_464' title='bbox 1097 2013 1127 2041; x_wconf 82' lang='lat'>9.</span> <span class='ocrx_word' id='word_1_465' title='bbox 1162 2011 1346 2041; x_wconf 87' lang='lat' dir='ltr'>Romanam</span> <span class='ocrx_word' id='word_1_466' title='bbox 1371 2009 1598 2040; x_wconf 84' lang='lat' dir='ltr'>constantiam</span> 
     </span>
     <span class='ocr_line' id='line_1_87' title="bbox 897 2059 1600 2099; baseline -0.003 -7"><span class='ocrx_word' id='word_1_467' title='bbox 897 2061 1093 2092; x_wconf 88' lang='lat' dir='ltr'>celebrans:</span> <span class='ocrx_word' id='word_1_468' title='bbox 1115 2060 1125 2077; x_wconf 87' lang='lat'>‘</span> <span class='ocrx_word' id='word_1_469' title='bbox 1142 2060 1199 2091; x_wconf 91' lang='lat' dir='ltr'>Ita</span> <span class='ocrx_word' id='word_1_470' title='bbox 1222 2064 1292 2091; x_wconf 87' lang='lat' dir='ltr'>tum</span> <span class='ocrx_word' id='word_1_471' title='bbox 1317 2060 1417 2090; x_wconf 88' lang='lat' dir='ltr'>moris</span> <span class='ocrx_word' id='word_1_472' title='bbox 1441 2059 1536 2099; x_wconf 85' lang='lat' dir='ltr'>erat‚&#39;</span> <span class='ocrx_word' id='word_1_473' title='bbox 1553 2061 1600 2090; x_wconf 89' lang='lat' dir='ltr'>iu-</span> 
     </span>
     <span class='ocr_line' id='line_1_88' title="bbox 898 2110 1599 2151; baseline 0 -11"><span class='ocrx_word' id='word_1_474' title='bbox 898 2111 984 2151; x_wconf 91' lang='lat' dir='ltr'>quit,</span> <span class='ocrx_word' id='word_1_475' title='bbox 1011 2111 1071 2141; x_wconf 87' lang='lat' dir='ltr'>‘in</span> <span class='ocrx_word' id='word_1_476' title='bbox 1100 2110 1249 2141; x_wconf 88' lang='lat' dir='ltr'>adversis</span> <span class='ocrx_word' id='word_1_477' title='bbox 1285 2111 1410 2141; x_wconf 87' lang='lat' dir='ltr'>vultum</span> <span class='ocrx_word' id='word_1_478' title='bbox 1440 2110 1599 2141; x_wconf 75' lang='lat' dir='ltr'>secundae</span> 
     </span>
     <span class='ocr_line' id='line_1_89' title="bbox 897 2159 1600 2201; baseline 0 -10"><span class='ocrx_word' id='word_1_479' title='bbox 897 2160 1046 2192; x_wconf 79' lang='lat' dir='ltr'>fortunae</span> <span class='ocrx_word' id='word_1_480' title='bbox 1072 2170 1204 2201; x_wconf 86' lang='lat' dir='ltr'>gerere,</span> <span class='ocrx_word' id='word_1_481' title='bbox 1219 2159 1388 2191; x_wconf 83' lang='lat' dir='ltr'>moderari</span> <span class='ocrx_word' id='word_1_482' title='bbox 1414 2161 1543 2192; x_wconf 89' lang='lat' dir='ltr'>animos</span> <span class='ocrx_word' id='word_1_483' title='bbox 1566 2161 1600 2191; x_wconf 87' lang='lat' dir='ltr'>in</span> 
     </span>
     <span class='ocr_line' id='line_1_90' title="bbox 899 2209 1600 2250; baseline -0.001 -9"><span class='ocrx_word' id='word_1_484' title='bbox 899 2210 1076 2243; x_wconf 88' lang='lat' dir='ltr'>secundis.’</span> <span class='ocrx_word' id='word_1_485' title='bbox 1101 2211 1146 2241; x_wconf 87' lang='lat' dir='ltr'>Et</span> <span class='ocrx_word' id='word_1_486' title='bbox 1157 2220 1211 2250; x_wconf 84' lang='lat' dir='ltr'>ap.</span> <span class='ocrx_word' id='word_1_487' title='bbox 1225 2210 1325 2241; x_wconf 88' lang='lat' dir='ltr'>eund.</span> <span class='ocrx_word' id='word_1_488' title='bbox 1340 2209 1503 2241; x_wconf 85' lang='lat' dir='ltr'>Autorem</span> <span class='ocrx_word' id='word_1_489' title='bbox 1518 2219 1600 2241; x_wconf 75' lang='lat' dir='ltr'>XLV.</span> 
     </span>
     <span class='ocr_line' id='line_1_91' title="bbox 901 2260 1601 2291; baseline -0.001 0"><span class='ocrx_word' id='word_1_490' title='bbox 901 2263 932 2291; x_wconf 88' lang='grc'><strong>8.</strong></span> <span class='ocrx_word' id='word_1_491' title='bbox 949 2263 980 2291; x_wconf 87' lang='grc'><strong>6.</strong></span> <span class='ocrx_word' id='word_1_492' title='bbox 1004 2260 1144 2290; x_wconf 82' lang='lat' dir='ltr'>Paullus</span> <span class='ocrx_word' id='word_1_493' title='bbox 1158 2260 1234 2291; x_wconf 90' lang='lat' dir='ltr'>Cos.</span> <span class='ocrx_word' id='word_1_494' title='bbox 1248 2260 1257 2276; x_wconf 90' lang='lat'>‘</span> <span class='ocrx_word' id='word_1_495' title='bbox 1270 2260 1311 2290; x_wconf 90' lang='lat' dir='ltr'>Iu</span> <span class='ocrx_word' id='word_1_496' title='bbox 1327 2260 1485 2291; x_wconf 86' lang='lat' dir='ltr'>secundis</span> <span class='ocrx_word' id='word_1_497' title='bbox 1503 2261 1601 2291; x_wconf 89' lang='lat' dir='ltr'>rebus</span> 
     </span>
     <span class='ocr_line' id='line_1_92' title="bbox 901 2310 1603 2350; baseline -0.001 -9"><span class='ocrx_word' id='word_1_498' title='bbox 901 2310 983 2341; x_wconf 87' lang='lat' dir='ltr'>nihil</span> <span class='ocrx_word' id='word_1_499' title='bbox 999 2311 1030 2340; x_wconf 90' lang='lat' dir='ltr'>iu</span> <span class='ocrx_word' id='word_1_500' title='bbox 1048 2320 1249 2350; x_wconf 84' lang='lat' dir='ltr'>quemquam</span> <span class='ocrx_word' id='word_1_501' title='bbox 1265 2310 1409 2350; x_wconf 88' lang='lat' dir='ltr'>superbe</span> <span class='ocrx_word' id='word_1_502' title='bbox 1427 2320 1466 2341; x_wconf 88' lang='lat' dir='ltr'>ac</span> <span class='ocrx_word' id='word_1_503' title='bbox 1480 2310 1603 2341; x_wconf 88' lang='lat' dir='ltr'>violen-</span> 
     </span>
     <span class='ocr_line' id='line_1_93' title="bbox 903 2359 1602 2400; baseline 0.001 -11"><span class='ocrx_word' id='word_1_504' title='bbox 903 2364 955 2390; x_wconf 82' lang='lat' dir='ltr'>ter</span> <span class='ocrx_word' id='word_1_505' title='bbox 992 2361 1168 2390; x_wconf 82' lang='lat' dir='ltr'>consulere</span> <span class='ocrx_word' id='word_1_506' title='bbox 1200 2359 1311 2399; x_wconf 87' lang='lat' dir='ltr'>decet,</span> <span class='ocrx_word' id='word_1_507' title='bbox 1341 2369 1404 2391; x_wconf 86' lang='lat' dir='ltr'>nec</span> <span class='ocrx_word' id='word_1_508' title='bbox 1440 2360 1602 2400; x_wconf 77' lang='lat' dir='ltr'>praesenti</span> 
     </span>
     <span class='ocr_line' id='line_1_94' title="bbox 904 2408 1603 2450; baseline 0 -10"><span class='ocrx_word' id='word_1_509' title='bbox 904 2409 1044 2440; x_wconf 88' lang='lat' dir='ltr'>credere</span> <span class='ocrx_word' id='word_1_510' title='bbox 1072 2408 1241 2440; x_wconf 79' lang='lat' dir='ltr'>fortunae:</span> <span class='ocrx_word' id='word_1_511' title='bbox 1267 2419 1355 2449; x_wconf 86' lang='lat' dir='ltr'>cum,</span> <span class='ocrx_word' id='word_1_512' title='bbox 1382 2410 1463 2450; x_wconf 86' lang='lat' dir='ltr'>quid</span> <span class='ocrx_word' id='word_1_513' title='bbox 1482 2420 1603 2450; x_wconf 89' lang='lat' dir='ltr'>vesper</span> 
     </span>
     <span class='ocr_line' id='line_1_95' title="bbox 904 2459 1606 2498; baseline 0.001 -9"><span class='ocrx_word' id='word_1_514' title='bbox 904 2459 1007 2498; x_wconf 86' lang='lat' dir='ltr'>ferat,</span> <span class='ocrx_word' id='word_1_515' title='bbox 1023 2460 1202 2490; x_wconf 86' lang='lat' dir='ltr'>incertum.</span> <span class='ocrx_word' id='word_1_516' title='bbox 1246 2459 1280 2489; x_wconf 93' lang='lat' dir='ltr'>Is</span> <span class='ocrx_word' id='word_1_517' title='bbox 1302 2459 1435 2490; x_wconf 88' lang='lat' dir='ltr'>demum</span> <span class='ocrx_word' id='word_1_518' title='bbox 1462 2460 1510 2489; x_wconf 91' lang='lat' dir='ltr'>vir</span> <span class='ocrx_word' id='word_1_519' title='bbox 1526 2460 1606 2498; x_wconf 83' lang='lat' dir='ltr'>erit,</span> 
     </span>
     <span class='ocr_line' id='line_1_96' title="bbox 905 2507 1604 2548; baseline 0 -9"><span class='ocrx_word' id='word_1_520' title='bbox 905 2509 1001 2548; x_wconf 87' lang='lat' dir='ltr'>cujus</span> <span class='ocrx_word' id='word_1_521' title='bbox 1017 2508 1164 2539; x_wconf 89' lang='lat' dir='ltr'>animum</span> <span class='ocrx_word' id='word_1_522' title='bbox 1181 2518 1243 2539; x_wconf 83' lang='lat' dir='ltr'>nec</span> <span class='ocrx_word' id='word_1_523' title='bbox 1268 2518 1430 2548; x_wconf 85' lang='lat' dir='ltr'>prospera</span> <span class='ocrx_word' id='word_1_524' title='bbox 1446 2507 1527 2539; x_wconf 85' lang='lat' dir='ltr'>flatu</span> <span class='ocrx_word' id='word_1_525' title='bbox 1545 2518 1604 2539; x_wconf 85' lang='lat' dir='ltr'>suo</span> 
     </span>
     <span class='ocr_line' id='line_1_97' title="bbox 906 2556 1603 2597; baseline -0.003 -8"><span class='ocrx_word' id='word_1_526' title='bbox 906 2557 1037 2596; x_wconf 81' lang='lat' dir='ltr'>efferet,</span> <span class='ocrx_word' id='word_1_527' title='bbox 1053 2567 1115 2588; x_wconf 89' lang='lat' dir='ltr'>nec</span> <span class='ocrx_word' id='word_1_528' title='bbox 1132 2557 1273 2588; x_wconf 83' lang='lat' dir='ltr'>adversa</span> <span class='ocrx_word' id='word_1_529' title='bbox 1288 2556 1476 2597; x_wconf 59' lang='lat' dir='ltr'>infringet?</span> <span class='ocrx_word' id='word_1_530' title='bbox 1513 2557 1603 2588; x_wconf 79' lang='lat' dir='ltr'>Add.</span> 
     </span>
     <span class='ocr_line' id='line_1_98' title="bbox 906 2607 1605 2648; baseline 0 -11"><span class='ocrx_word' id='word_1_531' title='bbox 906 2617 979 2648; x_wconf 89' lang='lat' dir='ltr'>sup.</span> <span class='ocrx_word' id='word_1_532' title='bbox 1011 2615 1117 2637; x_wconf 79' lang='lat' dir='ltr'>xxxi.</span> <span class='ocrx_word' id='word_1_533' title='bbox 1140 2610 1170 2637; x_wconf 84' lang='lat'>2.</span> <span class='ocrx_word' id='word_1_534' title='bbox 1194 2610 1224 2637; x_wconf 82' lang='lat'>2.</span> <span class='ocrx_word' id='word_1_535' title='bbox 1247 2608 1429 2637; x_wconf 73' lang='lat' dir='ltr'>Ber-neccer.</span> <span class='ocrx_word' id='word_1_536' title='bbox 1467 2607 1535 2637; x_wconf 88' lang='lat' dir='ltr'>Hic</span> <span class='ocrx_word' id='word_1_537' title='bbox 1559 2608 1605 2637; x_wconf 88' lang='lat' dir='ltr'>la-</span> 
     </span>
     <span class='ocr_line' id='line_1_99' title="bbox 908 2656 1606 2695; baseline -0.001 -7"><span class='ocrx_word' id='word_1_538' title='bbox 908 2662 958 2688; x_wconf 88' lang='lat' dir='ltr'>tet</span> <span class='ocrx_word' id='word_1_539' title='bbox 980 2657 1200 2695; x_wconf 80' lang='lat' dir='ltr'>soloecismus,</span> <span class='ocrx_word' id='word_1_540' title='bbox 1222 2656 1606 2687; x_wconf 76' lang='lat' dir='ltr'>Romanis....insolescere.</span> 
     </span>
     <span class='ocr_line' id='line_1_100' title="bbox 908 2706 1606 2746; baseline -0.004 -7"><span class='ocrx_word' id='word_1_541' title='bbox 908 2708 993 2739; x_wconf 92' lang='lat' dir='ltr'>Cum</span> <span class='ocrx_word' id='word_1_542' title='bbox 1019 2708 1081 2738; x_wconf 90' lang='lat' dir='ltr'>hoc</span> <span class='ocrx_word' id='word_1_543' title='bbox 1109 2706 1310 2744; x_wconf 86' lang='lat' dir='ltr'>olfecissem,</span> <span class='ocrx_word' id='word_1_544' title='bbox 1331 2706 1470 2746; x_wconf 70' lang='lat' dir='ltr'>qua‘sivi</span> <span class='ocrx_word' id='word_1_545' title='bbox 1494 2706 1526 2736; x_wconf 93' lang='lat' dir='ltr'>in</span> <span class='ocrx_word' id='word_1_546' title='bbox 1548 2716 1606 2737; x_wconf 87' lang='lat' dir='ltr'>ex-</span> 
     </span>
     <span class='ocr_line' id='line_1_101' title="bbox 908 2754 1607 2796; baseline -0.001 -9"><span class='ocrx_word' id='word_1_547' title='bbox 908 2756 1033 2796; x_wconf 89' lang='lat' dir='ltr'>cerptis</span> <span class='ocrx_word' id='word_1_548' title='bbox 1063 2756 1148 2786; x_wconf 83' lang='lat' dir='ltr'>Mss.</span> <span class='ocrx_word' id='word_1_549' title='bbox 1180 2754 1287 2786; x_wconf 80' lang='lat' dir='ltr'>codd.</span> <span class='ocrx_word' id='word_1_550' title='bbox 1315 2754 1372 2784; x_wconf 91' lang='lat' dir='ltr'>ubi</span> <span class='ocrx_word' id='word_1_551' title='bbox 1402 2755 1482 2794; x_wconf 89' lang='lat' dir='ltr'>quid</span> <span class='ocrx_word' id='word_1_552' title='bbox 1516 2761 1607 2786; x_wconf 86' lang='lat' dir='ltr'>esset</span> 
     </span>
     <span class='ocr_line' id='line_1_102' title="bbox 908 2804 1606 2845; baseline -0.004 -8"><span class='ocrx_word' id='word_1_553' title='bbox 908 2806 1060 2837; x_wconf 87' lang='lat' dir='ltr'>mutand.</span> <span class='ocrx_word' id='word_1_554' title='bbox 1077 2805 1200 2845; x_wconf 87' lang='lat' dir='ltr'>reperi.</span> <span class='ocrx_word' id='word_1_555' title='bbox 1246 2804 1302 2835; x_wconf 87' lang='lat' dir='ltr'>Sic</span> <span class='ocrx_word' id='word_1_556' title='bbox 1313 2808 1426 2834; x_wconf 89' lang='lat' dir='ltr'>autem</span> <span class='ocrx_word' id='word_1_557' title='bbox 1442 2804 1488 2834; x_wconf 89' lang='lat' dir='ltr'>ibi</span> <span class='ocrx_word' id='word_1_558' title='bbox 1501 2806 1606 2845; x_wconf 84' lang='lat' dir='ltr'>scrip-</span> 
     </span>
     <span class='ocr_line' id='line_1_103' title="bbox 910 2854 1608 2894; baseline -0.001 -8"><span class='ocrx_word' id='word_1_559' title='bbox 910 2861 979 2887; x_wconf 86' lang='lat' dir='ltr'>tum</span> <span class='ocrx_word' id='word_1_560' title='bbox 997 2859 1070 2886; x_wconf 82' lang='lat' dir='ltr'>est:</span> <span class='ocrx_word' id='word_1_561' title='bbox 1095 2864 1188 2894; x_wconf 78' lang='lat' dir='ltr'>neque</span> <span class='ocrx_word' id='word_1_562' title='bbox 1212 2854 1378 2893; x_wconf 72' lang='lat' dir='ltr'>Romanos,</span> <span class='ocrx_word' id='word_1_563' title='bbox 1391 2854 1418 2884; x_wconf 75' lang='lat' dir='ltr'>si</span> <span class='ocrx_word' id='word_1_564' title='bbox 1434 2854 1608 2893; x_wconf 61' lang='lat' dir='ltr'>tint-antur,</span> 
     </span>
     <span class='ocr_line' id='line_1_104' title="bbox 908 2904 1608 2946; baseline 0.001 -10"><span class='ocrx_word' id='word_1_565' title='bbox 908 2907 1020 2937; x_wconf 72' lang='grc' dir='ltr'>αηῐηιίε</span> <span class='ocrx_word' id='word_1_566' title='bbox 1046 2906 1153 2945; x_wconf 73' lang='lat' dir='ltr'>minui,</span> <span class='ocrx_word' id='word_1_567' title='bbox 1174 2907 1225 2946; x_wconf 55' lang='lat' dir='ltr'>sse.</span> <span class='ocrx_word' id='word_1_568' title='bbox 1261 2904 1346 2937; x_wconf 79' lang='lat' dir='ltr'>Quae</span> <span class='ocrx_word' id='word_1_569' title='bbox 1362 2914 1453 2943; x_wconf 81' lang='lat' dir='ltr'>sana,</span> <span class='ocrx_word' id='word_1_570' title='bbox 1470 2909 1505 2936; x_wconf 90' lang='lat' dir='ltr'>et</span> <span class='ocrx_word' id='word_1_571' title='bbox 1527 2916 1608 2937; x_wconf 74' lang='lat' dir='ltr'>vera</span> 
     </span>
     <span class='ocr_line' id='line_1_105' title="bbox 1450 2959 1521 2989; baseline 0 0"><span class='ocrx_word' id='word_1_572' title='bbox 1450 2961 1468 2989; x_wconf 78' lang='lat'><strong>3</strong></span> <span class='ocrx_word' id='word_1_573' title='bbox 1493 2959 1521 2989; x_wconf 89' lang='lat' dir='ltr'>P</span> 
     </span>
    </p>
   </div>
  </div>
 </body>
</html>
