2101 3419
436 350 520 392 870

438 454 507 484 tius
522 453 555 484 in
572 453 681 494 Epist.
695 462 769 494 quae
782 456 836 485 est
848 453 938 484 inter
953 452 1133 484 familiares

440 503 613 535 Ciceronis
628 512 677 535 1v.
692 507 723 535 5.
748 504 757 520 ‘
771 503 871 536 Quod
895 504 923 535 si
945 504 1017 545 quis
1033 504 1134 535 etiam

438 553 554 584 inferis
569 562 683 583 sensus
699 556 762 593 est,
776 553 838 584 hoc
856 557 951 584 certe
966 553 1023 584 illa
1037 558 1071 584 te
1085 552 1135 583 fa-

441 612 519 633 cere
536 612 601 633 non
619 602 712 633 vult?
757 603 867 635 Quem
882 602 925 633 ad
940 603 962 633 l.
979 602 1135 633 observat

441 653 485 685 P.
501 653 689 692 Manutius,
709 652 771 684 hac
792 657 851 684 aut
867 653 965 684 simili
978 652 1050 684 fere
1069 652 1134 683 for-

441 703 531 733 mula
553 702 589 733 in
611 702 773 734 memoria
797 702 1036 734 defunctorum
1057 712 1135 733 usos

443 758 479 785 et
492 754 632 786 Graecos
649 763 732 785 esse.
772 754 966 785 Latinorum
983 755 1138 794 exempla

445 805 540 844 plura
556 803 693 845 collegit
710 804 817 836 Briss.
833 804 875 836 de
892 805 1039 837 Formul.
1055 813 1137 836 vm.

444 864 478 894 p.
495 857 568 886 810.
585 855 594 871 ‘
611 854 645 884 Si
661 853 735 894 quis
745 854 883 884 mortuis
899 854 987 885 inest
1000 853 1137 893 sensns,’

445 904 569 944 Polyb.
585 913 666 935 vul.
682 906 712 934 9.
734 905 743 920 ‘
755 903 790 934 Si
803 904 876 945 quis
893 903 1010 935 inferis
1023 914 1138 935 sensus

445 953 521 991 est,’
545 954 624 984 Seu.
652 953 695 984 de
715 953 818 984 Brev.
841 954 912 985 Vit.
927 957 977 985 18.
1002 954 1061 985 ‘Si
1087 959 1140 985 est

446 1003 564 1044 aliquis
589 1001 757 1034 defunctis
771 1002 906 1043 sensus,'
933 1003 986 1033 Id.
1004 1003 1139 1035 Consol.

447 1053 489 1084 ad
514 1053 637 1094 Polyb.
654 1055 705 1084 27.
718 1056 749 1083 6.
777 1053 937 1093 Propert.
961 1062 1012 1084 lv.
1032 1056 1064 1084 6.
1089 1056 1140 1084 83.

445 1105 455 1121 ‘
471 1103 604 1142 Gaude,
618 1104 752 1143 Crasse,
767 1103 892 1143 nigras,
903 1103 929 1134 si
946 1103 1026 1144 quid
1042 1104 1143 1143 sapis,

447 1153 538 1185 inter
562 1152 702 1185 arenas!
744 1152 818 1184 Val.
833 1153 882 1183 M.
904 1162 954 1184 ιν.
977 1155 1009 1183 6.
1030 1155 1061 1184 3.
1084 1153 1142 1184 ‘Si

450 1203 530 1244 quid
561 1203 658 1234 modo
683 1203 862 1234 exstinctis
889 1212 1006 1234 sensus
1032 1202 1143 1234 inest.'

450 1254 578 1284 Lucan.
608 1262 688 1283 vm.
717 1255 792 1284 749.
828 1254 837 1269 ‘
855 1253 891 1283 Si
921 1253 1001 1294 quid
1027 1262 1142 1284 sensus

450 1309 529 1344 post
557 1302 629 1334 fata
657 1303 812 1334 relictum
843 1302 916 1333 est.’
961 1303 1032 1334 Cic.
1056 1303 1145 1335 Phil.

448 1363 502 1384 rx.
517 1356 548 1384 6.
571 1353 752 1383 Berneceer.
795 1353 914 1383 Malim
939 1352 967 1382 si
992 1353 1059 1392 quis
1081 1363 1144 1383 ma-

449 1404 535 1434 nium
549 1412 652 1433 sensus
666 1406 752 1433 esset.
775 1402 894 1433 Faber.
918 1402 990 1434 Cic.
1004 1412 1038 1434 v.
1052 1403 1145 1435 Fam.

452 1458 504 1486 16.
529 1455 538 1471 ‘
552 1454 592 1484 In
609 1457 717 1484 morte
733 1453 759 1483 si
777 1452 923 1484 resideat
939 1456 1075 1485 sensus.’
1101 1454 1146 1485 Et

452 1514 500 1535 vr.
518 1507 548 1535 3.
561 1505 581 1521 ·‘
596 1504 631 1534 Si
648 1512 714 1534 non
730 1511 800 1542 ero,
815 1512 914 1534 sensu
935 1503 1068 1534 omnino
1093 1513 1146 1535 ca-

452 1554 558 1585 rebo.'
585 1554 657 1585 Vor.

497 1606 514 1645 ξ
531 1606 571 1634 19
604 1603 778 1643 Dorio-etis]
815 1602 1037 1634 Dromiclcoetis
1064 1604 1148 1645 legit

454 1654 629 1686 Fabricius
645 1654 678 1684 in
694 1654 793 1685 Oros.
809 1664 851 1684 ex
876 1654 968 1685 Plut.
990 1655 1146 1687 Demetr.

454 1708 506 1737 52.
531 1706 632 1736 Pans.
647 1704 678 1734 iu
696 1703 770 1735 Att.
787 1703 900 1735 Strab.
917 1713 983 1735 vn.
1000 1705 1055 1745 qui
1071 1714 1148 1736 eum

455 1755 622 1786 Getarum
639 1763 752 1794 regem
769 1752 910 1784 faciunt.
944 1754 1017 1794 Ego
1031 1759 1150 1786 contra

454 1805 559 1836 libros
583 1804 665 1835 nihil
691 1807 802 1834 muto:
826 1812 936 1844 neque
958 1812 1079 1834 novum
1097 1808 1150 1835 est

455 1855 684 1886 Historiarum
714 1854 898 1894 scriptores
928 1853 961 1884 in
994 1854 1149 1886 barbaris

456 1905 644 1936 nominibus
656 1904 795 1935 variare.
818 1904 976 1943 Bongars.
1008 1904 1152 1934 Notavit

456 1956 563 1995 Boug.
581 1954 740 1995 quosdam
752 1953 843 1994 typis
857 1963 1009 1994 express.
1025 1953 1150 1985 habere

458 2005 691 2044 Dromichaetis,
713 2010 751 2035 ut
773 2004 885 2035 Strab.
913 2008 949 2034 et
964 2004 1057 2035 Plut.
1074 2013 1149 2035 eum

458 2060 595 2087 vocant.
641 2055 730 2087 Quia
752 2058 866 2085 tamen
889 2054 923 2084 in
950 2054 1047 2085 codd.
1070 2055 1151 2085 Mss.

458 2106 587 2146 reperit
602 2104 772 2143 Doricetz's,
788 2104 868 2134 nihil
888 2104 1037 2135 mutand.
1054 2109 1151 2145 puta-

459 2156 521 2187 vit.
565 2155 651 2186 Mihi
677 2164 753 2185 cum
783 2154 934 2185 Gronov.
959 2155 992 2185 in
1022 2155 1079 2186 lib.
1104 2164 1163 2187 ιν.

461 2205 545 2236 obs.
584 2204 621 2235 τὸ
658 2204 816 2235 Doricetis
848 2209 1043 2245 suspectum
1080 2210 1151 2245 est;

461 2256 550 2297 quod
573 2255 719 2296 videam,
734 2261 882 2287 veterem
907 2266 1039 2297 quoque
1062 2256 1154 2289 Prol.

459 2306 526 2347 huj.
539 2306 595 2336 lib.
610 2305 734 2336 habere.
748 2305 757 2322 ‘
770 2305 1012 2346 Dromichete,'
1029 2306 1154 2346 ipsum-

462 2366 527 2397 que
554 2357 703 2397 Trogum
729 2355 778 2387 sic
806 2356 978 2396 scripsisse
1002 2365 1155 2397 arguere.

468 2407 540 2438 Vor.

506 2458 661 2488 Adversus
676 2456 759 2497 eum]
792 2457 859 2488 Ms.
877 2461 912 2488 et
928 2457 955 2488 I.
977 2456 1063 2489 bene
1087 2460 1157 2491 adv.

464 2507 668 2539 Demetrium.
707 2506 796 2538 Add.
809 2517 859 2539 vr.
871 2510 901 2539 l.
914 2511 945 2539 2.
957 2508 1039 2540 Not.
1057 2510 1157 2541 Bern.

509 2559 595 2589 CAP.
609 2566 649 2588 11.
696 2559 711 2598 ξ
730 2561 745 2587 1
784 2558 864 2588 Cum
881 2558 988 2589 Asiam
1013 2570 1159 2601 occupare

462 2609 632 2647 statuisset,
645 2608 769 2647 iterato,
784 2608 850 2649 δῖα]
872 2609 1012 2649 Vereor,
1026 2620 1067 2641 ne
1083 2611 1159 2643 huic

465 2658 490 2690 f.
515 2659 589 2690 loco
620 2658 797 2698 acciderit,
819 2659 906 2700 qnod
932 2659 994 2699 illi,
1022 2661 1079 2702 qui
1107 2666 1160 2693 est

466 2717 526 2739 xv.
543 2711 573 2739 2.
618 2707 785 2748 Equidem
812 2712 846 2739 et
871 2709 956 2740 hanc
982 2710 1161 2742 Ptolomaei

466 2768 542 2790 cum
554 2758 687 2789 caeteris
700 2758 971 2798 conjunctionem
981 2769 1045 2791 non
1058 2760 1160 2793 fnisse

467 2809 623 2848 primam,
645 2817 770 2839 verum.
815 2807 862 2839 At
878 2808 974 2840 nimis
992 2810 1089 2851 longe
1104 2811 1161 2842 ab·

467 2862 532 2896 est,
543 2856 632 2897 quod
646 2856 722 2888 huic
734 2858 743 2874 ‘
758 2856 898 2888 iterato'
914 2857 1017 2890 debet
1030 2869 1162 2900 respon·

468 2907 551 2938 dere
568 2907 749 2939 secundum
767 2908 846 2939 lect.
862 2909 950 2950 vulg.
973 2910 981 2926 ‘
995 2915 1096 2951 pacta
1112 2921 1162 2943 so-

888 359 1028 390 NOTAE
1059 359 1323 391 VARIORUM
1357 360 1407 391 IN

1183 451 1334 484 cietate.’
1378 452 1515 484 Mallem
1544 461 1607 493 ego
1637 460 1767 483 comma
1796 451 1876 484 scri-

1183 502 1265 533 bere
1281 506 1359 543 post
1381 503 1390 520 ‘
1401 503 1548 541 iterato,’
1573 506 1610 533 ut
1626 501 1794 533 sententia
1811 501 1875 533 sit:

1184 552 1297 583 Asiam
1312 552 1420 584 denno
1431 553 1577 584 voluisse
1589 561 1767 592 occupare,
1779 561 1879 593 quam

1185 615 1233 635 sc-
1260 615 1445 645 possessam
1463 609 1563 636 antea
1578 605 1738 636 amiserat
1761 604 1880 644 praelio

1185 663 1261 685 cum
1277 654 1433 695 Seleuco,
1447 654 1489 685 de
1502 663 1566 695 quo
1579 655 1708 686 Noster
1724 662 1787 684 xv.
1800 657 1832 685 5.
1848 655 1880 685 4.

1185 704 1289 743 Schef.

1227 754 1427 793 Ptolomoeus,
1453 754 1608 792 Seleucus,
1622 757 1652 785 et
1665 752 1882 794 Lysimachus]

1185 803 1276 834 Plut.
1303 804 1337 833 in
1365 804 1516 834 Demetr.
1543 808 1577 834 et
1601 803 1754 844 Pyrrho:
1778 803 1882 835 Paus.

1186 853 1220 882 in
1236 853 1310 885 Att.
1333 863 1413 894 quos
1435 853 1469 884 in
1491 853 1554 884 hac
1575 853 1716 884 historia
1731 853 1882 884 consule.

1188 902 1293 941 Bong.

1231 953 1285 992 §4
1309 952 1487 992 Interfecit]
1521 952 1603 992 Leg.
1628 952 1787 993 interficit.
1818 952 1883 982 Fa-

1189 1001 1262 1032 ber.
1317 1001 1419 1042 Angl.
1451 1002 1611 1043 interficit,
1637 1002 1728 1042 quod
1755 1001 1882 1033 rectius

1190 1052 1372 1092 respondet
1403 1052 1556 1093 sequenti
1584 1053 1594 1069 ‘
1611 1051 1738 1083 tradit.’
1779 1051 1885 1090 Schef.

1189 1101 1244 1132 Sic
1261 1107 1297 1133 et
1311 1102 1407 1134 Jnnt.
1437 1103 1545 1133 Groev.

1235 1152 1451 1192 Querelarum]
1495 1151 1602 1183 Codd.
1617 1151 1701 1183 Mss.
1715 1154 1755 1182 ut
1776 1151 1887 1192 Bong-

1191 1208 1348 1244 testatur,
1375 1203 1595 1244 querellarum:
1630 1211 1766 1242 prorsus
1785 1206 1824 1233 ut
1851 1202 1886 1233 in

1190 1253 1335 1294 antiquis
1349 1252 1517 1293 lapidibus
1531 1256 1595 1282 est.
1623 1252 1726 1283 Vorst.

1235 1305 1252 1344 ᾧ
1268 1306 1287 1334 7
1311 1302 1514 1342 Ptolemoens]
1538 1303 1667 1342 Regum
1682 1301 1821 1342 AEgypti
1836 1310 1888 1332 se-

1192 1355 1277 1386 riem
1301 1355 1370 1385 vid.
1387 1364 1441 1394 ap.
1459 1353 1571 1384 Strab.
1588 1361 1680 1384 xvu.
1723 1353 1887 1385 Quaedam

1193 1414 1247 1446 ap.
1265 1405 1368 1435 Paus.
1383 1403 1417 1434 in
1433 1402 1506 1434 Att.
1529 1403 1633 1442 Bong.

1238 1454 1424 1492 Moriturus,
1447 1452 1568 1492 contra]
1601 1451 1710 1483 Sebis.
1737 1451 1890 1492 praefert,

1195 1503 1285 1545 quod
1314 1503 1397 1536 editi
1421 1502 1554 1544 quidam
1580 1501 1720 1542 habent,
1745 1503 1888 1534 moritur.

1196 1555 1231 1584 Is
1255 1557 1372 1585 eontra.
1416 1553 1543 1584 Suadet
1566 1552 1656 1594 quod
1682 1561 1760 1583 mox
1782 1553 1892 1593 sequi-

1198 1608 1265 1644 tur,
1296 1605 1396 1635 ‘ante
1421 1602 1674 1634 infirmitatem!
1707 1603 1890 1634 Berneccer.

1197 1654 1415 1696 Antiquiores
1437 1653 1526 1694 typis
1551 1662 1647 1693 expr.
1672 1653 1814 1684 moritur.
1858 1652 1892 1683 Is

1197 1709 1314 1737 contra.
1360 1705 1405 1735 Et
1421 1714 1494 1735 cum
1520 1703 1632 1735 Sebis.
1653 1701 1802 1744 praefero
1828 1703 1890 1734 hoc

1199 1757 1230 1787 ei
1245 1756 1335 1798 quod
1354 1756 1464 1795 Bong.
1478 1755 1608 1793 maluit,
1623 1755 1802 1794 moriturus,
1822 1764 1891 1786 con-

1199 1810 1260 1838 tra.
1305 1806 1431 1837 Suadet
1449 1805 1482 1836 id
1500 1804 1590 1845 quod
1612 1805 1776 1846 sequitur,
1788 1805 1798 1822 ‘
1813 1808 1892 1836 ante

1199 1854 1452 1887 infirmitatem!
1497 1854 1587 1887 Quia
1608 1853 1693 1886 fecit
1708 1858 1786 1886 ante
1802 1853 1893 1885 infir-

1199 1906 1367 1946 mitatem,
1381 1914 1446 1936 non
1469 1903 1553 1935 fecit
1571 1905 1764 1935 moriturus.
1790 1904 1893 1936 Vorst.

1201 1956 1351 1986 Moritur.
1374 1955 1418 1994 Is,
1433 1954 1582 1985 restituit
1593 1964 1632 1985 ex
1646 1954 1894 1995 antiquioribus

1201 2006 1316 2037 Vorst.
1339 2004 1444 2043 Schef.
1489 2004 1750 2046 Adstipulantur
1764 2005 1892 2038 Juntae.

1203 2056 1308 2087 Graev.

1247 2109 1363 2138 Contra
1369 2108 1424 2146 J'us
1435 2107 1586 2147 gentium,
1603 2106 1672 2147 ξω]
1695 2107 1794 2139 Unde
1810 2107 1892 2139 Per-

1202 2166 1276 2188 seus
1301 2167 1356 2198 ap.
1373 2157 1444 2188 LIv.
1460 2165 1516 2189 11..
1538 2159 1569 2187 9.
1587 2159 1616 2188 8.
1632 2156 1770 2188 fratrem
1787 2157 1895 2189 inces-

1203 2217 1302 2239 sens:
1332 2212 1339 2224 ‘
1357 2208 1510 2248 Regnare
1535 2207 1653 2248 utIque
1680 2207 1750 2247 vis,’
1775 2208 1897 2249 inquit,

1202 2258 1211 2274 ‘
1228 2258 1305 2289 huic
1322 2257 1393 2298 spei
1409 2262 1477 2288 tuae
1499 2257 1612 2288 obstat
1637 2261 1718 2289 aetas
1735 2267 1823 2297 mea,
1839 2258 1898 2289 ob-

1205 2313 1275 2341 stat
1301 2317 1467 2340 GEN'rmM
1491 2317 1571 2339 sus:
1598 2307 1712 2339 obstat
1742 2312 1897 2340 vetustus

1204 2359 1415 2390 Macedoniae
1442 2357 1539 2397 mos,'
1566 2360 1629 2389 διο.
1674 2358 1898 2400 Vid.quoque

1204 2413 1321 2441 notata
1335 2408 1489 2449 superius
1504 2408 1545 2438 ad
1565 2416 1606 2439 n.
1622 2410 1673 2439 10.
1690 2410 1721 2440 2.
1738 2412 1774 2440 et
1790 2418 1826 2440 V.
1843 2411 1897 2440 11.

1205 2462 1236 2491 2.
1261 2459 1361 2490 Bern.

1249 2510 1382 2541 Minimo
1409 2512 1486 2540 natu
1507 2518 1547 2540 ex
1572 2507 1670 2550 filiis]
1711 2508 1900 2540 Ptolemaeo

1207 2561 1443 2601 Philadelpho,
1458 2563 1537 2591 nato
1553 2569 1596 2590 ex
1611 2559 1789 2591 Berenice.
1814 2560 1900 2591 Nati

1209 2616 1322 2643 autem
1351 2620 1394 2641 ex
1421 2610 1591 2650 Eurydice
1620 2619 1723 2650 regno
1744 2610 1902 2641 exclude-

1208 2661 1343 2701 bantur,
1358 2660 1576 2691 vehementer
1597 2659 1813 2691 dissuadente
1833 2659 1901 2691 De-

1209 2711 1329 2743 metrio
1353 2710 1534 2749 Phalereo,
1558 2713 1597 2740 ut
1623 2708 1742 2740 scribit
1766 2709 1800 2740 in
1825 2709 1900 2750 ejus

1209 2761 1472 2801 VitaDiogeues
1484 2759 1596 2791 Lae'rt.
1619 2759 1716 2790 Idem.
1761 2759 1902 2791 Lucian.

1210 2811 1395 2844 Macrobiis
1433 2820 1466 2851 p.
1495 2812 1570 2840 470.
1603 2810 1794 2847 Πτολεμαῖος
1826 2807 1859 2840 δὲ
1885 2809 1902 2838 ὁ

1209 2861 1323 2901 Λάγου,
1337 2862 1352 2891 ὁ
1367 2863 1428 2892 τῶν
1438 2861 1503 2892 καθ’
1515 2859 1622 2891 ἑαυτὸν
1638 2857 1903 2899 εὐδαιμονέστατος

1209 2911 1374 2955 βασιλέων,
1391 2910 1545 2951 Αἰγύπτου
1559 2910 1614 2951 μὲν
1637 2910 1819 2946 ἐβασίλευσε
1832 2908 1903 2942 τέσ·
