2101 3419
422 347 538 391 1018

421 452 504 484 tudo
518 452 590 494 ipsa
605 452 655 484 ita
677 451 794 484 similis
814 453 892 494 est,'
911 456 978 486 διο.
1013 455 1124 487 Locus

422 508 541 535 nostro
557 504 636 535 huic
653 504 851 535 simillimus.
875 505 983 544 Schef.

465 555 484 594 ξ
507 557 527 584 6
550 554 679 585 Arsacis
703 555 840 595 nomine]
877 555 946 596 Ap.
978 556 1124 588 Parthos

421 603 534 645 inquit
551 605 673 636 Strabo
690 614 750 637 xv.
768 609 887 646 p.483.
904 609 955 638 33.
977 605 1124 647 Ἀρσάκαι

421 655 585 685 καλοῦνται
600 653 722 687 πάντες·
748 655 807 697 ἰδίᾳ
822 655 855 687 δὲ
872 657 888 687 ὖ
902 655 960 695 μὲν
981 657 1125 698 Ὀρώδης,

420 705 438 736 ὁ
462 704 495 736 δὲ
519 704 668 746 Φραάτης,
694 707 710 736 ὃ
732 705 765 737 δὲ
791 705 871 738 ἄλλο
895 719 936 738 τι.
968 708 1124 747 Bongars.

420 756 517 789 Serv.
545 757 587 787 ad
612 758 671 788 illa
696 757 817 799 Virgil.
848 758 923 790 AEn.
953 767 1020 789 ΧΠ.
1050 762 1124 791 529.

423 807 433 824 ‘
450 806 672 837 Murrhanum
696 806 763 846 hic,
786 812 902 838 atavos
926 813 962 839 et
985 818 1122 839 avorum

422 857 563 898 antiqua
591 862 768 888 sonantem
797 858 956 899 Nomina,
985 868 1049 898 per
1071 869 1123 890 re-

422 916 549 948 gesque
574 912 687 938 actum
711 918 815 948 genus
838 918 937 940 omne
961 909 1124 950 Latinos,’

420 959 487 988 ὅτε.
522 961 531 975 ‘
550 958 627 989 Hoc
657 958 733 997 est‚'
763 957 886 999 inquit,
914 959 1036 999 ‘cujus
1064 969 1123 990 no-

419 1007 511 1038 mine
533 1008 677 1048 majores
699 1017 816 1039 omnes
839 1008 1015 1039 Murrhani
1038 1009 1123 1040 dicti

421 1061 511 1094 snut,
527 1062 562 1088 et
579 1067 678 1097 reges
693 1056 844 1091 fuerunt.
886 1058 1017 1089 Scimus
1033 1059 1123 1090 enim

420 1107 621 1148 plerumque
637 1108 747 1138 solere
761 1106 849 1147 fieri,
865 1113 901 1138 ut
917 1109 1016 1148 primi
1033 1109 1122 1149 regis

419 1157 543 1198 reliqui
559 1167 680 1188 nomen
697 1158 799 1188 etiam
818 1158 1029 1198 possideant.
1075 1160 1123 1190 Ut

421 1207 512 1248 apud
549 1209 717 1239 Romanos
753 1208 900 1248 Augusti
935 1213 1121 1241 vocantur:

421 1257 511 1297 apud
542 1257 694 1288 Albanos
723 1258 842 1289 Silvii:
876 1259 967 1298 apud
995 1260 1121 1290 Persas

420 1307 621 1340 Arsacidae:
659 1308 749 1349 apud
787 1309 967 1350 AEgyptios
1003 1310 1122 1341 Ptole-

419 1359 517 1391 maei:
543 1359 632 1399 apud
651 1359 877 1390 Athenienses
894 1360 1122 1400 Cecropidae:

421 1409 559 1441 Medius.
591 1408 682 1440 Add.
700 1408 799 1440 eund.
815 1409 910 1440 Serv.
929 1409 963 1439 in
981 1411 1054 1440 [ΕΠ.
1070 1418 1121 1441 vl.

418 1462 495 1490 760.
520 1460 674 1491 Curtium
688 1468 770 1490 vni.
788 1462 838 1490 12.
856 1462 908 1491 23.
933 1460 1121 1492 Marcellin.

419 1518 530 1541 xxm.
544 1513 597 1541 16.
627 1509 722 1540 Suid.
738 1510 771 1540 in
787 1510 796 1526 ‘
808 1509 978 1549 Arsaces‚’
995 1510 1121 1542 Isidor.

421 1560 555 1601 Origin.
574 1570 626 1592 lx.
644 1563 674 1591 3.
698 1565 733 1591 et
755 1560 977 1592 Freinshemii
994 1561 1070 1592 Iud.
1087 1562 1122 1593 in

418 1610 429 1627 ‘
446 1610 576 1651 Regis.'
600 1612 698 1641 Bern.

462 1663 479 1702 ξ
501 1665 521 1693 7
546 1662 652 1700 Hujus
669 1661 762 1703 filius
785 1664 815 1692 et
838 1671 992 1693 successor
1017 1663 1122 1703 regni,

419 1710 552 1742 Arsaces
567 1714 596 1742 et
616 1711 682 1751 ipse
700 1710 834 1750 nomine]
869 1710 938 1742 Alii
964 1711 1034 1752 huj.
1059 1711 1122 1742 Ar-

420 1762 507 1792 sacis
523 1771 589 1793 non
606 1760 846 1792 meminerunt.
868 1761 988 1792 Persae
1006 1766 1121 1793 tamen

419 1816 557 1842 norunt.
594 1812 783 1844 Quemnam
802 1820 881 1842 vero
900 1811 1121 1853 Pricipatium,

421 1865 481 1891 aut
511 1860 725 1900 Pumpatium,
751 1860 905 1892 Justinus
932 1866 1044 1899 vocet,
1072 1862 1121 1902 ig-

419 1918 514 1941 noro.
560 1910 615 1940 An
631 1914 682 1940 est
698 1909 954 1950 Phar-numnius?
978 1911 1018 1942 In
1041 1912 1122 1942 Par-

419 1960 587 1991 thicorum
604 1970 683 1991 sane
701 1970 816 2000 regum
837 1962 1007 2001 catalogo,
1024 1972 1122 2002 quem

419 2009 572 2049 habeo,a
588 2011 630 2041 cl.
646 2010 780 2042 Joanne
793 2010 1026 2050 Elichmanno,
1041 2012 1123 2043 nihil

419 2060 528 2091 simile
545 2065 700 2100 apparet.
737 2060 847 2091 Lubet
861 2060 917 2091 hic
934 2070 1050 2092 eorum
1067 2072 1123 2093 no-

420 2111 511 2141 mina
526 2119 712 2151 apponere,
734 2110 890 2151 quoniam
914 2120 981 2141 non
1003 2121 1121 2152 parum

420 2160 506 2191 lucis
524 2161 723 2192 Graecorum
742 2160 896 2191 Historia
911 2160 990 2192 inde
1009 2166 1123 2202 potest

420 2215 586 2243 mutuare.
631 2211 774 2242 Mancus
793 2220 938 2253 namque
955 2212 1070 2243 multis
1087 2213 1121 2243 in

420 2262 504 2293 locis
521 2261 586 2292 fuit
602 2261 787 2301 Catalogus
804 2261 872 2301 ille,
897 2271 996 2302 quem
1012 2261 1122 2294 edidit

419 2311 644 2349 Schicardus3
669 2310 756 2352 quod
770 2311 822 2342 vel
832 2311 909 2342 hinc
923 2312 1120 2352 apparebit:

420 2361 430 2377 ‘
447 2360 563 2392 Askan
586 2359 673 2391 filius
693 2360 790 2390 Darii
806 2365 858 2391 est
881 2361 1008 2401 primus
1024 2360 1123 2392 Asfa-

420 2410 584 2441 niensium
610 2418 682 2449 rex,
703 2415 738 2441 et
762 2415 867 2441 totam
890 2409 1052 2442 familiam
1078 2411 1121 2443 ab

421 2470 462 2492 eo
485 2460 715 2492 denominant.
758 2460 908 2502 Tempus
931 2461 1028 2501 regni
1051 2461 1122 2502 ejus

421 2521 458 2544 x.
474 2512 562 2543 anni.
609 2512 737 2551 Ascan,
760 2511 848 2543 filius
865 2512 988 2552 Ascan,
1007 2522 1123 2553 regna-

420 2563 472 2594 vit
488 2563 582 2593 annis
602 2572 665 2594 xx.
692 2563 842 2602 Rebi-an,
856 2562 904 2594 fil.
921 2563 1057 2602 Siabur‚
1069 2573 1120 2597 xr.

422 2616 531 2646 annis.
570 2615 668 2645 Belas
695 2613 720 2645 f.
750 2614 894 2645 Beliram
919 2623 980 2645 xv.
1010 2615 1120 2646 annis.

422 2665 574 2695 Hormoz
599 2664 623 2695 f.
648 2665 748 2696 Belas
762 2673 839 2696 xix.
851 2665 958 2697 annis.
982 2665 1122 2697 Nuscha

421 2714 447 2745 f.
486 2716 588 2746 Belas
619 2724 710 2746 xvn.
741 2716 848 2746 annis.
895 2716 1003 2747 Feruz
1032 2715 1121 2747 filius

423 2765 573 2796 Hormoz
590 2775 657 2798 xn.
678 2766 786 2797 annis.
810 2767 941 2798 Chosrfi
965 2766 989 2798 f.
1021 2768 1121 2798 Belas

425 2824 504 2846 xiii.
529 2816 633 2847 aunis.
670 2815 829 2847 Ardavan
851 2816 877 2848 f.
911 2818 1013 2848 Belas
1038 2827 1120 2849 xm.

425 2865 530 2896 annis.
569 2864 728 2897 Ardavan
756 2864 780 2897 f.
809 2865 913 2898 Asfan
931 2875 989 2899 xv.
1016 2867 1122 2898 annis.

881 361 1025 392 NOTAE
1058 362 1324 395 VARIORUM
1359 364 1411 395 ΙΝ

1173 456 1276 487 Belas
1292 455 1316 488 f.
1342 456 1448 488 Asfau
1467 466 1536 489 xn.
1554 457 1661 490 annis.
1684 458 1816 499 Gjudar
1829 458 1881 491 fil.

1173 505 1279 538 Asfan
1296 516 1385 540 xxx.
1401 508 1508 540 annis.
1532 508 1678 539 Barsehi
1696 508 1722 540 f.
1746 509 1879 550 Gjudar

1174 565 1233 588 xv.
1263 558 1371 589 annis.
1409 559 1542 598 Gjudar
1564 559 1653 590 filius
1675 560 1814 591 Mehras
1833 569 1878 591 11.

1174 600 1282 631 annis.
1328 602 1409 632 Beri
1430 601 1519 633 filius
1544 602 1674 642 Gjudar
1692 611 1751 634 xv.
1772 602 1882 635 annis.

1175 649 1307 689 Gjudar
1330 649 1417 682 filius
1446 651 1528 682 Beri
1544 661 1584 683 11.
1608 652 1717 683 annis.
1753 652 1836 683 Beri
1852 651 1878 684 f.

1174 699 1308 739 Gjudar
1336 710 1400 734 xx.
1432 702 1539 732 annis.
1583 701 1742 733 Ardavan
1773 711 1879 733 xxxl.

1174 751 1282 783 annis.
1326 753 1372 783 Et
1394 753 1448 784 hic
1467 753 1605 783 ultimus
1624 751 1879 783 Asfaniensium

1174 805 1240 839 est,
1255 811 1354 841 quem
1371 801 1500 832 Ardxir
1512 801 1633 832 Babek
1649 811 1667 832 e
1681 801 1792 832 medio
1804 811 1877 832 sus-

1175 851 1275 883 tulit!
1319 853 1466 893 Tempus
1489 857 1604 883 autem
1631 851 1765 892 imperii
1791 852 1877 882 Par·

1174 902 1307 932 thorum
1325 912 1351 933 s.
1370 902 1621 934 Asfaniensium
1644 903 1782 933 circiter
1804 905 1880 934 250.

1174 960 1335 982 annorum
1365 951 1517 983 faciunt:
1550 952 1655 992 juxta
1685 953 1769 984 alios
1795 962 1877 984 vero

1173 1003 1246 1033 430.
1270 1012 1443 1034 annorum.
1471 1004 1556 1035 Voss.

1215 1052 1418 1095 Antiochum]
1460 1055 1623 1095 Magnum
1651 1064 1790 1095 nempe,
1819 1055 1879 1086 Se-

1172 1102 1259 1133 leuci
1285 1104 1442 1135 Callinici
1464 1104 1584 1145 filium,
1611 1105 1652 1136 dc
1673 1116 1738 1147 quo
1767 1114 1882 1138 xxxx.

1173 1153 1203 1183 1.
1219 1155 1250 1183 3.
1271 1157 1307 1183 et
1323 1158 1396 1184 toto
1414 1154 1470 1185 lib.
1488 1163 1590 1186 xxxi.
1613 1155 1716 1186 Bern.

1215 1204 1264 1243 §8
1278 1204 1476 1244 Priapatius]
1495 1205 1644 1237 Gronov,
1659 1215 1708 1238 ιν.
1725 1205 1810 1238 Obs.
1827 1209 1880 1240 10.

1173 1257 1291 1284 censet
1317 1253 1454 1293 legend.
1480 1263 1555 1285 esse
1583 1255 1791 1296 Phriapitus‚·
1819 1261 1880 1288 aut

1172 1307 1265 1333 certe
1286 1303 1475 1344 Parapitus;
1498 1304 1656 1344 quoniam
1680 1304 1816 1337 Arrian.
1842 1305 1878 1337 in

1172 1351 1342 1383 Parthicis
1384 1363 1439 1393 ap.
1487 1353 1589 1384 Phot.
1637 1359 1880 1387 commemoret

1171 1399 1334 1441 Φριάπιτον
1351 1402 1532 1442 quendam,
1547 1406 1582 1433 et
1595 1412 1650 1443 ap.
1666 1403 1753 1435 Xen.
1766 1413 1815 1436 lv.
1830 1404 1879 1438 H.

1172 1450 1234 1482 Gr.
1259 1451 1423 1491 Parapita
1445 1452 1621 1483 Persicum
1648 1453 1797 1484 mulieris
1820 1464 1880 1486 no-

1171 1511 1248 1532 men
1264 1502 1320 1533 sit.
1364 1501 1432 1533 Sed
1456 1512 1521 1533 non
1538 1512 1659 1543 magna
1681 1512 1796 1535 eorum
1819 1513 1880 1536 no·

1172 1552 1297 1583 minum
1326 1558 1379 1584 est
1407 1551 1627 1592 differentia;
1654 1563 1717 1585 nec
1745 1554 1880 1596 mirum,

1172 1601 1199 1632 si
1215 1602 1248 1632 in
1261 1602 1367 1633 literis
1385 1603 1557 1633 vocalibus
1573 1603 1730 1635 Justinus
1743 1604 1787 1636 ab
1803 1605 1877 1636 aliis

1172 1652 1323 1683 nonnihil
1340 1652 1524 1693 discrepet.
1555 1653 1629 1684 Vor.

1217 1703 1303 1733 Nam
1327 1714 1442 1743 omnes,
1463 1707 1515 1744 &a
1540 1714 1645 1746 usque
1666 1705 1708 1736 ad
1724 1707 1879 1749 cognom]

1172 1753 1372 1784 Posteriora
1385 1755 1486 1795 Trogi
1503 1764 1568 1785 non
1589 1764 1662 1786 esse
1679 1756 1879 1797 suspicaba-

1172 1807 1227 1835 tur
1243 1805 1389 1844 Rupert.
1413 1804 1446 1835 in
1472 1805 1583 1846 Epist.
1601 1814 1658 1837 XL.
1680 1806 1724 1837 ad
1740 1807 1877 1840 Reines.

1172 1864 1205 1895 p.
1223 1857 1296 1885 324.

1216 1905 1232 1944 ξ
1256 1907 1276 1935 9
1300 1904 1392 1935 More
1417 1904 1536 1945 gentis]
1577 1905 1628 1936 M.
1651 1905 1792 1944 gentium
1820 1906 1877 1938 hie

1171 1953 1307 1994 legend.
1325 1955 1460 1986 censuit
1476 1955 1586 1996 Bong.
1618 1955 1701 1988 Not.
1725 1956 1768 1987 ad
1792 1965 1873 1989 xxx.

1174 2007 1204 2035 1.
1221 2007 1251 2034 2.
1276 2005 1376 2035 Rern.

1214 2054 1392 2085 Phruhates
1412 2064 1493 2086 more
1514 2055 1631 2095 gentis,
1652 2056 1750 2087 hoeres
1770 2057 1874 2096 regni,

1172 2105 1315 2143 Illardos,
1338 2105 1473 2136 validam
1491 2109 1626 2146 gentem,
1647 2106 1723 2138 bello
1740 2108 1873 2150 domuit]

1170 2154 1311 2185 Mardos
1328 2154 1360 2184 in
1379 2155 1562 2186 Characem
1586 2156 1705 2187 urbem
1728 2161 1875 2189 transtu-

1170 2205 1264 2243 lisse,
1278 2210 1396 2236 auctor
1409 2211 1462 2236 est
1474 2206 1622 2237 Isidorus
1636 2207 1874 2239 Characenus:

1171 2254 1222 2287 Εἷς
1237 2254 1269 2285 δὲ
1283 2254 1340 2292 τὴν
1354 2254 1482 2295 Χάρακα
1495 2258 1614 2297 πρῶτος
1633 2257 1783 2293 βασιλεὺς
1797 2262 1874 2299 Φρα-

1170 2305 1245 2343 άτης
1273 2305 1343 2338 τοὺς
1380 2305 1519 2347 Μάρδους
1553 2307 1657 2347 ᾤκισε.
1712 2309 1769 2341 Ita
1806 2310 1873 2350 leg.

1177 2357 1263 2389 Voss.

1215 2411 1231 2450 ἕ
1257 2413 1295 2440 10
1313 2409 1424 2441 Fratri
1438 2408 1645 2450 potissimum]
1667 2410 1676 2427 ‘
1690 2409 1778 2441 Gala
1792 2419 1874 2451 rege

1171 2464 1318 2500 mortuo,
1334 2469 1473 2500 regnum
1495 2459 1537 2490 ad
1560 2458 1700 2491 fratrem
1718 2461 1791 2501 ejus
1806 2461 1875 2493 De-

1172 2511 1308 2550 salcem‚
1332 2509 1566 2551 praegrandem
1590 2515 1673 2541 natu
1694 2509 1812 2552 (moris
1828 2512 1875 2543 ita

1173 2561 1262 2602 apud
1289 2561 1454 2592 Numidas
1478 2558 1558 2600 est),
1582 2560 1770 2600 pervenit:'
1794 2561 1872 2594 Liv.

1172 2619 1277 2643 xxrx.
1294 2614 1347 2642 29.
1371 2613 1402 2641 3.
1432 2609 1597 2640 Attamen
1618 2610 1764 2650 plurium
1791 2620 1874 2652 gen-

1171 2662 1346 2702 tiumjura
1361 2660 1478 2701 nepoti
1492 2659 1622 2698 favent,
1636 2660 1873 2693 subscribente

1171 2713 1342 2752 Lycurgo,
1356 2710 1413 2752 qui
1430 2719 1570 2750 regnum
1584 2709 1740 2741 Charilao
1755 2709 1872 2742 fratris

1171 2762 1240 2794 filio
1257 2762 1372 2800 cessit,
1396 2759 1485 2801 quod
1511 2760 1544 2790 in
1567 2769 1667 2791 manu
1692 2761 1764 2801 ejus
1788 2765 1873 2797 erat,

1171 2812 1319 2843 omnium
1336 2810 1459 2851 gratia,
1479 2813 1610 2840 tenere.
1654 2810 1783 2842 Noster
1797 2820 1872 2851 sup.

1172 2873 1229 2896 111.
1243 2866 1274 2896 2.
1287 2866 1319 2895 5.
1340 2862 1434 2894 Plut.
1453 2862 1597 2902 Lycurg.
1613 2864 1643 2893 4.
1666 2862 1729 2894 Cui
1745 2862 1870 2894 similli-
