2174 3424
611 332 807 364 JUSTlNI
843 331 937 360 mr..
970 332 1000 361 1.
1033 332 1139 361 cAP.
1170 320 1211 361 9.

195 428 322 470 gersius
338 428 420 459 var.
442 427 538 459 Lect.
563 436 588 458 1.
611 429 642 458 8.
687 426 771 457 Cum
797 424 887 455 enim

195 479 320 519 vulgati
344 478 392 509 sic
417 477 584 508 habeant:
610 478 619 494 ⁴
638 477 690 507 Ne
717 486 816 517 quem
844 485 886 506 ex

193 528 440 568 conjuratione,
453 537 525 568 quae
538 531 668 567 septem
681 536 796 565 magos
810 535 886 556 cum

193 588 233 610 eo
259 577 497 619 oppresserat‚’
512 579 574 608 διο.
599 577 656 607 ille
679 576 886 616 transposita

192 638 271 668 una,
296 637 362 658 non
380 627 534 668 amplius,
560 627 681 658 vocula
705 627 808 667 legit:
834 626 885 656 Ne

190 688 221 718 q.
234 687 273 709 ex
287 688 313 710 c.
329 681 455 718 septem,
480 687 548 717 quoe
570 687 611 707 m.
627 686 654 707 c.
670 686 703 707 eo
718 687 747 707 0.
802 676 884 715 Sep-

190 731 270 767 tem,
293 727 442 768 inquam,
469 727 614 766 illorum,
641 736 661 756 a
686 725 806 766 quibus
824 734 884 765 op-

188 777 296 818 pressi
309 777 375 808 duo
389 777 495 817 Magi,
505 786 683 817 procerum
692 776 884 814 Persarum,

189 827 232 859 de
252 827 370 868 quibus
398 826 615 867 accipiendus
631 831 667 857 et
695 826 811 856 Florus
829 834 884 856 111.

188 882 220 910 5.
246 880 277 909 2.
322 877 401 909 Vid.
426 877 472 908 H.
499 877 614 917 steph.
641 876 822 907 Annotatt.
849 875 883 906 in

189 928 279 959 Plat.
294 928 390 959 Tom.
406 937 463 959 ιιι.
476 937 510 967 p.
521 930 574 958 6S.
589 929 640 957 69.
662 927 761 957 Bern.

232 979 306 1018 §10
341 979 419 1009 Erat
442 978 522 1008 enim
546 978 673 1008 decorus
696 981 727 1008 et
751 977 886 1017 corporis

187 1029 379 1060 lineamentis
390 1027 572 1069 persimilis]
595 1027 701 1066 Malo,
723 1036 788 1067 quo
805 1036 883 1066 pac-

189 1085 224 1110 to
238 1084 271 1109 et
287 1078 394 1118 Bong.
412 1078 444 1108 in
461 1077 528 1108 Ms.
551 1076 638 1107 libro
654 1086 728 1107 esse
745 1075 883 1117 profite-

189 1132 254 1167 tur,
271 1133 305 1159 et
319 1137 381 1168 ego
397 1128 428 1158 in
445 1126 668 1158 Fuldensibus
684 1127 767 1157 meis
780 1127 884 1157 diser-

188 1178 246 1208 tim
263 1181 398 1208 exstare
414 1176 504 1207 scio:
531 1176 572 1206 Ε.
589 1186 616 1207 e.
633 1179 663 1206 et
677 1176 740 1206 oris
759 1179 790 1207 et
811 1186 836 1206 c.
862 1177 882 1206 l.

185 1236 218 1266 p.
236 1236 310 1266 quae
327 1225 415 1256 enim
431 1234 508 1266 pars
531 1225 564 1255 in
589 1225 734 1264 homine,
760 1225 793 1255 in
817 1234 883 1266 qua

187 1277 296 1317 major
331 1276 416 1307 solet
448 1275 566 1306 haberi
601 1275 881 1306 lineamentorum

187 1327 286 1365 ratio,
303 1335 401 1367 quam
417 1335 453 1356 os
470 1329 505 1356 et
522 1324 658 1355 vultus?
683 1326 770 1356 Mod.
817 1326 882 1356 Re-

187 1376 283 1407 stitui
306 1377 416 1407 locum
440 1385 482 1405 ex
506 1375 676 1405 sententia
692 1376 734 1406 V.
759 1375 803 1406 cl.
826 1376 880 1405 Fr.

188 1425 308 1466 Modii,
335 1426 391 1467 qui
413 1425 564 1456 disertim
582 1425 615 1454 in
633 1424 727 1456 Fuld.
755 1424 821 1454 suis
837 1424 883 1455 ita

188 1475 352 1515 scriptum
365 1474 434 1504 ait:
457 1483 521 1514 quo
538 1478 639 1514 pacto
667 1477 702 1504 et
725 1473 832 1512 Bong.
848 1473 881 1503 in

187 1524 270 1555 Mss.
286 1525 372 1555 libro
389 1533 460 1555 esse
478 1523 668 1565 profitetur.
704 1524 779 1554 Nec
790 1523 880 1554 enim

187 1574 222 1604 in
247 1573 378 1604 homine
409 1583 488 1614 pars
519 1578 585 1611 est,
614 1573 648 1604 in
679 1582 745 1613 qua
774 1573 881 1613 major

187 1624 275 1654 solet
310 1623 426 1654 baberi
467 1623 747 1654 lineamentorum
785 1623 882 1662 ratio,

186 1682 285 1713 quam
301 1682 349 1712 os,
366 1673 398 1704 h.
411 1682 439 1702 e.
452 1673 573 1703 vultus.
606 1672 718 1703 Antea
733 1673 878 1712 vulgati:

187 1724 226 1754 E.
243 1733 268 1754 e.
283 1725 314 1754 d.
332 1726 360 1753 et
377 1733 403 1754 c.
420 1724 439 1753 l.
453 1733 485 1762 p.
531 1723 728 1753 Herodotus
748 1732 804 1753 111.
827 1725 880 1754 61.

176 1772 238 1804 '‘i-lv
251 1785 286 1804 τε
299 1773 335 1810 δὴ
350 1772 448 1811 ὅμοιος
459 1771 546 1804 εἶδος.
578 1773 630 1803 De
646 1773 768 1803 decore
785 1772 878 1802 nihil.

184 1823 315 1854 Bernec.
351 1823 498 1854 Videtur
522 1822 656 1862 legend.
674 1823 776 1853 Erant
803 1832 829 1853 e.
849 1825 879 1852 et

183 1873 246 1903 oris
257 1875 287 1903 et
301 1882 328 1904 c.
340 1873 361 1902 l.
373 1872 554 1912 persimiles.
568 1871 716 1902 Gronov.
741 1872 875 1904 Juntae:

183 1924 265 1953 Erat
286 1932 313 1953 e.
335 1923 398 1953 oris
421 1924 453 1953 et
475 1932 501 1953 c.
526 1922 547 1952 l.
568 1921 756 1962 persimilis.-
782 1922 877 1962 lege:

183 1973 266 2004 Erat
280 1982 306 2004 e.
319 1973 348 2004 ei
363 1972 425 2003 oris
439 1976 469 2003 et
482 1982 508 2003 c.
524 1973 544 2003 l.
560 1972 737 2011 persimilis.
762 1972 842 2003 Grae
850 1982 879 2003 v.

181 2022 270 2054 Edd.
299 2026 383 2053 vett.
420 2025 498 2053 ante
535 2022 645 2062 Bong.
682 2022 875 2054 habebant:

181 2073 263 2103 Erat
277 2082 303 2103 e.
318 2073 443 2103 decorus
456 2075 487 2103 et
501 2082 530 2103 c.
584 2071 685 2102 Unde
711 2072 876 2111 suspicor,

180 2123 260 2154 lect.
277 2132 390 2153 veram
406 2122 534 2154 Justini
552 2120 659 2153 fuisse
673 2133 681 2153 :
704 2123 786 2153 Erat
799 2132 826 2154 e.
839 2125 876 2154 de

181 2174 244 2204 oris
257 2175 287 2203 et
296 2183 322 2204 c.
335 2173 356 2204 l.
370 2172 547 2213 persimilis.
590 2171 789 2204 Ablativum
804 2173 876 2213 regi

180 2233 199 2253 a
213 2232 320 2263 praep.
331 2232 422 2263 supr.
440 2227 493 2254 est
513 2227 699 2253 ostensum.
724 2224 772 2254 Ea
788 2223 876 2254 sieut

179 2272 452 2314 frequentissime
482 2273 662 2313 omittitur,
692 2274 740 2305 sic
769 2283 874 2314 appo-

178 2324 245 2354 sita
262 2332 497 2364 nonnunquam
513 2323 695 2363 reperitur,
719 2323 806 2364 quod
822 2323 874 2354 hic

177 2372 340 2404 accidisse
376 2377 472 2412 puto.
514 2374 709 2414 Scripserat
747 2378 874 2412 autem,

179 2431 240 2463 pro
254 2423 292 2454 de
306 2423 379 2463 oris,
395 2422 541 2463 junctim
567 2422 732 2463 quispiam
749 2421 792 2452 ab
813 2423 875 2453 ini-

178 2473 226 2504 tio
255 2473 365 2513 deeris,
392 2473 481 2514 quod
509 2482 571 2513 per
601 2472 874 2504 emendationem

179 2523 302 2555 deinde
318 2523 446 2557 factum
459 2529 511 2555 est
526 2524 653 2555 decoris.
696 2525 778 2555 Tum
793 2528 874 2555 nata

176 2574 292 2615 lectio,
321 2585 395 2617 quae
421 2585 510 2606 nunc
535 2575 691 2607 habetur.
736 2575 788 2606 De
813 2576 875 2606 oris

179 2623 320 2664 dictum,
346 2629 397 2664 ut,
414 2626 423 2642 ‘
441 2625 493 2656 De
517 2624 605 2656 facie
621 2625 745 2657 notus.’
768 2624 874 2662 Schef.

178 2673 334 2706 Vinceut.
345 2684 402 2707 111.
413 2678 466 2706 27.
483 2675 492 2692 ‘
505 2675 730 2707 Lineamentis
742 2675 874 2707 Smeizli

178 2724 381 2764 persimilis?

220 2774 238 2814 ᾗ
254 2777 292 2805 11
315 2774 380 2805 Sub
394 2775 492 2815 specie
509 2774 694 2815 majestatis]
711 2775 874 2806 Similiter

179 2833 199 2854 a
218 2824 348 2856 Deioce
374 2835 455 2866 rege
469 2825 648 2857 Medorum
665 2826 873 2865 institutum,

180 2873 311 2907 Herod.
325 2883 351 2906 1.
365 2878 418 2908 99.
443 2875 561 2917 tradit,
583 2885 626 2908 ne
651 2876 802 2917 conspici
821 2885 873 2908 re-

1549 318 1634 359 6423

937 433 1012 464 gem
1036 423 1087 454 fas
1111 428 1220 456 esset:
1255 433 1298 455 ne
1324 433 1372 455 sc.
1396 423 1528 455 assiduo
1554 433 1633 455 con-

937 478 1058 514 spectu
1078 474 1268 505 vilesceret.
1312 474 1321 491 ‘
1337 474 1514 514 Majestati
1530 475 1635 515 major

936 534 955 555 e
968 525 1147 565 longinquo
1161 524 1374 563 reverentia‚’
1390 526 1472 556 Tac.
1487 524 1528 555 A.
1542 534 1565 556 1.
1579 528 1632 556 47.

936 576 946 591 ⁴
959 575 1144 606 Continuus
1169 579 1325 615 aspectus
1343 574 1450 604 minus
1471 575 1634 605 verendos

934 624 1086 655 homines
1123 624 1195 664 ipsa
1225 623 1386 653 satietate
1418 622 1523 662 facit,'
1559 624 1632 654 Liv.

936 682 1053 704 xxxv.
1083 677 1134 705 10.
1161 678 1192 705 5.
1219 674 1228 690 ‘
1245 672 1416 713 Quicquid
1440 672 1473 702 in
1498 674 1632 704 excelso

934 722 1072 763 fastigio
1091 723 1236 763 positum
1260 726 1326 761 est,
1348 722 1466 753 humili
1493 727 1528 753 et
1551 723 1633 754 trita

935 773 1193 812 consuetudine,
1224 782 1291 814 quo
1321 772 1365 803 sit
1394 772 1633 811 venerabilius,

934 833 1009 854 esse
1035 833 1178 854 vacuum
1204 825 1360 863 oportet,’
1384 824 1461 854 Val.
1477 823 1527 853 M.
1555 831 1577 854 1.
1600 826 1632 853 6.

934 873 1023 904 Utut
1049 874 1104 913 sit,
1135 872 1289 903 omnibus
1314 873 1426 913 potius
1449 883 1547 914 quam
1575 883 1632 903 ne-

933 923 1013 953 mini
1028 929 1146 963 patere
1163 922 1290 954 debere
1305 922 1508 964 principem,
1522 927 1634 953 osten-

934 973 984 1004 dit
995 972 1132 1014 egregie
1149 973 1248 1004 Grut.
1262 973 1303 1004 ad
1327 973 1408 1005 Tac.
1426 973 1519 1005 Diss.
1536 982 1633 1004 xmv.

937 1024 1030 1055 Bern.

975 1075 993 1115 ᾧ
1009 1077 1047 1105 12
1064 1075 1115 1106 Ad
1122 1074 1264 1112 favorem
1272 1075 1378 1115 populi
1393 1074 1632 1115 conciliandum]

933 1125 989 1156 Sic
1012 1124 1074 1156 inf.
1091 1134 1168 1156 XXI.
1186 1128 1216 1157 1.
1231 1128 1261 1156 4.
1277 1131 1313 1157 et
1334 1130 1364 1159 5.
1409 1128 1462 1158 Sc.
1479 1127 1488 1143 ‘
1506 1137 1630 1157 novum

931 1175 1108 1215 imperinm
1125 1175 1363 1207 inchoantibus
1380 1177 1471 1207 utilis
1493 1181 1545 1207 est
1561 1178 1630 1208 cle-

931 1226 1068 1256 mentiae
1081 1224 1194 1265 fama}
1209 1225 1294 1256 Tac.
1312 1226 1358 1256 H.
1377 1235 1428 1257 xv.
1444 1228 1497 1256 63.
1523 1226 1619 1257 Rern.

977 1275 1106 1306 Tributa
1122 1278 1152 1306 et
1166 1276 1289 1306 militiae
1313 1276 1503 1306 vacationem
1524 1276 1558 1306 in
1574 1276 1631 1305 tri-

931 1326 1054 1356 ennium
1068 1325 1268 1365 permittunt]
1295 1326 1385 1358 Quid
1412 1326 1465 1357 hic
1488 1331 1540 1357 est
1561 1335 1633 1366 per-

930 1376 1054 1405 mittere
1068 1373 1213 1407 tributa?
1245 1376 1360 1416 Certe,
1382 1376 1555 1415 permissis
1573 1376 1631 1406 tri-

930 1425 1023 1456 butis
1061 1424 1159 1455 favor
1196 1426 1313 1465 populi
1346 1435 1411 1456 non
1448 1425 1631 1456 obtinetur.

931 1474 1110 1505 Eruditiss.
1132 1474 1282 1505 Gronov.
1298 1479 1415 1506 noster
1436 1485 1498 1515 pro
1514 1475 1632 1506 tributa.

931 1524 1016 1564 legit
1045 1524 1176 1555 tributi.-
1208 1524 1329 1556 tributi
1351 1525 1506 1556 nimirum
1534 1535 1631 1557 vaca-

931 1576 1057 1606 tionem
1081 1575 1293 1615 permittunt.
1348 1575 1475 1615 Recte,
1497 1576 1525 1607 si
1548 1576 1629 1617 quid

924 1625 1054 1665 judico.
1094 1625 1256 1657 Boxhorn.
1318 1625 1466 1657 Omnino
1493 1626 1629 1666 legend.

930 1675 1051 1706 tribula
1066 1679 1097 1706 el
1119 1675 1265 1707 militiam
1291 1676 1451 1707 vacatione
1473 1676 1563 1707 intr.
1580 1686 1629 1707 re-

929 1725 1077 1756 mittunt:
1099 1725 1240 1766 ipsoque
1270 1724 1423 1756 Auctore
1444 1726 1535 1756 illam
1563 1727 1629 1757 lec·

929 1774 1058 1805 tionem
1075 1774 1297 1806 confirmante
1311 1784 1361 1807 xx.
1378 1779 1407 1806 1.
1420 1776 1428 1792 ‘
1442 1775 1512 1806 Alii
1527 1776 1630 1807 taedio

929 1824 1120 1865 longinquas
1144 1824 1276 1855 militiae
1302 1826 1474 1856 remissam
1491 1825 1553 1856 sibi
1571 1835 1629 1856 ex-

929 1873 1138 1913 peditionem
1159 1873 1354 1913 gaudebant
1368 1874 1388 1906 :'
1413 1880 1448 1906 et
1471 1884 1628 1906 xxxwu.

928 1925 961 1953 3.
982 1923 991 1939 ‘
1006 1922 1136 1954 Debita
1152 1923 1349 1955 civitatibus
1362 1925 1500 1965 publica
1518 1926 1628 1965 priva-

928 1976 1030 2012 taque
1054 1972 1209 2012 remittit,
1235 1977 1270 2004 et
1296 1974 1507 2005 vacationem
1531 1975 1628 2015 quin-

927 2022 1041 2063 quenii
1056 2023 1240 2054 concedit)
1285 2025 1331 2055 Et
1345 2025 1353 2041 ‘
1369 2025 1553 2056 Delectum
1575 2035 1626 2056 re-

926 2073 1064 2104 mittere
1077 2072 1087 2087 '
1103 2074 1175 2104 Liv.
1189 2082 1247 2104 XL.
1260 2076 1312 2105 28.
1330 2074 1464 2106 Gronov.
1508 2075 1625 2107 Juntae

927 2127 963 2153 et
981 2132 1064 2153 unus
1079 2123 1144 2154 Ms.
1157 2124 1333 2155 remittunt.
1379 2123 1480 2158 Quod
1503 2124 1627 2164 probat

926 2172 1077 2204 Gronov.
1098 2177 1133 2204 et
1156 2173 1309 2214 pluribus
1325 2174 1447 2208 asserit
1469 2175 1555 2206 Obs.
1572 2184 1623 2206 xv.

925 2224 957 2253 2.
1003 2222 1067 2253 His
1080 2223 1248 2254 accedunt
1260 2227 1329 2255 tres
1341 2224 1442 2265 Angl.
1460 2225 1493 2255 in
1505 2225 1626 2266 quibus

921 2272 1120 2313 permittunt.
1175 2274 1370 2305 Retinenda
1393 2276 1541 2316 vulgata,
1565 2276 1625 2307 sed

925 2332 992 2354 non
1021 2322 1097 2354 ideo
1121 2323 1310 2364 retinenda,
1333 2324 1422 2365 quod
1445 2326 1625 2365 permittere

926 2372 1106 2413 significet,
1121 2373 1312 2413 remittere,
1327 2384 1425 2415 quem
1446 2375 1623 2405 doctorum

924 2423 1072 2454 virorum
1085 2432 1230 2455 errorem
1247 2423 1372 2455 dudum
1396 2425 1516 2465 rejecit
1532 2435 1625 2456 acer-

925 2473 1000 2504 rimi
1017 2473 1142 2513 judicii
1166 2474 1218 2504 vir
1241 2473 1275 2506 J.
1303 2475 1342 2505 F.
1367 2475 1518 2506 Gronov.
1546 2475 1578 2505 in
1601 2476 1623 2506 l.

923 2524 1080 2563 laudato3
1103 2524 1163 2556 sed
1187 2525 1275 2566 quod
1300 2529 1331 2556 2.
1344 2524 1549 2566 pluribusve
1566 2535 1624 2556 no-

924 2575 1070 2606 minibus
1089 2584 1327 2616 nonnunquam
1344 2579 1534 2615 apponatur
1549 2585 1623 2606 ver-

924 2625 1015 2665 bum,
1036 2625 1124 2667 quod
1140 2625 1181 2656 ad
1196 2625 1350 2656 ultimum
1364 2630 1494 2656 tantum
1510 2629 1623 2665 potest

924 2675 1056 2714 referri,
1090 2685 1165 2706 cum
1190 2675 1232 2706 ad
1260 2674 1430 2715 praecedd.
1454 2675 1497 2706 sit
1530 2675 1621 2706 aliud

924 2725 1138 2765 intelligend.
1184 2725 1262 2756 Vid.
1290 2734 1364 2766 quae
1388 2725 1431 2755 de
1454 2725 1504 2755 his
1530 2725 1621 2756 loen-

925 2775 1070 2806 tionibus
1084 2775 1198 2806 notavi
1210 2774 1251 2805 ad
1265 2775 1354 2806 Flori
1368 2784 1422 2807 111.
1434 2778 1487 2807 21.
1510 2776 1620 2807 Locus

924 2824 1121 2865 Augustini,
1145 2833 1243 2865 quem
1256 2824 1369 2855 Vorst.
1393 2825 1520 2865 attulit,
1541 2826 1622 2856 nibil

924 2873 1009 2907 facit
1025 2875 1067 2906 ad
1090 2873 1138 2916 id,
1162 2884 1262 2916 quum
1282 2874 1463 2916 permittere
1485 2880 1622 2908 centena
