2174 3424
662 327 859 362 JUSTlNl
895 330 990 360 mn.
1023 330 1093 360 xi.
1125 330 1231 360 CAP.
1262 320 1304 360 1.

258 429 484 468 interemptus
505 428 570 457 est.
615 424 767 465 Cumque
789 424 838 455 ita
853 423 955 464 stirps

261 479 355 519 regia
371 486 505 518 prorsus
520 474 689 506 exstincta
702 478 803 513 esset,
814 474 847 504 in
860 472 955 504 fasti-

260 528 351 569 gium
364 526 451 558 istud
468 525 555 557 idem
572 525 704 565 Bagoas
720 525 831 555 evexit
846 524 955 555 Codo-

259 585 425 608 mannum.
450 573 585 605 Videsis
602 573 788 605 Diodorum
804 573 954 605 Siculum

259 634 350 658 xvn.
366 629 398 656 5.
427 625 495 655 Vor.

302 676 374 706 Rex
399 685 419 706 a
442 674 566 715 populo]
605 673 690 705 Cum
719 674 811 715 prius
834 673 954 704 fuisset

255 725 437 765 Ἀστοὶνδης,
453 736 478 756 s.
491 724 672 762 Ἀσκάνδης,
696 725 717 756 ἰ.
738 735 769 756 e.
795 724 954 765 ἣμερόδρο-

255 787 324 814 μσς,
340 780 375 807 ut
391 776 580 817 Hesychius
592 777 848 816 interpretatur.
872 776 954 806 Plu-

255 827 391 857 tarchus
417 826 613 858 Alexandro
638 836 668 857 c.
692 829 746 857 29.
763 831 798 857 et
814 826 856 857 de
875 826 955 856 For-

257 880 329 908 tun.
347 875 447 909 Alex.
464 876 561 907 Orat.
577 885 603 908 ι.
622 879 651 908 1.
664 880 700 908 et
715 886 754 907 11.
771 878 822 907 18.
844 876 951 915 Bong.

300 926 412 965 Darii,
437 926 506 967 &ej
542 926 624 958 Tac.
655 936 695 958 11.
725 926 771 957 H.
798 929 849 957 89.
872 926 952 957 ‘Sic

255 976 460 1017 Capitolium
490 976 660 1017 ingressus
685 980 786 1018 atque
813 976 859 1008 ibi
885 986 952 1008 ma-

253 1032 338 1060 trem
363 1028 536 1069 amplexus
561 1028 722 1069 Angustae
739 1028 872 1059 nomine
895 1028 952 1059 ho-

254 1078 411 1110 notavit?

297 1129 492 1170 Honoratus]
524 1129 610 1161 Mss.
646 1129 776 1161 habent
812 1133 951 1169 ornatus,

255 1180 345 1221 quod
382 1180 550 1221 praefero;
584 1181 725 1212 alterum
758 1185 841 1222 puto
876 1190 952 1212 esse

252 1230 459 1270 glossatoris.
482 1230 587 1268 Schef.

295 1281 314 1321 ᾧ
336 1283 356 1311 6
378 1279 558 1311 Alexandro
581 1280 716 1321 Magno]
750 1280 820 1312 Cur
845 1280 950 1312 Alex-

252 1330 370 1367 ander,
397 1340 457 1362 cur
483 1330 679 1372 Pompeius,
704 1331 821 1372 Magni
837 1333 950 1373 potius

252 1379 338 1412 dicti
364 1380 441 1420 sint,
468 1391 566 1422 quam
592 1381 748 1421 Maximi,
765 1383 887 1414 docere
914 1389 949 1414 et

252 1440 386 1462 causam
415 1431 529 1462 dicere
555 1431 690 1462 videtur
713 1432 754 1463 ad
774 1432 856 1463 illud
874 1432 949 1463 Vir-

252 1481 324 1521 gilii
349 1491 392 1512 ex
418 1481 530 1512 divina
552 1481 691 1513 AEneide
706 1482 860 1520 Servius;
877 1492 943 1513 non

251 1531 409 1571 ignobilis
422 1531 490 1571 ille,
511 1531 568 1572 qui
584 1533 682 1572 vulgo
696 1531 948 1572 circumfertur,

254 1581 313 1612 sed
327 1581 601 1613 membranaceus
616 1586 731 1613 noster
751 1582 850 1622 longe
871 1581 950 1613 doc-

1621 319 1705 360 775

1011 423 1180 461 tissimus;
1207 424 1258 455 his
1281 423 1414 456 verbis:
1443 423 1495 456 ‘A
1511 425 1638 465 Magno
1651 424 1708 455 de·

1008 474 1144 504 missum
1162 484 1284 505 nomen
1298 474 1371 505 Iulo
1381 474 1401 505 τ’
1426 475 1435 492 ‘
1448 475 1543 506 Sicut
1557 475 1706 506 Alexan-

1008 525 1086 564 der;
1115 526 1203 557 sicut
1237 526 1431 566 Pompeius.
1477 527 1591 558 Graeci
1617 526 1706 557 enim

1008 585 1107 607 omne
1134 575 1349 616 magnificum
1372 585 1531 615 magnum
1559 579 1704 613 vocant3

1008 630 1057 666 ut,
1090 627 1221 656 ‘mater
1253 624 1396 665 magna,'
1440 625 1522 655 ‘Dii
1549 625 1705 665 magni.''

1006 674 1102 707 Mod.
1119 676 1238 706 Senec.
1253 674 1364 714 Epist.
1382 676 1434 704 91.
1450 676 1504 704 40.
1537 674 1546 690 ‘
1559 673 1705 705 Alexan-

1007 726 1081 765 der,
1111 726 1340 757 Macedonum
1366 734 1439 762 rex,
1462 724 1592 756 discere
1615 725 1706 756 Geo-

1008 777 1162 808 metriam
1197 775 1319 806 infelix
1359 779 1522 815 coeperat,
1559 775 1706 805 sciturus

1009 837 1110 869 quam
1139 826 1263 867 pusilla
1298 830 1390 856 terra
1425 829 1527 864 esset,
1561 835 1604 856 ex
1639 835 1706 866 qua

1006 877 1179 908 minimum
1205 879 1439 916 occupaverat.
1483 875 1540 906 Ita
1556 874 1704 914 dico,in-

1007 928 1100 968 felix,
1116 927 1159 958 ob
1175 928 1250 966 hoc,
1275 926 1363 968 quod
1388 925 1580 965 intelligere
1604 925 1706 956 debe-

1005 978 1077 1017 bat,
1091 977 1210 1009 falsum
1226 986 1260 1007 se
1274 985 1392 1017 gerere
1406 984 1591 1015 cognomen
1607 985 1614 1007 ε
1629 975 1704 1015 quis

1006 1029 1094 1060 enim
1111 1037 1183 1059 esse
1208 1035 1355 1058 MAGNUS
1372 1025 1405 1056 in
1422 1026 1545 1065 pusillo
1563 1025 1706 1066 potest?

1006 1079 1085 1110 Vid.
1110 1077 1210 1109 eund.
1236 1077 1369 1108 Brevit.
1400 1076 1468 1107 Vit.
1496 1085 1575 1117 cap.
1600 1079 1651 1107 14.
1666 1080 1702 1106 et

1005 1128 1160 1160 Modium
1177 1128 1208 1158 h.
1224 1127 1247 1158 1.
1276 1127 1374 1158 Bern.

1049 1178 1118 1210 Diu
1131 1178 1271 1208 variante
1279 1176 1426 1217 fortuna]
1444 1175 1518 1207 Imo
1533 1175 1606 1208 fere
1619 1187 1704 1208 sem-

1007 1237 1070 1269 per
1099 1227 1252 1259 adversa.
1284 1227 1381 1257 Idem.
1442 1227 1582 1258 Mallem
1617 1228 1702 1259 illud

1002 1279 1095 1309 ‘diu'
1118 1278 1160 1308 ad
1174 1277 1343 1319 praecedd.
1359 1275 1499 1317 referre,
1512 1282 1547 1308 et
1572 1288 1591 1308 a
1609 1287 1702 1320 seqq.

1003 1332 1169 1360 commate
1182 1328 1404 1368 distinguere.
1448 1327 1504 1358 Sic
1529 1328 1618 1359 enim
1633 1338 1703 1359 om-

1002 1380 1057 1410 nia
1072 1379 1192 1410 melius
1209 1378 1428 1409 convenirent
1449 1378 1610 1419 historiae,
1625 1389 1701 1410 cum

1002 1429 1127 1460 bellum
1157 1427 1291 1469 quidem
1308 1427 1452 1468 gesserit
1471 1427 1539 1468 diu,
1562 1427 1702 1460 fortuna

1000 1489 1080 1511 vero
1093 1480 1160 1511 cito
1177 1479 1322 1519 coeperit
1339 1478 1480 1517 variare,
1495 1489 1534 1510 ac
1548 1480 1581 1510 in
1599 1480 1701 1512 Alex-

1001 1530 1096 1562 andri
1109 1530 1272 1561 inclinare
1288 1533 1415 1570 partes.
1439 1528 1544 1568 Schef.

787 1874 1006 1923 LIBER
1044 1874 1148 1921 XI.

294 1989 380 2020 CAP.
403 1998 428 2020 1.
463 1990 479 2030 ξ
508 1991 523 2020 1
551 1989 590 2019 In
616 1989 754 2020 exercitu.
790 1988 944 2029 Philippi,

248 2039 341 2070 sicuti
352 2039 446 2070 varice
459 2039 582 2079 gentes]
607 2039 750 2070 Duobus
766 2039 824 2071 lib.
840 2048 891 2070 Χῐ.
909 2043 946 2070 et

251 2097 319 2119 ΧΠ.
353 2087 538 2119 Alexandri
570 2089 701 2129 Magni,
727 2089 878 2129 Philippi
908 2089 946 2121 F.

248 2147 302 2169 res
318 2143 422 2179 gestae
435 2139 670 2170 continentur:
697 2149 779 2181 quas
800 2139 897 2170 libris
913 2142 945 2171 8.

247 2188 413 2220 Arrianus
446 2188 716 2220 Nicomediensis
749 2190 943 2230 complexus

249 2243 310 2270 est.
356 2240 476 2270 Exstat
498 2239 540 2270 de
569 2239 609 2270 iis
637 2240 739 2270 etiam
767 2241 811 2272 Q.
834 2240 943 2271 Curtii

248 2290 325 2322 Rufi
343 2290 498 2321 Historia
518 2300 637 2321 manca
653 2294 689 2322 et
710 2291 844 2322 lacera:
868 2301 941 2322 eam

248 2341 472 2380 emendatam,
502 2344 538 2372 et
564 2344 725 2382 quantum
754 2345 868 2380 potest
897 2351 940 2372 ex

247 2391 344 2422 Vett.
362 2390 470 2422 Codd.
487 2390 690 2429 restitutam,
707 2390 809 2422 edere
823 2391 855 2422 in
873 2392 940 2422 ani-

245 2449 301 2471 mo
316 2445 379 2472 est.
425 2441 493 2472 Ero
518 2440 596 2471 ideo
618 2440 653 2471 in
671 2441 786 2471 horum
803 2444 834 2473 2.
860 2442 938 2474 libr.

246 2490 477 2531 explicatione
498 2490 643 2522 brevior.
686 2491 835 2531 Legend.
854 2501 939 2531 prae-

244 2546 299 2575 ter
325 2543 398 2574 illos
422 2543 525 2574 Diod.
555 2552 647 2575 xvn.
666 2548 702 2575 et
717 2544 809 2575 Plut.
839 2543 940 2576 Alex.

246 2597 282 2625 et
294 2593 409 2625 Oratt.
427 2594 501 2625 duae
515 2594 557 2625 de
569 2595 664 2626 Fort.
675 2595 825 2626 velVirt.
838 2595 939 2626 Alex-

246 2643 356 2682 andri,
378 2648 413 2675 et
428 2643 551 2675 AElian.
574 2645 617 2676 V.
634 2644 680 2675 H.
698 2653 753 2675 111.
779 2645 937 2684 Bongars.

244 2692 374 2724 Praeter
389 2697 679 2733 commemoratos,
695 2695 828 2734 Cicero,
848 2695 937 2727 Plin.

243 2742 320 2773 Val.
336 2744 387 2774 M.
404 2743 569 2784 Zosimus,
583 2744 687 2785 Apul.
703 2744 802 2778 Oros.
815 2746 938 2787 aliique

244 2793 353 2833 multi,
366 2794 441 2825 hinc
456 2794 534 2825 inde
550 2794 592 2825 de
602 2793 798 2827 Alexandro
811 2797 938 2838 Magno

243 2842 327 2873 alius
344 2843 407 2874 alia
421 2844 454 2874 in
469 2844 599 2875 litteras
612 2845 811 2877 retulerunt.
836 2847 939 2878 Gual-

245 2896 337 2924 tetus
367 2892 483 2934 etiam,
509 2893 611 2934 po‘e'ta
636 2904 700 2926 non
722 2900 938 2928 contemnen-

998 1988 1071 2027 dus,
1086 1988 1148 2018 hoc
1166 1990 1399 2027 argumentum
1427 1985 1591 2027 peculiari
1618 1986 1698 2027 poe-

996 2043 1087 2070 mate
1114 2037 1287 2076 tractavit,
1313 2036 1400 2078 quod
1430 2037 1472 2067 ad
1503 2037 1696 2077 exemplum

996 2089 1149 2120 Maronis
1164 2092 1201 2119 et
1212 2087 1313 2119 Statii
1331 2088 1341 2105 ‘
1352 2086 1622 2119 Alexandreida'
1637 2097 1696 2119 no-

996 2139 1114 2170 minat.
1138 2139 1237 2170 Bern.

1041 2191 1058 2231 ξ
1080 2192 1100 2220 4
1126 2189 1275 2220 Nonnulli
1288 2188 1405 2228 facem,
1427 2189 1497 2229 ὄμπ]
1520 2187 1627 2219 Simili
1648 2188 1695 2219 al-

995 2240 1124 2282 legoria
1138 2239 1197 2270 sed
1222 2239 1356 2270 inversa
1380 2248 1459 2269 usus
1480 2238 1556 2269 Val.
1573 2238 1623 2269 M.
1641 2247 1694 2269 lx.

996 2295 1025 2323 1.
1041 2294 1072 2322 9.
1095 2291 1104 2307 ‘
1118 2291 1170 2321 Ex
1186 2299 1267 2330 rogo
1282 2289 1343 2320 filii
1366 2288 1556 2320 maritalem
1581 2287 1693 2320 facem

995 2339 1173 2372 accendit!
1212 2340 1314 2371 Vorst.
1360 2338 1426 2370 Ov.
1460 2339 1525 2379 Ep.
1559 2347 1607 2369 VI.
1637 2341 1690 2369 41.

995 2392 1004 2408 ‘
1021 2390 1118 2422 Heu!
1137 2389 1192 2421 ubi
1206 2394 1309 2430 pacta
1319 2388 1423 2420 fides?
1439 2389 1691 2420 ubiconnubia-

994 2442 1149 2482 liajura?
1172 2441 1312 2482 Faxque
1332 2439 1392 2471 sub
1408 2449 1543 2471 arsuros
1559 2439 1691 2480 dignior

993 2492 1043 2524 ire
1056 2490 1180 2532 rogos?

1037 2544 1055 2583 ξ
1078 2545 1099 2573 6
1123 2542 1167 2572 Et
1189 2539 1337 2580 Thracas]
1361 2538 1462 2580 Angl.
1487 2548 1554 2570 non
1576 2548 1692 2580 agnos·

994 2593 1043 2625 cit
1054 2596 1095 2623 et.
1119 2589 1233 2622 Schef.

1035 2643 1195 2675 Barbarus
1225 2644 1344 2681 gentes,
1377 2638 1445 2680 εμπ]
1497 2638 1570 2669 Liv.
1600 2647 1689 2670 xxu.

992 2697 1046 2726 22.
1062 2697 1093 2725 7.
1116 2694 1125 2710 ‘
1139 2692 1233 2723 Talia
1259 2695 1337 2722 sunt
1359 2689 1578 2720 barbarorum
1596 2688 1689 2728 inge-

993 2745 1069 2775 nia:
1094 2752 1169 2774 cum
1185 2741 1323 2772 fortuna
1335 2742 1467 2770 mutant
1482 2737 1606 2769 fidem.’
1642 2739 1688 2770 Et

994 2802 1129 2826 xxvm.
1148 2795 1198 2823 17.
1213 2795 1244 2822 5.
1269 2791 1278 2807 ‘
1296 2789 1456 2822 Barbaris
1484 2797 1527 2819 ex
1549 2786 1689 2819 fortuna

992 2844 1120 2886 pendet
1135 2841 1244 2873 fides?
1269 2841 1368 2872 Bern.

1036 2894 1153 2927 Resisti
1179 2893 1259 2924 nullo
1288 2891 1373 2922 modo
1396 2888 1497 2931 posse]
1522 2888 1685 2919 Msssistz·
