2174 3424
511 328 596 368 776

511 441 542 461 n.
569 442 609 463 m.
630 441 661 472 p.
685 431 718 463 h.
741 441 770 463 e.
795 432 905 463 salvos
926 441 998 463 esse
1013 441 1080 463 non
1095 442 1206 473 posse.

511 481 642 513 Probat
655 482 719 514 hoc
741 482 877 513 dicendi
893 492 997 523 genus
1014 486 1050 514 et
1063 483 1210 515 vindicat

514 532 668 563 Gronov.
694 533 738 564 ad
767 532 839 564 Liv.
870 542 919 564 ιν.
942 535 993 564 12.
1019 542 1118 574 quem
1142 533 1209 565 vid.

514 583 620 613 Groev.
644 583 725 615 Sisti
739 584 773 615 in
789 584 991 615 collectione
1004 584 1086 615 Mss.
1103 583 1210 616 Codd.

512 633 648 673 legitur,
660 644 726 665 non
741 639 853 666 autem
868 635 984 666 resisti.
1007 635 1115 667 Quam
1128 635 1209 666 lect.

514 683 642 714 acriter
667 688 704 715 et
733 685 872 724 copiose
899 685 1022 725 probat
1046 684 1137 716 doct.
1153 684 1210 716 ille

515 734 666 766 Gronov.
678 734 721 765 ad
735 735 808 767 Liv.
854 734 935 765 sisti
943 744 1002 765 non
1011 737 1111 774 potest
1121 733 1210 764 idem

514 784 617 824 valet,
629 794 667 815 ac
683 784 710 815 si
726 784 820 816 dicas
834 795 843 815 z
865 784 987 816 Nullus
1003 784 1103 814 saluti
1118 783 1210 814 locus

515 838 588 865 est:
620 839 718 866 tanta
747 834 871 874 clades,
899 838 996 865 tanta
1025 833 1212 871 calamitas,

514 894 582 916 non
606 889 721 926 potest
745 885 832 916 sisti.
856 885 967 915 Faber.
1012 883 1121 914 Codd.
1141 882 1212 924 qui-

515 934 593 965 dam
623 936 710 966 Mss.
737 939 827 966 teste
856 935 966 975 Bong.
993 934 1064 964 sisti
1078 943 1108 964 n.
1122 943 1163 964 m.
1177 943 1211 972 p.

516 984 615 1016 Quod
632 984 754 1025 probat
769 985 919 1016 Gronov.
945 984 987 1015 ad
1003 983 1075 1015 Liv.
1092 992 1142 1014 1v.
1161 986 1213 1015 12.

518 1038 555 1065 et
569 1035 655 1066 bene
676 1035 834 1066 Latinum
850 1044 924 1066 esse
940 1033 1097 1065 adductis
1113 1033 1214 1064 variis

516 1084 603 1115 Livii
613 1089 648 1116 et
659 1084 799 1116 aliorum
808 1085 890 1116 locis
903 1085 1124 1115 demonstrat.
1139 1083 1212 1114 Liv.

516 1142 558 1164 11.
582 1134 728 1165 ‘Totam
757 1134 891 1174 plebem
919 1144 987 1165 aere
1017 1134 1128 1164 alieno
1155 1133 1213 1164 de-

516 1193 662 1214 mersam
677 1193 761 1223 esse,
772 1192 835 1215 nec
851 1184 925 1215 sisti
945 1193 1057 1224 posse,
1069 1183 1132 1214 nisi
1148 1193 1215 1214 om-

517 1232 616 1264 nibus
642 1233 860 1264 consulatur.’
918 1234 988 1265 Ubi
1024 1233 1111 1264 ‘nec
1139 1233 1214 1265 sisti

518 1283 631 1323 posse'
648 1283 736 1314 idem
747 1288 801 1314 est
814 1283 917 1324 quod,
930 1293 992 1315 nec
1008 1293 1076 1314 rem
1089 1284 1214 1314 salvam

518 1341 593 1363 esse
607 1342 717 1373 posse.
740 1333 829 1364 Item
843 1344 851 1364 z
876 1335 885 1351 ‘
900 1334 1144 1374 Qualicumque
1160 1343 1214 1364 ur-

516 1382 569 1414 bis
593 1387 697 1422 statu,
721 1388 880 1415 manente
897 1384 1077 1424 disciplina
1092 1384 1215 1415 milita-

518 1431 559 1472 ri,
588 1432 662 1463 sisti
688 1433 861 1473 potuisse‚’
889 1434 912 1464 i.
928 1443 958 1465 e.
983 1443 1051 1464 rem
1074 1434 1216 1473 servari,

517 1490 591 1512 rem
620 1482 744 1513 salvam
771 1492 857 1523 esse,
879 1484 1040 1524 potuisse.
1087 1485 1216 1515 Rursus

518 1540 576 1563 ιιι.
613 1531 670 1563 ‘Si
695 1543 795 1573 quem
825 1534 968 1565 similem
1000 1534 1072 1575 ejus
1102 1535 1215 1575 priore

521 1591 608 1613 anno
637 1583 726 1613 inter
748 1583 901 1615 morbum
922 1584 1114 1626 bellumque
1138 1584 1217 1615 irati

520 1633 581 1663 Dii
598 1633 769 1665 tribunum
786 1635 972 1676 dedissent,
987 1645 1052 1666 non
1068 1636 1217 1677 potuisse

521 1683 620 1723 sisti‚’
643 1684 663 1715 i.
682 1694 713 1715 e.
730 1691 843 1716 actum
869 1685 985 1725 fuisse,
1008 1687 1217 1726 pereundum

521 1733 631 1764 fuisse.
676 1735 782 1766 Plura
798 1735 831 1766 id
845 1745 951 1776 genus
964 1736 1130 1777 praedicto
1148 1736 1217 1767 No-

522 1788 632 1815 tarum
670 1785 833 1816 Gronovii
872 1785 914 1816 ad
943 1786 1015 1816 Liv.
1045 1786 1118 1817 loco
1150 1785 1216 1816 vid.

528 1834 631 1865 Vorst.
676 1835 742 1866 Ms.
766 1836 837 1866 sisti
864 1835 945 1866 nullo
971 1847 1011 1867 m.
1035 1836 1123 1877 quod
1146 1846 1220 1876 pro-

523 1883 608 1914 bant
637 1884 786 1916 Gronov.
825 1886 936 1917 Graev.
972 1887 1087 1918 Vorst.
1135 1887 1221 1918 Mihi

524 1934 615 1965 Just.
649 1935 826 1976 scripsisse
864 1936 1010 1976 videtur,
1040 1937 1068 1967 si
1099 1938 1220 1977 pariter

524 1983 680 2024 dcficimzt,
693 1994 742 2015 res
755 1986 825 2015 sisti
838 1986 919 2016 nullo
934 1988 1020 2017 modo
1033 1997 1130 2026 posse.
1164 1987 1221 2019 Sic

524 2043 590 2064 rem
616 2035 724 2065 sistere
750 2035 871 2075 Virgil.
888 2045 936 2067 vx.
959 2036 1010 2067 AE.
1037 2039 1110 2067 858.
1130 2037 1139 2053 ‘
1154 2037 1220 2068 Hic

525 2092 596 2114 rem
626 2084 822 2124 Romanam,
848 2096 967 2126 magno
989 2086 1150 2118 turbante
1169 2092 1221 2118 tu-

525 2133 648 2172 multu,
680 2134 785 2165 Sistet
811 2136 938 2176 eques.’
968 2136 1073 2174 Schef.
1119 2136 1221 2177 Angl.

526 2183 608 2218 sisti,
633 2185 722 2224 quod
750 2186 897 2217 Notator
919 2195 984 2216 non
1003 2188 1074 2217 sine
1091 2188 1223 2217 ratione

528 2234 664 2274 probat.
722 2235 799 2266 Hoc
836 2237 961 2267 voluit:
999 2237 1162 2267 Futurum
1186 2240 1223 2267 ut

528 2283 675 2325 undique
692 2285 853 2326 impetum
867 2286 1005 2318 faciant.
1037 2288 1116 2318 Tac.
1131 2286 1176 2318 H.
1190 2296 1224 2318 v.

529 2335 582 2364 21.
607 2337 615 2350 ‘
630 2335 759 2366 Vadam
784 2336 910 2376 Civilis,
932 2337 1077 2368 Grinnes
1101 2337 1225 2368 Classi-

530 2393 589 2415 cus
606 2385 869 2425 oppugnabant:
900 2396 962 2417 uec
984 2387 1055 2427 jain
1080 2387 1154 2417 sisti
1171 2397 1226 2427 po-

530 2435 667 2466 terant!
691 2436 787 2467 Idem.
834 2436 972 2467 Rectius
988 2437 1074 2466 hunc
1089 2437 1109 2467 Ι.
1123 2446 1227 2476 expo-

532 2485 599 2516 suit
623 2485 770 2516 Gronov.
787 2490 822 2517 et
838 2496 914 2518 eum
936 2487 1044 2518 secuti
1062 2487 1175 2518 Vorst.
1192 2491 1228 2518 et

534 2535 657 2566 Faber.
682 2537 789 2567 Groev.

576 2589 593 2627 ξ
618 2590 635 2617 7
663 2588 756 2622 Quez's
771 2587 877 2628 rebus]
904 2587 1005 2629 Angl.
1037 2589 1101 2620 His
1128 2599 1155 2620 r.
1187 2599 1228 2620 ex

534 2637 654 2677 glossa.
676 2637 781 2675 Sclief.

585 2688 685 2719 Veluti
710 2687 840 2728 medela]
867 2687 1078 2730 Adspectum
1106 2689 1230 2729 princi-

535 2738 586 2778 pis
616 2740 648 2769 in
685 2739 878 2770 calamitate
913 2741 1038 2780 populo
1074 2741 1229 2771 solatium

536 2799 622 2825 esso,
638 2788 711 2820 fuse
723 2790 823 2821 Grut.
841 2790 932 2821 Diss.
946 2793 998 2822 21.
1015 2791 1175 2827 ostendit,
1188 2791 1230 2822 ad

536 2841 618 2870 illud
633 2840 741 2871 Taciti
760 2839 800 2870 A.
828 2849 886 2871 xv.
903 2844 954 2872 36.
976 2843 985 2858 ‘
1000 2842 1095 2874 Sueti
1112 2842 1231 2873 adver-

539 2901 593 2922 sus
618 2890 759 2922 fortuita
780 2890 944 2932 adspectu
962 2892 1130 2934 Principis
1146 2892 1232 2925 reso-

976 339 1115 368 NOTAE
1153 340 1369 371 VAltloRU
1380 342 1411 370 M
1447 341 1496 370 ΙΝ

1258 433 1354 464 veri!
1378 435 1476 465 Bern.

1302 485 1362 524 §8
1388 484 1451 514 Pro
1478 492 1560 514 conc.
1591 483 1660 523 Sym]
1695 482 1782 513 Saxo
1814 492 1890 514 xrv.
1922 493 1955 524 p.

1259 536 1332 565 277.
1342 536 1395 565 28.
1410 534 1418 551 ‘
1432 533 1662 574 Suenonisque
1677 533 1788 565 dolum
1803 544 1864 575 pro
1878 543 1958 565 con-

1260 583 1357 614 cione
1373 583 1549 614 causatus!

1308 633 1425 672 Vulgus
1449 643 1535 663 omne
1562 634 1731 665 consolatus
1759 634 1957 674 hortatusque

1260 694 1315 724 pro
1343 687 1477 724 tempore
1504 683 1565 723 est]
1587 684 1777 724 ‘Hortaris
1804 695 1879 725 pro,
1900 685 1960 716 bo-

1262 743 1339 764 num
1356 734 1502 763 animum
1527 733 1652 764 habere
1673 734 1808 774 jubere.
1854 735 1955 767 Quod

1262 788 1407 823 apparet
1436 792 1478 813 ex
1508 792 1548 814 eo
1574 783 1662 824 quod
1688 785 1852 825 sequitur,
1873 784 1958 825 ‘spe

1261 843 1375 864 omnes
1386 832 1569 873 impleret!
1614 833 1669 864 Ita
1681 832 1753 864 fere
1766 838 1802 864 et
1814 843 1864 866 xr.
1879 837 1912 865 3.
1927 837 1958 866 1.

1263 884 1271 900 4
1285 883 1326 913 In
1354 882 1498 914 transitu
1526 883 1680 914 hortatus
1695 883 1872 914 Thessalos
1889 883 1962 915 fue-

1264 932 1341 963 rat.'
1385 933 1431 963 Et
1456 941 1507 963 x1.
1533 935 1565 964 9.
1583 936 1634 963 13.
1656 933 1666 949 4
1682 932 1737 963 Ad
1753 942 1835 974 quas
1851 933 1962 964 visen-

1264 983 1323 1013 das
1359 982 1605 1024 hortandasqne
1648 993 1724 1014 cum
1761 982 1962 1014 Alexander

1263 1033 1438 1065 venisset!
1494 1033 1632 1064 Deinde
1667 1033 1677 1049 4
1693 1042 1755 1073 pro
1792 1031 1965 1073 tempore'

1263 1084 1352 1115 idem
1373 1083 1474 1125 quod,
1497 1087 1533 1115 ut
1550 1088 1684 1123 tempus
1702 1082 1768 1114 fert
1790 1088 1826 1115 et
1848 1087 1963 1123 postu-

1263 1136 1326 1175 lat,
1342 1139 1378 1166 et
1393 1139 1431 1166 ut
1447 1136 1519 1166 Cic.
1539 1144 1589 1166 Vl.
1605 1135 1697 1166 Fam.
1722 1137 1774 1166 13.
1799 1134 1963 1176 loquitur,

1264 1185 1273 1201 ‘
1285 1195 1346 1225 pro
1363 1185 1492 1216 ratione
1509 1185 1669 1224 temporis
1680 1184 1701 1222 ;'
1729 1185 1797 1224 vel,
1818 1189 1854 1215 ut
1867 1185 1963 1216 Suet.

1264 1235 1297 1266 in
1329 1235 1477 1274 Caesare,
1507 1235 1516 1252 ‘
1533 1244 1593 1275 pro
1610 1234 1806 1265 conditione
1829 1239 1963 1275 tempo-

1264 1285 1339 1324 ris;'
1368 1286 1420 1316 vel
1447 1285 1606 1326 denique,
1632 1289 1668 1316 ut
1683 1285 1830 1316 Plancus
1848 1285 1881 1315 in
1898 1285 1964 1326 Ep.

1266 1344 1339 1375 quae
1366 1338 1420 1365 est
1449 1337 1499 1365 10.
1526 1334 1585 1365 lib.
1615 1343 1666 1366 lx.
1693 1335 1780 1375 Epp.
1804 1334 1876 1366 Cic.
1897 1334 1966 1365 ‘ad

1266 1384 1424 1425 tempus.'
1468 1384 1549 1415 Vid.
1581 1388 1617 1415 et
1652 1384 1726 1416 Lib.
1751 1384 1794 1416 de
1819 1384 1965 1416 Latinit.

1266 1445 1350 1465 mer.
1367 1435 1464 1474 Susp.
1482 1444 1559 1474 cap.
1576 1437 1627 1465 11.
1656 1434 1729 1465 Vor.

1310 1485 1376 1516 Pro
1388 1484 1536 1525 tempore]
1561 1485 1606 1515 H.
1624 1494 1654 1516 e.
1678 1485 1687 1501 ‘
1701 1494 1761 1524 pro
1771 1483 1968 1516 conditione

1268 1534 1481 1576 temp01·um,'
1510 1540 1548 1565 ut
1571 1535 1679 1576 inquit
1694 1535 1788 1565 Suet.
1806 1536 1894 1566 Caes.
1911 1538 1967 1567 16.

1267 1588 1299 1616 2.
1344 1585 1400 1616 Ita
1426 1585 1509 1616 Sall.
1531 1585 1607 1616 Cat.
1632 1587 1685 1616 30.
1714 1588 1744 1616 5.
1765 1585 1775 1602 4
1795 1585 1863 1616 Pro
1886 1588 1972 1617 tem-

1267 1646 1350 1677 pore
1376 1642 1479 1677 atque
1502 1636 1653 1676 periculo
1675 1635 1863 1666 exercitum
1879 1644 1971 1666 com—

1268 1686 1413 1727 parare.’
1457 1687 1536 1717 Tac.
1565 1685 1606 1716 A.
1636 1694 1701 1717 ΧΠ.
1731 1688 1784 1716 49.
1810 1688 1843 1716 4.
1871 1685 1969 1716 ‘Pro

1269 1741 1421 1776 tempore
1451 1735 1549 1766 rebus
1588 1735 1729 1766 turbidis
1757 1735 1934 1766 consulere
1946 1733 1969 1765 :’

1268 1786 1369 1826 longe
1385 1787 1450 1817 alio
1468 1795 1580 1824 sensu,
1596 1795 1695 1826 quam
1723 1784 1821 1816 hodie
1846 1785 1969 1816 doctos

1269 1837 1371 1866 etiam
1387 1836 1450 1867 hac
1467 1836 1517 1867 uti
1533 1835 1646 1875 phrasi
1663 1834 1790 1866 videas.
1819 1835 1875 1866 Ita
1890 1835 1964 1866 Liv.

1271 1896 1364 1917 xxx.
1383 1889 1434 1917 10.
1449 1889 1482 1917 ὃ.
1506 1886 1608 1916 Bern.

1315 1938 1358 1967 Et
1372 1946 1424 1976 spe
1439 1945 1541 1966 omnes
1552 1934 1707 1975 impleret]
1733 1935 1838 1974 Bong.
1862 1933 1973 1965 edidit

1270 1989 1300 2017 et
1314 1986 1348 2016 in
1362 1996 1444 2026 spem
1460 1996 1487 2016 o.
1502 1985 1683 2024 impelleret.
1721 1984 1853 2024 Sequor
1866 1984 1973 2025 scrip-

1271 2040 1323 2066 tos
1340 2035 1456 2066 libros.
1503 2033 1688 2064 Venustior
1710 2037 1763 2063 est
1786 2033 1972 2073 oppositio,

1270 2087 1401 2124 demere,
1428 2085 1567 2126 implere.
1615 2084 1660 2114 Et
1697 2087 1781 2123 ‘spe
1810 2082 1971 2123 implere’

1272 2136 1400 2177 phrasis
1426 2140 1479 2166 est
1508 2134 1645 2167 Justino
1675 2132 1863 2165 familiaris.
1906 2133 1972 2165 Im-

1272 2185 1381 2226 pressi
1405 2184 1541 2226 quidam
1571 2184 1674 2214 etiam
1697 2183 1827 2214 addunt
1845 2193 1897 2224 spe
1910 2185 1973 2216 sui.

1274 2237 1382 2267 Idem.
1426 2236 1541 2268 Juntae
1567 2244 1634 2265 non
1657 2235 1785 2265 abeunt
1801 2243 1820 2264 a
1834 2235 1918 2266 Mss.
1934 2239 1971 2265 et

1274 2286 1353 2318 edd.
1379 2286 1518 2316 aliarum
1548 2284 1718 2315 lectione:
1749 2284 1783 2314 in
1811 2293 1896 2324 spem
1923 2285 1973 2316 sui

1275 2347 1303 2368 o.
1327 2337 1504 2377 impelleret.
1551 2334 1609 2366 Sui
1631 2339 1745 2365 tamen
1767 2343 1834 2364 non
1857 2342 1975 2374 agnos-

1276 2391 1358 2419 cunt
1382 2387 1465 2418 Mss.
1487 2385 1546 2417 sed
1562 2384 1726 2416 assentior
1742 2384 1974 2417 Berneccero.

1278 2439 1386 2469 (ἔναυ.

1319 2490 1337 2529 ᾧ
1360 2490 1380 2519 9
1405 2485 1581 2526 Moderate]
1605 2486 1660 2516 De
1673 2483 1833 2525 Agricola
1842 2484 1927 2516 Tac.
1941 2485 1976 2516 in

1277 2539 1348 2579 ejus
1366 2538 1447 2569 Vita
1470 2547 1546 2577 cap.
1570 2539 1686 2568 18.10.
1709 2537 1718 2552 ‘
1733 2536 1813 2576 Ipsa
1825 2536 1978 2567 dissimu-

1279 2589 1402 2620 latione
1419 2588 1528 2627 famae,
1543 2586 1665 2617 famam
1682 2586 1789 2625 auxit,
1805 2586 1977 2617 aestiman-

1279 2639 1382 2677 tibus,
1412 2642 1537 2679 quanta
1558 2636 1663 2667 futuri
1685 2646 1747 2677 spe
1769 2641 1838 2667 tam
1855 2646 1978 2677 magna

1279 2687 1461 2720 tacuisset!
1499 2688 1680 2718 Rerneccer.
1728 2686 1804 2718 Hoc
1836 2687 1845 2703 ⁴
1864 2687 1978 2719 mode-

1280 2739 1369 2770 rate'
1395 2747 1460 2768 non
1477 2737 1519 2768 ad
1537 2737 1724 2778 proximum
1745 2738 1754 2754 4
1767 2736 1897 2776 multa‚’
1917 2737 1978 2768 sed

1280 2798 1423 2830 sequens
1462 2792 1469 2804 ¹
1485 2787 1655 2828 pollicitus
1691 2789 1767 2826 est‚’
1804 2786 1977 2819 refer-end.

1282 2840 1418 2872 Dicitur
1445 2843 1558 2869 autem
1575 2838 1584 2853 ‘
1598 2836 1773 2868 moderate
1799 2837 1978 2877 polliceri‚’

1283 2893 1338 2935 qui
1354 2891 1417 2923 hoc
1434 2890 1517 2922 facit
1532 2888 1643 2920 verbis
1655 2889 1783 2931 paucis,
1804 2889 1978 2929 citrajac-
