2174 3424
457 351 544 394 632

459 457 559 487 vitare
575 456 745 489 dicuntur.
789 457 867 489 Sall.
891 458 900 475 ‘
918 459 1002 490 Cum
1026 468 1062 491 se
1082 459 1158 491 cibo

460 507 605 548 vinoque
622 508 691 539 laeti
710 509 913 540 invitarent!
950 510 1067 542 Plaut.
1081 510 1158 542 Am-

460 557 544 597 phit.
562 566 587 588 1.
611 561 639 589 1.
663 559 672 576 ‘
696 558 788 590 Mira
812 563 911 598 sunt;
935 560 1094 592 invitavit
1119 571 1156 592 se

459 607 494 637 in
521 616 618 638 coena
643 608 854 648 plusculum!
905 611 999 642 Suet.
1030 611 1155 643 Octav.

458 660 511 688 77.
537 658 547 675 ‘
563 658 707 691 Quoties
724 659 907 700 largissime
925 671 960 692 se
977 661 1158 694 invitaret!

459 707 469 723 ‘
486 706 674 748 Apparatae
697 709 825 749 epulae’
850 715 941 750 sunt,
954 711 1158 752 splendidae,

456 757 574 798 lautae,
589 758 759 799 opiparae:
785 764 822 791 ut
843 761 852 777 ‘
865 761 1074 801 Apparatius
1091 772 1158 793 coe-

457 808 557 839 uare'
580 819 635 850 ap.
654 810 743 842 Plin.
761 811 794 841 in
814 812 925 852 Epist.
949 816 985 844 et
1006 814 1016 831 ‘
1033 811 1156 844 Profu-

458 858 580 890 sissimi
621 859 835 892 obsoniorum
864 861 1068 902 apparatus’
1100 873 1156 903 ap.

459 908 555 940 Suet.
595 909 712 940 Vitell.
747 913 797 941 10.
855 911 1006 943 Inferius
1048 922 1097 944 XI.
1125 916 1156 944 8.

454 958 464 974 ‘
485 958 564 989 Fuit
581 968 642 989 rex
666 969 832 991 armorum
859 972 958 1002 quam
984 963 1157 995 convivio-

460 1020 534 1040 rum
552 1012 768 1051 apparatibus
786 1014 994 1045 studiosior.’
1020 1016 1127 1046 Groev.

502 1061 519 1100 ξ
536 1062 556 1090 6
577 1061 688 1093 Utrius
700 1063 774 1093 vitae
786 1068 900 1095 sortem
912 1065 1031 1105 legant]
1047 1066 1156 1098 Valde

459 1109 563 1140 durus
585 1111 666 1142 mihi
691 1112 783 1143 locus
806 1114 858 1144 hic
882 1114 1036 1153 videtur;
1061 1120 1155 1147 certe

458 1159 540 1190 nihil
571 1165 636 1201 est,
677 1162 767 1203 quod
799 1163 849 1194 illi
879 1165 953 1196 vitoe
979 1166 1156 1197 commode

458 1211 683 1252 respondeat:
717 1223 782 1244 non
813 1215 901 1246 enim
930 1215 1005 1246 vitae
1033 1216 1158 1256 laboris,

459 1270 522 1292 uec
537 1263 612 1293 vitae
623 1265 791 1303 epularum,
798 1264 897 1305 jungi
911 1271 1059 1306 possunt.
1094 1267 1156 1299 Co-

458 1312 588 1352 gitand.
607 1314 723 1355 igitur,
737 1325 780 1347 au
795 1326 861 1347 non
879 1317 1057 1358 scripserit
1071 1318 1157 1349 Nos-

458 1367 511 1393 ter
525 1363 664 1395 utriusne
677 1369 803 1406 sortem,
828 1370 864 1397 et
879 1376 946 1397 non
962 1377 1058 1398 nemo
1073 1369 1157 1400 illud

456 1413 531 1444 victe
547 1416 745 1455 apposuerit
766 1425 809 1447 ex
834 1426 906 1458 seq.
935 1418 944 1435 ‘
960 1427 1094 1449 omnem
1111 1418 1156 1451 vi-

458 1463 550 1495 tam.'
573 1464 676 1503 Schef.

501 1515 518 1555 ξ
535 1517 555 1545 8
579 1515 693 1546 Meriti
712 1516 762 1547 sui
775 1516 809 1547 in
827 1517 1015 1556 Harpagum
1028 1516 1155 1557 oblitus]

457 1564 551 1596 Quos
577 1563 771 1605 offenderis,
799 1567 988 1606 periculose
1018 1577 1156 1598 summae

457 1615 504 1645 rei
519 1614 660 1656 praefici,
674 1616 777 1648 docet
790 1618 981 1657 exemplum
996 1618 1045 1648 M.
1059 1618 1156 1656 Livii,

458 1665 492 1695 iu
516 1666 588 1697 Liv.
605 1675 725 1698 xxvu.
751 1670 806 1698 42.
831 1670 861 1698 8.
887 1668 1018 1699 Bernec.
1063 1669 1155 1699 Oxo-

457 1716 580 1748 niensis
595 1727 638 1748 ex
655 1722 800 1758 quatuor
817 1719 898 1750 Mss.
921 1719 1002 1760 legit
1018 1719 1052 1750 in
1069 1720 1156 1750 Har-

455 1777 536 1807 pago
548 1777 559 1797 .·
578 1768 637 1799 sed
653 1768 710 1799 alii
726 1773 762 1800 et
776 1769 921 1802 Juntina
945 1774 1039 1801 stant
1060 1775 1155 1801 recte

458 1827 520 1858 pro
539 1819 683 1858 vulgata.
710 1820 815 1851 Groev.
861 1819 964 1860 Angl.
980 1821 1012 1851 in
1033 1821 1156 1862 Harpa-

454 1878 509 1907 go,
533 1878 633 1909 quam
657 1869 838 1900 lectionem
855 1870 952 1901 video
975 1875 1011 1902 et
1034 1871 1066 1902 in
1089 1871 1156 1902 suis

458 1918 625 1958 reperisse
655 1918 843 1950 Auctorem
882 1920 959 1951 Fori
990 1921 1154 1960 Romani;

456 1968 527 1998 vid.
545 1978 660 1999 vocem
679 1969 820 2000 Oblitus:
844 1970 914 2001 scio
931 1970 1086 2010 equidem
1109 1971 1156 2001 in-

457 2016 658 2049 differenter
675 2019 907 2060 praepositioni
929 2021 938 2036 ‘
955 2019 1006 2050 in'
1029 2021 1155 2061 apponi

456 2067 557 2098 modo
572 2073 745 2109 quartum,
759 2069 859 2100 modo
873 2074 1018 2111 sextum,
1030 2080 1155 2102 casum.

457 2118 621 2159 Suspicor
651 2124 764 2150 tamen
794 2120 848 2152 hic
887 2121 972 2152 illud
1002 2121 1155 2162 Harpago

458 2177 532 2199 esse
549 2172 660 2199 ortum
676 2178 718 2199 ex
732 2169 901 2210 scriptura
914 2171 1055 2212 antiqua
1068 2172 1156 2202 Har-

455 2228 560 2259 pagon
576 2228 636 2259 pro
651 2219 850 2260 Harpagum.
897 2221 986 2251 Nam
1008 2222 1017 2237 ‘
1034 2221 1155 2252 merita

458 2270 492 2300 in
509 2268 715 2310 Antonium‚’
738 2280 804 2302 non
831 2271 980 2312 Antonio,
1007 2272 1093 2304 dixit
1118 2277 1156 2304 et

459 2321 548 2352 Vell.
565 2330 603 2352 11.
618 2324 670 2353 96.
694 2322 745 2353 Id.

501 2372 519 2412 ᾗ
535 2374 555 2401 9
572 2371 637 2402 Per
647 2372 831 2403 deditionem
846 2373 995 2413 tradidit]
1008 2373 1154 2406 Quidam

458 2421 551 2462 typis
567 2422 718 2462 expressi
732 2433 765 2463 p.
780 2424 986 2463 proditionem
999 2428 1024 2456 t.
1055 2425 1153 2458 Quod

459 2476 723 2503 consentaneum
737 2473 781 2512 ei,
793 2474 880 2514 quod
890 2475 1054 2516 sequitur,
1064 2476 1073 2492 ‘
1083 2486 1156 2516 per-

459 2522 541 2553 fidia
571 2522 774 2555 defectionis
813 2525 1010 2557 ulciscitur.'
1051 2527 1152 2558 Vorst.

462 2573 540 2603 Non
557 2573 674 2613 probo,
697 2573 786 2615 quod
806 2574 933 2606 habent
949 2576 1084 2617 quidam
1100 2587 1156 2617 per

456 2623 675 2662 proditionem,
696 2628 839 2664 propter
854 2625 917 2656 hoc
934 2626 1054 2666 ipsum,
1076 2628 1156 2668 quia

460 2673 613 2714 sequitur
644 2675 654 2691 ‘
682 2673 826 2714 perfidia
861 2675 1084 2717 defectionis:
1113 2687 1155 2708 ne

459 2722 548 2753 idem
565 2723 708 2755 dicatur.
751 2724 792 2755 Τὸ
815 2726 1000 2758 deditionem
1020 2727 1154 2759 modum

460 2772 624 2813 declarat,
646 2783 713 2814 quo
744 2774 924 2807 tradiderit
952 2777 1155 2817 exercitum,

460 2825 707 2865 opponiturque
739 2826 916 2858 traditioni
948 2837 1008 2869 per
1041 2834 1155 2860 certas

461 2874 556 2913 leges
581 2879 616 2905 et
639 2875 857 2909 conditiones.
906 2879 1026 2919 Neque
1042 2883 1156 2920 potest

461 2923 635 2957 offendere
668 2925 804 2957 verbum
828 2928 837 2943 ‘
857 2928 1020 2960 tradidit.’
1068 2929 1157 2961 Nam

916 363 1056 394 No'rAE
1090 364 1352 395 VARmRUM
1386 366 1437 396 ΙΝ

1210 463 1245 490 et
1262 459 1331 490 Liv.
1357 460 1366 477 ‘
1383 459 1424 490 In
1447 458 1547 490 fidem
1571 459 1844 504 deditionemque
1868 473 1905 495 se

1209 519 1336 550 suaque
1352 510 1416 550 ipsi
1433 509 1630 542 t1·adidere.'
1653 511 1756 550 Schef.

1254 561 1423 601 Regisque,
1449 561 1518 601 ξω]
1543 561 1632 593 Saxo
1658 571 1742 595 xm.
1771 573 1805 604 p.
1829 567 1905 596 244.

1211 614 1264 642 18.
1295 613 1304 629 ‘
1329 611 1496 642 Invidiam
1524 610 1676 643 fraterna
1706 614 1906 652 praelatione

1209 666 1408 702 conceptam
1425 661 1570 702 perfidia
1584 661 1789 694 defectionis
1810 673 1907 696 exsa-

1209 711 1322 744 tians!

1252 763 1269 802 ξ
1287 765 1326 793 10
1350 762 1481 793 Partem
1496 762 1650 792 exercitus
1663 772 1683 793 α
1697 765 1785 802 tergo
1805 763 1907 803 ponit,

1209 815 1239 844 et
1254 813 1496 851 tergiversantes
1511 812 1603 850 ferro
1618 813 1673 852 agi
1688 813 1721 844 in
1736 813 1836 844 hostes
1851 814 1907 852 ju-

1209 863 1274 903 bet]
1291 864 1386 894 Unus
1400 863 1468 894 Ms.
1482 872 1517 902 p.
1531 872 1558 894 e.
1573 864 1611 894 de
1625 866 1712 902 tergo
1723 873 1756 903 p.
1771 866 1800 894 et
1815 866 1906 902 terga

1208 917 1359 946 vertentes
1371 914 1401 952 s.
1418 924 1447 945 a.
1464 913 1487 945 i.
1511 914 1540 944 Ιι.
1560 914 1589 952 j.
1613 913 1745 954 ingrata
1768 913 1904 944 auribus

1209 965 1318 1005 ejusd.
1352 964 1444 995 vocis
1475 964 1694 1004 repetitione.
1720 964 1806 994 Mod.
1849 963 1906 994 Sic

1208 1015 1270 1047 inf.
1294 1023 1400 1046 xxm.
1425 1017 1456 1047 8.
1471 1017 1502 1047 7.
1538 1015 1610 1046 Liv.
1632 1023 1668 1045 x.
1685 1017 1737 1046 36.
1754 1017 1786 1046 6.
1811 1014 1820 1031 ‘
1836 1015 1905 1046 Ne-

1208 1067 1368 1097 cessitate
1394 1069 1473 1096 acta
1499 1064 1606 1095 virtus
1633 1073 1734 1095 causa
1750 1064 1904 1096 victoriae

1208 1116 1285 1156 est,’
1320 1117 1369 1148 ait
1398 1117 1489 1147 Flor.
1520 1125 1575 1147 111.
1606 1118 1638 1147 3.
1665 1118 1713 1147 13.
1761 1115 1903 1154 Contra,

1209 1169 1218 1186 ‘
1233 1169 1369 1201 Quanto
1383 1168 1458 1208 plus
1474 1167 1545 1208 spei
1561 1167 1603 1198 ad
1619 1165 1794 1207 effugium,
1808 1171 1905 1198 tanto

1208 1218 1318 1250 minor
1344 1222 1397 1249 est
1423 1217 1466 1248 ad
1495 1216 1723 1249 resistendum
1751 1216 1905 1257 animus,'

1207 1270 1285 1300 Tac.
1301 1269 1347 1300 H.
1365 1277 1419 1300 111.
1437 1271 1488 1299 18.
1514 1269 1613 1299 Bern.

1254 1317 1521 1359 Tergiversantes]
1543 1317 1564 1349 J
1569 1321 1659 1348 untae
1674 1316 1903 1357 scripserunt:

1208 1373 1237 1400 et
1262 1369 1296 1399 in
1321 1371 1410 1408 terga
1434 1370 1586 1398 vertentes
1602 1366 1693 1404 serro
1718 1366 1785 1406 agi,
1811 1370 1847 1397 ut
1869 1367 1904 1397 in

1207 1419 1306 1449 hostes
1322 1417 1423 1456 jubet.
1467 1417 1547 1447 Non
1573 1417 1676 1447 male:
1711 1426 1831 1448 vereor
1857 1423 1905 1448 ta·

1207 1479 1284 1501 men
1300 1479 1341 1500 ne
1357 1470 1430 1500 haec
1447 1469 1516 1500 sint
1530 1469 1746 1507 interpolata.
1780 1467 1904 1509 Itaque

1207 1521 1294 1551 hanc
1319 1520 1500 1551 lectionem
1524 1529 1587 1550 nec
1609 1519 1683 1559 ipse
1699 1527 1903 1558 magnopere

1207 1571 1326 1612 probo.
1372 1571 1537 1602 Rationes
1552 1576 1678 1611 tamen,
1703 1580 1762 1601 cur
1780 1570 1904 1610 impro-

1206 1622 1318 1660 batur,
1341 1630 1471 1662 nequeo
1502 1621 1651 1652 laudare.
1705 1621 1815 1653 Quam
1845 1620 1903 1650 diu

1207 1672 1415 1713 pugnabant,
1426 1677 1522 1712 terga
1533 1681 1599 1703 non
1612 1670 1807 1702 vertebant.
1835 1670 1903 1702 Sed

1206 1723 1233 1753 si
1251 1723 1444 1761 accidisset,
1460 1727 1498 1753 ut
1514 1726 1610 1762 terga
1627 1726 1812 1762 verterent,
1827 1725 1903 1753 erat

1207 1772 1272 1803 alia
1288 1773 1377 1804 acies
1390 1772 1512 1803 civium
1529 1777 1604 1813 post
1616 1772 1700 1803 hane
1716 1772 1820 1803 aciem
1833 1773 1904 1803 col-

1206 1824 1331 1863 locata,
1365 1834 1440 1865 quae
1471 1828 1570 1864 terga
1608 1827 1779 1855 vertentes
1808 1828 1902 1855 retro

1206 1879 1333 1913 ageret,
1354 1872 1481 1904 ferrum
1512 1872 1545 1903 in
1574 1873 1649 1904 illos
1678 1877 1840 1914 tanquam
1865 1872 1900 1904 in

1206 1923 1318 1954 hostes
1341 1923 1519 1962 stringens.
1566 1922 1601 1954 Si
1624 1922 1769 1963 fugisset
1793 1923 1902 1964 prima

1206 1973 1310 2013 acies,
1327 1979 1421 2013 terga
1436 1973 1596 2004 vertisset
1608 1973 1774 2013 hostibus,
1796 1983 1816 2004 a
1830 1973 1903 2014 qui-

1206 2023 1267 2055 bus
1297 2023 1490 2064 fugabatur,
1524 2033 1589 2054 non
1620 2023 1761 2063 civibus,
1782 2023 1852 2065 qui,
1880 2033 1901 2055 a

1206 2077 1303 2114 tergo
1329 2074 1548 2114 pugnantium
1579 2073 1693 2114 positi,
1728 2073 1901 2114 fugientes

1205 2123 1404 2163 exciperent
1420 2128 1456 2154 et
1471 2124 1688 2163 repellerent.
1734 2124 1830 2155 Nihil
1852 2128 1902 2156 ta-

1204 2184 1295 2214 men,
1312 2174 1490 2206 silentibus
1503 2174 1587 2206 Mss.
1603 2174 1754 2206 mutand.
1766 2184 1903 2207 censeo.

1208 2224 1313 2255 Groev.
1358 2223 1569 2255 Emendand.
1586 2228 1684 2264 putat
1695 2224 1747 2254 vir
1761 2223 1901 2256 doctiss.

1204 2277 1234 2304 et
1257 2277 1347 2314 terga
1370 2277 1532 2314 vertentes,
1559 2273 1647 2315 quod
1672 2273 1817 2314 probare
1842 2275 1900 2306 vix

1203 2333 1350 2365 possum.
1395 2324 1519 2354 Saltem
1542 2333 1651 2355 sermo
1677 2330 1730 2356 est
1756 2325 1787 2356 h.
1805 2325 1828 2355 l.
1856 2324 1900 2356 de

1205 2374 1456 2416 pugnantibus:
1497 2375 1546 2406 sic
1589 2375 1678 2406 enim
1722 2375 1899 2416 praecedit,

1205 2427 1214 2443 ‘
1233 2425 1460 2466 pugnantibus
1486 2426 1554 2457 suis
1578 2430 1709 2467 partem
1731 2426 1899 2457 exercitus

1204 2485 1224 2507 a
1247 2481 1345 2517 tergo
1371 2475 1489 2517 ponit.’
1536 2475 1583 2507 At
1610 2475 1666 2507 alii
1696 2481 1898 2516 pugnantes,

1205 2528 1261 2559 alii
1287 2533 1383 2568 terga
1406 2531 1591 2559 vertentes.
1636 2527 1772 2559 Deinde
1788 2528 1899 2569 sequi·

1205 2582 1280 2610 tur:
1310 2580 1319 2594 ⁴
1345 2582 1422 2618 post
1448 2582 1544 2619 terga
1573 2576 1794 2609 inventuros!
1837 2577 1899 2618 At,

1203 2628 1230 2658 si
1241 2628 1314 2668 jam
1331 2632 1427 2668 terga
1442 2631 1630 2668 verterant,
1645 2637 1711 2659 non
1727 2631 1825 2659 erant
1838 2637 1896 2659 eos

1204 2677 1375 2709 inventuri
1392 2681 1470 2718 post
1486 2681 1632 2718 tergum,
1653 2677 1712 2709 sed
1729 2686 1750 2709 a
1771 2676 1896 2710 fronte.

1204 2728 1310 2767 Schef.

1247 2780 1264 2819 ς
1296 2782 1335 2810 12
1366 2779 1444 2810 Post
1470 2779 1681 2810 necessitatem
1719 2779 1897 2820 pugnandi]

1204 2830 1284 2869 Pro,
1307 2833 1485 2871 postquam
1500 2839 1637 2861 necesse
1654 2830 1845 2861 habuerunt
1861 2839 1897 2862 et

1204 2879 1313 2911 coacti
1325 2883 1401 2910 sunt
1415 2888 1575 2920 pugnare.
1604 2879 1659 2911 Ita
1671 2881 1803 2912 ooncise
1815 2881 1896 2912 scri-

1207 2930 1259 2963 bit
1286 2935 1321 2962 et
1354 2931 1445 2963 alibi.
1493 2932 1537 2963 Ut
1566 2941 1644 2964 vni.
1674 2935 1702 2963 l.
1728 2925 1895 2964 ‘Prorsus
