2174 3424
619 300 813 331 JUSTiNt
849 302 943 330 mu.
977 303 1019 331 v.
1052 301 1157 332 cm).
1189 292 1227 333 1.

195 394 272 426 Non
302 393 391 425 aliud
421 401 567 432 sacrum,
596 402 662 424 non
692 392 792 423 aliam
816 402 887 424 rem

190 455 332 485 sacram,
352 444 466 484 ritum,
481 443 757 474 consuetudinem
784 443 888 484 magis

191 495 325 526 solitam
362 498 399 525 et
434 498 632 525 consuetam
668 498 888 534 receptamve

189 543 304 583 fuisse,
319 553 417 585 quam
441 544 626 575 silentium.
671 544 711 575 Id
728 544 817 585 quod
834 553 888 575 ve-

190 594 370 626 rissimum.
414 593 484 625 Alii
511 594 611 626 aliter
639 595 682 626 de
708 595 741 626 h.
766 595 788 625 l.
811 604 889 626 mea

189 644 263 676 haec
279 645 466 684 sententia;
490 655 589 686 quam
605 655 707 686 spero
722 645 823 677 facile
834 655 888 677 me

189 694 408 735 probaturum
425 695 616 726 accuratius
629 700 754 727 cuncta
767 706 890 737 expen-

189 743 357 776 dentibus.
381 743 485 781 Schef.
528 743 714 776 Adsentior
739 747 888 777 Bernec-

189 803 268 825 cero
297 798 332 825 et
357 794 556 835 Tanaquillo
584 795 804 827 censentibus
830 797 888 828 de-

188 844 280 875 lend.
303 854 376 875 esse
392 847 483 885 myst.
518 844 588 876 Cer.
631 845 641 862 ‘
669 846 794 877 Nullo'
823 852 890 886 est,

188 895 280 925 nullo
304 895 386 934 ritu,
408 898 468 925 aut
494 895 640 935 negotio.
684 895 780 926 Sacro
794 898 888 935 nullo,

190 944 279 984 qnod
305 943 476 976 Scheffero
502 945 672 984 placebat,
695 946 750 977 hic
775 947 887 978 locum

186 994 314 1026 habere
330 1005 396 1026 non
422 999 548 1035 potest.
596 996 706 1027 Nemo
727 997 814 1028 enirn
839 998 888 1030 sic

187 1045 357 1086 loquitur:
380 1045 537 1086 Mysterz'a
558 1045 614 1077 hoc
638 1056 725 1078 sacro
749 1048 887 1088 insignia

186 1100 269 1128 sunt.
293 1097 408 1129 Graev.

234 1150 357 1181 Cereris
377 1150 538 1181 initiorum
563 1161 662 1190 sacra,
684 1153 768 1184 nullo
787 1155 888 1194 magis

187 1209 278 1239 quam
306 1200 429 1231 silentio
455 1201 607 1242 solennia]
639 1202 732 1234 Hinc
759 1203 824 1234 Ov.
850 1205 885 1236 in

188 1248 275 1281 Arte
291 1250 410 1281 1¹.·snb
426 1249 484 1282 fin.
509 1252 616 1284 ‘Quis
642 1252 778 1284 Cereris
801 1255 885 1287 ritus

188 1299 293 1331 audet
317 1301 457 1341 vulgare
474 1302 669 1343 prophanis,
692 1304 886 1346 Magnaque

188 1351 350 1382 Threicia
379 1361 476 1383 sacra
505 1357 645 1392 reperta
670 1354 770 1385 Samo
782 1354 805 1385 ?’
840 1357 887 1388 Et

189 1400 312 1432 Horat.
329 1410 384 1432 111.
400 1401 468 1433 Od.
484 1404 516 1433 2.
546 1402 556 1419 ‘
571 1403 717 1443 Vetabo,
744 1404 799 1445 qui
826 1405 887 1437 Ce-

189 1449 273 1480 reris
299 1460 430 1482 sacrurn
460 1451 619 1492 Vulgarit
649 1463 796 1494 arcanae,
825 1455 886 1486 sub

187 1499 306 1531 iisdem
320 1501 372 1531 Sit
385 1500 562 1532 trabibus.'
607 1502 751 1534 Causam
763 1508 888 1544 autem,

190 1558 250 1580 cur
266 1550 356 1581 sileri
382 1549 565 1582 debuerint
589 1551 776 1592 hujusmodi
803 1563 888 1594 mys-

189 1599 288 1640 teria,
312 1599 398 1631 dicit
422 1600 472 1631 his
501 1600 612 1632 verbis
638 1603 834 1635 Lactantius
850 1614 885 1636 v.

189 1650 271 1682 Div.
300 1650 386 1682 Inst.
417 1660 494 1692 cap.
521 1654 575 1684 20.
598 1652 607 1668 ‘
624 1652 738 1692 Hinc,’
763 1654 887 1695 inquit,

187 1700 197 1717 ‘
208 1699 276 1731 fida
292 1700 429 1732 silentia
443 1701 548 1732 sacris
578 1701 736 1734 instituta
751 1708 829 1735 sunt
843 1705 886 1736 ab

186 1749 376 1781 hominibus
392 1751 582 1790 callidis‚ut
597 1753 739 1793 populus
754 1755 886 1786 nesciat

187 1800 268 1841 quid
292 1801 413 1832 colat:’
442 1800 568 1832 licebat
598 1806 712 1833 tamen
741 1803 886 1836 initiatis

188 1859 229 1882 ea
254 1860 330 1891 quae
358 1851 528 1891 mysteriis
551 1852 776 1884 tradebantur
794 1854 885 1885 inter

186 1911 224 1933 se
252 1903 403 1943 vulgare,
427 1907 465 1934 ut
492 1907 625 1935 constat
653 1913 696 1934 ex
723 1905 783 1936 illo
810 1906 883 1938 Cic.

185 1952 262 1984 loco
289 1962 314 1984 1.
329 1953 429 1983 Tusc.
448 1952 507 1983 ubi
529 1953 598 1984 ait:
622 1954 885 1996 ‘Reminiscere,

189 2003 346 2043 quoniam
362 2002 512 2033 initiatus
530 2012 579 2042 es,
603 2013 679 2044 quae
702 2005 884 2036 traduntur

186 2051 358 2091 mysteriis
370 2050 390 2082 :'
417 2056 521 2092 atque
546 2052 624 2083 hinc
645 2053 819 2093 Augustus
842 2055 884 2087 Α-

187 2100 298 2132 thenis
327 2100 493 2139 initiatus,
524 2111 599 2132 cum
623 2107 744 2143 postea
768 2105 884 2137 Roinae

186 2161 250 2192 pro
266 2151 430 2183 tribunali
451 2151 495 2182 de
519 2152 698 2193 privilegio
727 2154 884 2186 sacerdo-

187 2205 257 2232 tum
283 2201 410 2233 Atticae
431 2201 564 2233 Cereris
590 2209 826 2243 cognosceret,
844 2215 884 2237 ac

187 2252 372 2283 secretiora
404 2252 558 2293 quaedam
597 2260 884 2294 proponerentur,

187 2301 323 2333 dimisso
354 2301 511 2341 concilio,
532 2305 568 2332 et
592 2311 714 2334 corona
740 2303 884 2336 circum-

187 2352 362 2390 stantium,
377 2353 479 2391 solus,
494 2353 588 2384 Suet.
611 2358 762 2395 auctore,
777 2356 885 2387 audiit

187 2401 422 2443 disputantes:
439 2411 482 2433 ne
506 2402 608 2434 videl.
626 2405 807 2444 prophanis
823 2406 884 2437 ini-

188 2451 238 2483 tia
265 2453 496 2493 vulgarentur.
539 2453 606 2484 Sed
629 2454 703 2485 haec
727 2465 792 2486 non
807 2461 884 2488 sunt

187 2503 299 2534 Notas
313 2503 505 2535 scribentis.
547 2504 714 2536 Videatur
727 2507 826 2546 plene
842 2508 884 2538 de

186 2552 237 2584 his
251 2553 388 2594 aliisque
401 2553 465 2585 huc
479 2555 727 2594 pertinentibus
738 2557 778 2589 B.
791 2558 884 2588 Bris-

188 2613 261 2635 son.
277 2613 302 2635 1.
319 2604 363 2635 de
380 2605 546 2635 Formulis
566 2609 602 2636 et
623 2606 745 2638 Verbis
769 2607 884 2639 Solen-

188 2654 286 2685 nibus
308 2659 462 2686 veterum
482 2655 615 2688 Romm.
637 2657 778 2690 Modius.
818 2658 884 2690 Au-

188 2714 260 2736 son.
273 2705 436 2737 Paulino:
461 2706 470 2723 ‘
487 2705 554 2737 Sed
572 2711 622 2746 tu,
637 2708 763 2748 juratis
789 2710 884 2741 velut

189 2755 259 2786 alta
286 2755 420 2786 silentia
446 2756 551 2787 sacris
577 2758 733 2789 Devotus
755 2763 884 2800 teneas,

191 2808 320 2843 perstas
351 2804 386 2836 in
419 2805 494 2845 lege
529 2807 691 2838 tacendi.'
734 2808 882 2840 Proinde

190 2853 276 2895 Imp.
293 2853 465 2895 Augustus
488 2854 628 2888 Athenis
644 2857 704 2898 [V.
719 2867 812 2899 supr.
830 2870 882 2892 us-

1553 295 1637 336 713

941 403 1007 434 que
1019 394 1061 424 ad
1093 394 1382 437 ‘vulgarentur’].
1427 398 1520 431 Suet.
1549 398 1637 440 Aug.

938 444 991 473 93.
1039 443 1117 483 Ipsa
1134 454 1234 484 porro
1250 446 1490 486 mysteriorum
1505 449 1639 489 symbo-

939 493 984 532 la,
1001 493 1121 534 quibus
1151 494 1276 526 initiati
1302 505 1338 526 se
1363 496 1508 529 invicem
1533 500 1639 530 inter-

937 544 1137 584 noscebant,
1160 546 1311 585 petenda
1337 552 1417 578 sunt
1439 557 1481 579 ex
1510 549 1640 583 Arnob.

938 603 974 626 v.
1005 594 1112 625 Clem.
1137 594 1237 626 Alex.
1266 595 1365 627 Orat.
1389 597 1568 630 Exhortat.
1595 599 1639 629 ad

939 644 1053 675 Graec.
1080 644 1204 677 Euseb
1232 654 1271 677 rt.
1295 645 1337 677 de
1364 646 1479 687 Praep.
1507 649 1640 689 Evang.

938 698 974 725 et
998 694 1158 725 Materno
1186 695 1334 726 Fit-mico
1364 696 1424 727 lib.
1448 698 1490 728 de
1514 698 1639 730 Errore

937 743 1076 776 Profan.
1094 745 1207 786 Relig.
1233 746 1309 778 Qua
1327 745 1370 776 de
1387 756 1488 777 causa
1511 748 1639 788 Diago-

937 804 1004 834 ras,
1039 804 1114 826 cum
1146 795 1250 827 Initia
1285 800 1443 827 narraret
1472 797 1639 838 omnibus,

938 846 1128 886 evulgaret,
1153 850 1189 877 et
1204 850 1424 886 extenuaret,
1445 852 1481 878 et
1496 857 1564 883 eos,
1581 848 1639 888 qui

938 896 1067 927 initiari
1095 897 1235 936 vellent,
1261 896 1512 938 dehortaretur,
1534 898 1576 929 ab
1593 897 1640 929 A·

938 945 1167 978 theniensibus
1198 956 1294 978 aenea
1328 948 1486 978 columna
1521 953 1639 980 erecta

938 997 1149 1038 proscriptus
1164 1003 1212 1029 est
1227 1008 1234 1028 :
1252 996 1346 1028 Suid.
1370 998 1469 1029 Bern.

980 1048 996 1087 ᾧ
1019 1050 1038 1078 3
1062 1047 1279 1087 sacerdotum]
1308 1047 1586 1088 Eumolpidarum
1603 1051 1639 1079 et

938 1096 1116 1138 Cerycurn.
1149 1097 1304 1138 Thucyd.
1322 1106 1405 1129 vrtr.
1420 1100 1452 1129 9.
1467 1100 1499 1129 2.
1529 1097 1636 1130 Prob.

937 1147 972 1178 in
988 1146 1100 1179 Alcib.
1125 1147 1224 1178 Rern.

980 1198 1154 1238 Devotum]
1179 1199 1224 1229 Et
1247 1198 1344 1229 bonis
1370 1202 1520 1229 exutum.
1565 1198 1638 1229 De-

937 1248 1080 1279 votionis
1112 1248 1320 1289 exemplum,
1363 1257 1430 1289 quo
1478 1247 1638 1278 testatior

937 1303 1030 1330 esset
1054 1300 1228 1338 memoria,
1244 1299 1278 1330 in
1301 1298 1371 1339 pila
1397 1297 1535 1338 lapidea
1559 1297 1640 1329 inci-

937 1359 1024 1388 sum,
1047 1354 1149 1390 atque
1165 1350 1199 1380 in
1215 1348 1353 1389 publico
1378 1348 1538 1389 positum,
1561 1357 1637 1380 esse

937 1400 986 1431 ait
1002 1400 1134 1431 Probus
1148 1400 1182 1430 in
1198 1399 1313 1431 Alcib.
1337 1393 1436 1430 Rem.

980 1450 1041 1490 §4
1070 1450 1161 1481 Ultro
1201 1449 1310 1481 bellum
1345 1448 1477 1488 inferre]
1522 1448 1637 1488 Quod,

937 1500 1068 1532 munita
1094 1510 1113 1531 a
1129 1499 1397 1531 Lacedaemoniis
1418 1499 1557 1530 consilio
1577 1498 1637 1529 Al-

937 1550 1077 1581 cibiadis
1113 1550 1269 1589 Decelia,
1306 1549 1545 1581 ‘Decelicum'
1579 1559 1637 1590 ap-

936 1600 1098 1641 pellatum
1111 1604 1174 1631 est.
1199 1600 1306 1638 Bong.

979 1651 1106 1681 Bellum
1131 1649 1258 1687 inferre.
1305 1649 1374 1684 Quo
1396 1647 1503 1689 facto]
1528 1648 1636 1681 Nimis

935 1699 1010 1731 haec
1028 1703 1105 1730 sunt
1131 1699 1261 1737 brevia,
1288 1702 1322 1729 et
1337 1707 1401 1729 nec
1417 1698 1552 1739 integra
1567 1698 1637 1730 for·

935 1755 1036 1781 tasse.
1085 1749 1126 1780 In
1149 1749 1215 1780 Ms.
1238 1748 1384 1789 quodam
1401 1748 1538 1789 legitur,
1564 1749 1635 1781 bell.

934 1799 1050 1838 inferre
1059 1801 1173 1840 purant
1187 1797 1421 1830 Lacedaemonii.
1456 1798 1556 1830 Quod
1569 1809 1635 1830 non

934 1849 1128 1890 negligenti.
1166 1849 1257 1879 Vera
1271 1857 1417 1888 namque
1438 1848 1518 1880 lect.
1543 1849 1636 1880 vide-

935 1904 990 1931 tur
1003 1900 1051 1931 sic
1064 1909 1100 1930 se
1114 1898 1293 1930 habuisse:
1325 1897 1426 1938 ibique
1437 1908 1539 1937 regem
1557 1899 1634 1931 Lac.

933 1950 1009 1989 imp.
1032 1952 1057 1980 t.
1082 1948 1124 1980 A.
1150 1959 1180 1980 α.
1201 1948 1237 1978 S.
1253 1958 1284 1988 p.
1298 1957 1328 1978 u.
1348 1947 1378 1978 b.
1393 1947 1523 1986 inferre.
1567 1949 1633 1980 Pa-

932 2003 1003 2030 rent
1018 1998 1253 2030 anedaemom'i.
1277 1997 1346 2033 Quo
1354 1996 1523 2037 facto,&c.
1547 1998 1634 2030 Ora-

936 2051 984 2080 tio
1027 2050 1125 2089 longe
1166 2048 1357 2089 elegantior
1401 2048 1634 2090 apertiorque,

934 2109 1033 2140 quam
1062 2100 1207 2139 vulgata,
1232 2098 1266 2129 in
1295 2107 1362 2139 qua
1390 2107 1433 2129 ne
1459 2098 1540 2130 illud
1565 2100 1634 2135 Quo

925 2149 1016 2188 facto
1032 2149 1166 2190 quidem
1183 2147 1286 2179 habet
1301 2157 1367 2189 quo
1393 2148 1472 2178 satis
1488 2158 1634 2181 commo-

935 2199 978 2230 de
1005 2198 1183 2230 referatur.
1227 2198 1415 2238 Ejecerunt
1431 2202 1543 2229 autem
1559 2199 1632 2230 haec

934 2248 1052 2288 verba,
1065 2249 1123 2290 qui
1137 2247 1295 2278 vitiosum
1312 2247 1393 2277 illud
1411 2251 1525 2287 parant
1540 2248 1634 2280 vide-

933 2304 1014 2330 runt
1029 2308 1096 2330 non
1112 2297 1286 2330 cohaerere
1301 2306 1377 2328 cum
1389 2298 1634 2338 superioribus.

934 2348 1039 2388 Schef.

980 2401 997 2441 ξ
1012 2403 1030 2430 5
1056 2398 1170 2430 Omnia
1186 2398 1320 2429 Groecz‘oe
1327 2407 1425 2437 regna
1436 2398 1632 2439 concurr-unt]

933 2450 1088 2491 ‘Regna'
1114 2449 1228 2490 posuit
1240 2448 1332 2480 Just.
1347 2458 1423 2479 cum
1445 2450 1633 2490 ‘respubli-

934 2500 1009 2533 cas'
1026 2500 1131 2530 vellet
1151 2499 1279 2538 dicere,
1296 2507 1323 2529 S.
1338 2498 1514 2530 ‘civitates
1528 2498 1548 2537 ς’
1571 2499 1632 2530 sed

933 2561 1009 2583 cum
1035 2548 1233 2582 ‘civitates’
1271 2548 1361 2587 dico,
1388 2548 1438 2579 ita
1469 2549 1637 2590 intelligo,

933 2606 972 2633 ut
1001 2602 1010 2618 ‘
1025 2600 1151 2632 Civitas
1169 2598 1388 2638 Allobrogum
1403 2598 1422 2629 :’
1443 2599 1525 2630 Sall.
1555 2600 1632 2632 ‘Ci-

932 2652 1023 2682 vitas
1059 2649 1312 2687 Arvernorum,’
1340 2649 1403 2680 &e.
1448 2649 1534 2681 Caes.
1560 2650 1632 2684 Cic.

934 2704 998 2733 &c.
1044 2700 1202 2732 Ceterum
1218 2698 1320 2728 nolim
1334 2707 1388 2729 me
1409 2698 1478 2729 tale
1503 2700 1631 2740 aliquid

932 2752 1100 2783 imitatum
1137 2757 1220 2787 esse,
1255 2747 1354 2788 quale
1380 2747 1434 2778 hic
1462 2748 1630 2782 Justinus.

936 2803 1048 2835 Faber.
1092 2800 1187 2831 Unus
1213 2797 1297 2830 Cod.
1322 2797 1387 2828 Ms.
1404 2807 1502 2839 quem
1520 2799 1630 2840 Bong.

934 2853 1034 2894 vidit,
1060 2849 1226 2883 concurrit.
1271 2847 1370 2880 Unde
1407 2849 1453 2881 id.
1491 2850 1628 2892 legend.
