2101 3419
394 313 478 355 914

398 422 476 449 aute
487 426 548 459 pro
559 418 697 458 portenti
707 417 820 457 religio
830 427 896 449 non
907 417 996 450 bene
1009 419 1092 459 legi-

396 472 452 499 tur
473 479 507 508 Ρ.
521 468 610 499 visio.
655 468 781 507 Religio
807 472 861 499 est
886 468 952 507 hie,
979 479 1094 509 super-

394 518 666 557 stiti0,ntxvr11.
680 521 712 548 6.
734 518 743 534 ‘
759 518 909 549 Cruenta
922 528 1094 551 sacrorum

396 569 538 609 religio!
582 568 683 599 Unde
704 569 868 608 religiosus
882 579 956 609 pro,
979 580 1095 610 super-

396 619 560 657 stitiosus,
574 619 607 649 iu
624 619 681 650 illo
698 623 815 650 vetere
833 629 930 650 versu
945 630 952 650 :
977 621 986 638 ‘
1005 621 1096 651 Reli-

398 674 535 710 gentem
551 679 626 700 esse
648 673 797 709 oportet,
822 670 1015 710 religiosum
1039 681 1096 701 ne-

397 718 449 750 fas
461 719 481 750 z'
506 720 536 751 h.
552 730 582 751 e.
600 720 880 760 superstitiosum.
924 721 980 751 Sic
995 722 1096 752 vicis-

399 770 459 800 sim
475 770 653 810 superstitio
677 769 709 800 in
733 769 854 801 bonam
880 776 1009 811 partem
1033 782 1095 812 pro

398 819 563 859 religione
580 828 711 850 xxxrx.
728 822 760 850 4.
783 821 791 837 ‘
807 819 870 850 His
887 824 937 851 tot
951 821 1096 852 necessi-

399 869 571 899 tudinibus
596 869 764 909 sanguinis
789 869 910 909 adjicit
935 871 1098 910 supersti-

400 919 526 950 tionem
540 919 670 959 templi,
679 929 744 959 quo
755 919 870 950 abdita
881 920 1069 960 profugerit
1079 921 1099 952 ε’

401 980 463 1010 pro
481 979 545 1010 quo
561 970 594 999 in
612 969 687 1000 eod.
702 969 763 1001 lib.
781 979 857 1010 cap.
872 973 901 1001 l.
919 971 1099 1009 religionem

399 1019 507 1060 templi
534 1019 642 1050 dixit:
665 1020 673 1035 ‘
694 1020 776 1050 Cum
792 1020 921 1060 Tyrum
937 1021 1099 1061 religione

402 1072 520 1112 templi
547 1081 582 1102 se
608 1070 809 1103 defensurus
832 1072 1002 1112 petisset!
1027 1082 1099 1104 xm.

403 1124 435 1152 3.
457 1121 499 1152 de
523 1121 680 1152 Parthis:
709 1123 718 1139 ‘
737 1122 776 1152 In
804 1122 1101 1162 superstitionibus

402 1181 441 1202 ac
469 1181 550 1202 cura
576 1172 724 1202 Deorum
751 1172 924 1212 praecipua
953 1173 1102 1204 amnibus

405 1221 581 1252 veneratio
594 1220 615 1252 :¹
645 1221 677 1252 h.
694 1231 725 1253 e.
742 1222 773 1251 iu
790 1222 829 1252 iis
854 1232 927 1262 quae
945 1223 1103 1262 religiose

405 1272 531 1311 colunt,
547 1281 586 1302 ac
600 1281 661 1311 pro
675 1272 748 1302 Diis
762 1272 885 1303 habent
898 1277 932 1303 et
943 1283 1103 1304 veneran-

406 1326 473 1360 tur,
500 1322 671 1362 praecipuc
696 1326 774 1352 sunt
798 1321 901 1353 fluvii.
947 1322 1014 1353 Sed
1040 1323 1105 1354 alia

406 1383 537 1414 quoque
555 1373 623 1414 huj.
639 1374 785 1405 notionis
804 1375 962 1415 exempla
977 1380 1055 1406 sunt
1072 1376 1105 1406 in

407 1428 556 1463 promtu.
583 1424 689 1455 Groev.

450 1475 468 1514 ξ
492 1476 510 1504 3
538 1474 738 1504 Naturalium
768 1474 918 1514 siderum]
956 1475 1042 1506 Solis
1072 1479 1108 1506 et

410 1525 526 1561 Lunae,
554 1524 602 1555 ita
626 1523 649 1555 f.
673 1524 854 1564 dictorum,
882 1525 970 1566 quod
996 1535 1109 1556 rerum

410 1579 564 1604 naturam
594 1575 739 1605 maxime
769 1574 885 1605 fovere
913 1575 1108 1605 credantur.

412 1624 596 1654 Rerneccer.
643 1625 814 1654 Naturalitt
829 1624 932 1655 siam-a
944 1635 1018 1665 quae
1032 1625 1112 1663 sint,

410 1682 522 1712 uerno,
539 1673 872 1713 credo,explical›it;
896 1683 1005 1714 neque
1023 1674 1111 1704 enim

411 1723 478 1753 alia
493 1727 583 1753 astra
599 1728 689 1759 sunt,
703 1734 777 1764 quae
791 1733 855 1753 uon
873 1724 1041 1754 naturalia
1057 1734 1113 1754 vo-

412 1782 489 1803 care
507 1773 624 1812 possis.
671 1773 763 1811 Lego
786 1772 923 1812 desectus
946 1775 1114 1811 natm-alm,

414 1823 435 1853 i.
453 1832 484 1853 e.
501 1823 557 1863 qui
582 1823 691 1853 causis
715 1823 922 1854 naturalibus
947 1824 1113 1855 nituntur.

418 1873 527 1904 Faber.
558 1872 633 1903 Hoc
646 1873 834 1903 naturalium
846 1873 924 1903 mihi
937 1873 1032 1904 valde
1045 1884 1116 1904 sus·

416 1931 566 1963 pectinu,
590 1923 683 1964 quasi
702 1923 769 1953 siut
794 1927 829 1953 et
851 1923 962 1953 sidera
979 1933 1043 1953 nou
1060 1933 1116 1954 na-

415 1973 548 2003 turalia.
596 1973 684 2004 Num
702 1972 839 2012 scripsit
857 1973 983 2003 Noster
998 1977 1117 2004 nataroe

417 2023 577 2062 luminum,
595 2023 746 2062 aliusque
764 2022 797 2052 id
811 2023 968 2062 exposuit
985 2032 1057 2062 per,
1074 2024 1116 2054 si-

417 2072 549 2111 derum,
576 2077 609 2102 et
627 2076 739 2111 potest
764 2072 846 2102 illud
870 2073 1017 2103 luminum
1038 2083 1117 2104 con-

418 2127 527 2154 tracte
543 2123 705 2163 scriptum
730 2122 832 2153 fuisse
848 2124 943 2162 laum,
969 2129 1044 2163 post
1061 2125 1118 2155 ad-

413 2173 572 2213 junctum
590 2182 664 2203 esse
680 2172 753 2203 voci
768 2172 911 2205 manroe?
956 2175 1072 2213 Certe,
1093 2175 1118 2205 si

419 2227 472 2253 est
500 2222 670 2254 retinend.
696 2223 898 2262 naturalium,
927 2229 1041 2263 putem
1069 2225 1119 2256 ita

419 2273 514 2304 dicta
540 2274 572 2303 in
597 2273 753 2313 opposito
776 2273 818 2303 ad
841 2278 1004 2313 cometas,
1030 2280 1064 2305 et
1085 2274 1118 2304 id

422 2332 538 2363 genus,
564 2323 653 2363 ipsos
681 2333 814 2364 quoque
842 2324 929 2354 soles
957 2324 1120 2364 lunasque

421 2379 636 2414 apparentes,
662 2376 778 2415 quales
794 2375 957 2406 hacteuus
975 2375 1120 2416 intelligi

423 2429 563 2464 possunt
581 2434 648 2454 uon
666 2425 850 2464 naturales,
875 2434 939 2455 non
963 2425 1052 2465 quod
1073 2425 1122 2457 fo-

425 2479 525 2505 veant
540 2479 703 2505 naturam.
727 2474 831 2512 Schef.

469 2526 652 2565 Certumque
666 2525 745 2565 esse]
770 2526 850 2565 Leg.
877 2529 994 2557 certum
1020 2527 1123 2567 itaque

424 2584 499 2606 esse.
548 2575 633 2605 Nam
650 2576 899 2615 argumentatio
916 2581 979 2607 est.
1006 2576 1080 2608 Fab.

466 2624 674 2665 Adversisque
698 2624 787 2655 rebus
807 2625 884 2665 suis]
915 2626 1031 2658 Jnntae
1060 2636 1124 2657 una

423 2684 507 2705 voce
535 2676 723 2706 auctiores:
751 2675 907 2706 laboribus
932 2677 1126 2717 adversisque

423 2725 514 2755 rebus
525 2725 599 2755 suis.
635 2724 804 2756 Laboribus
813 2729 876 2765 est,
886 2726 993 2765 malis,
1005 2735 1125 2757 aerum·

425 2775 488 2806 nis.
535 2775 608 2805 Cic.
625 2783 650 2806 1.
668 2775 760 2805 Fam.
777 2778 809 2806 9.
835 2779 843 2792 ‘
858 2775 962 2815 Cujus
980 2784 1062 2815 erga
1072 2784 1125 2806 me

425 2825 628 2864 singularem
656 2824 924 2856 benevolentiam
947 2826 1000 2855 vel
1024 2825 1057 2856 in
1081 2826 1127 2856 la-

427 2874 507 2905 boro
526 2883 599 2905 mco
614 2875 666 2905 vol
681 2874 852 2906 inhonore
865 2875 1049 2916 perspexi!
1073 2875 1125 2908 Id.

851 325 988 356 NOTAE
1022 326 1284 357 VARloRUM
1319 328 1369 357 IN

1143 429 1198 452 ιιι.
1214 423 1265 452 10.
1289 421 1298 438 ‘
1319 420 1497 462 Multaque
1514 420 1592 452 mihi
1609 420 1786 453 veniebant
1801 422 1836 453 in

1141 474 1303 508 mentem,
1328 470 1544 510 quamobrem
1565 471 1668 501 istum
1686 471 1837 503 laborem

1144 520 1206 550 tibi
1223 520 1322 550 etiam
1336 521 1452 551 honori
1469 524 1623 560 putarem
1639 520 1733 552 fore!
1776 522 1839 553 Te-

1144 573 1231 600 rent.
1248 568 1355 600 Andr.
1371 579 1403 600 v.
1420 572 1451 600 2.
1496 571 1505 587 ‘
1521 570 1642 601 Nonne
1656 575 1689 601 te
1702 570 1841 602 miseret

1143 619 1209 649 mei
1224 623 1355 650 tantum
1377 620 1524 650 laborem
1540 629 1662 660 capere
1677 620 1720 651 ob
1736 621 1840 651 talem

1144 668 1245 699 filium
1259 669 1281 698 ?‘
1326 670 1406 700 Vid.
1434 670 1480 700 ibi
1507 671 1694 703 Donatum.
1745 671 1841 711 Virg.

1145 719 1218 750 AEn.
1236 727 1285 749 lv.
1308 719 1316 736 ‘
1334 719 1429 750 Iliaci
1446 719 1596 750 labores’
1612 725 1689 751 sunt
1706 721 1842 752 calami-

1145 771 1232 798 tates
1255 768 1488 808 Trojanorum.
1512 769 1704 801 Horat.111.
1733 771 1771 802 C.
1787 773 1841 802 14.

1146 818 1155 835 ‘
1175 816 1366 849 Defunctus
1382 818 1574 849 laboribus.'
1598 820 1704 851 Groev.

1191 869 1243 908 §4
1278 868 1383 898 Nares
1406 869 1527 899 incendi
1544 869 1651 909 jubet]
1687 869 1740 901 Id.
1765 870 1843 902 eod.

1148 917 1284 947 consilio
1300 916 1413 948 fecere
1431 918 1602 959 Corcyraei
1618 929 1672 960 ap.
1687 920 1843 961 Thucyd.

1149 978 1207 999 111.
1233 972 1283 1000 13.
1298 972 1351 1001 22.
1396 970 1471 1001 Nec
1494 969 1666 1001 dissimilia
1692 971 1767 1003 Liv.
1792 979 1845 1003 lx.

1149 1021 1203 1049 23.
1228 1019 1308 1049 item
1327 1028 1406 1050 xx1.
1432 1022 1486 1051 43.
1509 1024 1543 1050 et
1567 1023 1620 1051 44.
1642 1020 1723 1051 item
1748 1029 1845 1052 xuv.

1152 1071 1202 1099 10.
1229 1071 1260 1100 8.
1306 1069 1473 1109 Britanni,
1496 1071 1504 1087 ‘
1522 1069 1673 1109 obseptis
1699 1069 1847 1111 effugiis,

1152 1118 1256 1149 multa
1268 1122 1303 1148 et
1315 1119 1406 1149 clara
1418 1119 1569 1150 facinora
1580 1119 1740 1152 edidere.’
1764 1121 1847 1152 Tae.

1154 1176 1220 1198 xu.
1236 1171 1288 1199 31.
1325 1168 1492 1200 Nimirum
1516 1171 1525 1187 ‘
1544 1171 1620 1201 Una
1634 1171 1721 1201 salus
1737 1170 1849 1210 victis,

1153 1218 1276 1249 nullam
1293 1227 1430 1259 sperare
1447 1219 1621 1251 salutem?
1643 1220 1763 1261 Virgil.
1775 1220 1850 1252 AEn.

1154 1278 1195 1300 11.
1212 1272 1286 1301 354.
1329 1268 1419 1300 Add.
1434 1280 1507 1311 sup.
1524 1279 1549 1302 1.
1563 1274 1594 1301 6.
1610 1273 1662 1302 10.
1686 1275 1720 1302 et
1735 1279 1799 1302 xx.
1816 1272 1848 1301 3.

1154 1321 1186 1349 4.
1210 1319 1308 1350 Rern.

1200 1369 1248 1408 §5
1276 1369 1528 1409 Prosternerent]
1561 1369 1736 1401 Scribend.
1761 1370 1852 1401 vide-

1158 1422 1213 1449 tur
1227 1423 1431 1459 protererent.
1463 1429 1566 1450 xxrv.
1581 1423 1612 1452 4.
1633 1420 1643 1437 ‘
1659 1420 1726 1451 Alii
1739 1422 1854 1453 Mace·

1157 1469 1303 1509 doniam,
1316 1470 1425 1501 omnia
1441 1469 1533 1501 ferro
1546 1476 1773 1512 proterentes,
1795 1481 1853 1512 pe-

1157 1520 1288 1552 tivere.’
1313 1521 1420 1552 Groev.

1203 1569 1334 1609 Hanno]
1368 1571 1413 1601 Et
1436 1569 1629 1610 Βορμίλκαςε
1664 1570 1769 1603 Diod.
1788 1581 1854 1603 xx.

1161 1623 1213 1651 10.
1230 1620 1287 1661 qui
1303 1619 1444 1651 Auctori
1461 1626 1576 1652 nostro
1593 1621 1717 1652 dicitur
1731 1621 1857 1652 Bomil-

1162 1680 1231 1710 car,
1256 1675 1314 1702 aut
1343 1671 1524 1703 Vomilcar.
1568 1672 1774 1703 Habuerunt
1800 1681 1856 1702 au-

1163 1727 1232 1753 tem
1248 1723 1279 1753 in
1297 1724 1450 1754 exercitu
1464 1727 1516 1755 40.
1530 1724 1580 1755 M.
1595 1724 1758 1764 peditum,
1769 1723 1860 1764 equi-

1163 1777 1214 1803 tes
1237 1773 1340 1804 mille.
1385 1773 1489 1804 Diod.
1513 1774 1560 1805 ib.
1583 1774 1682 1805 Oros.
1705 1774 1772 1805 Ms.
1798 1782 1859 1814 pro

1167 1833 1257 1855 xxx.
1274 1824 1323 1854 M.
1341 1824 1444 1854 habet
1465 1824 1593 1864 viginti,
1614 1828 1650 1855 et
1675 1824 1724 1855 ita
1740 1834 1824 1854 unus
1839 1833 1858 1855 e

1165 1875 1300 1904 nostris.
1347 1875 1420 1904 Nec
1436 1875 1541 1914 magis
1563 1874 1596 1904 in
1615 1884 1777 1905 caesorum
1799 1883 1860 1904 nu-

1166 1933 1259 1954 mero
1284 1923 1499 1955 conveniunt.
1545 1923 1699 1963 Orosius,
1725 1922 1781 1964 qui
1807 1933 1861 1954 ee-

1167 1977 1239 2003 tcra
1254 1973 1332 2003 hinc
1351 1973 1606 2012 transcripsisse
1624 1973 1769 2010 videtur,
1794 1972 1861 2002 duo

1166 2023 1215 2052 M.
1242 2022 1436 2061 Poenorum,
1465 2022 1594 2052 Siculos
1619 2022 1726 2053 duos:
1762 2022 1862 2053 Diod.

1169 2081 1232 2102 xx.
1246 2075 1296 2102 13.
1313 2073 1443 2103 illorum
1458 2073 1559 2112 mille,
1569 2073 1685 2103 borum
1699 2072 1864 2103 ducentos

1168 2121 1332 2152 cecidisse
1347 2122 1474 2152 scribit.
1498 2122 1600 2160 Bong.

1212 2172 1229 2211 ξ
1253 2173 1272 2200 8
1307 2171 1438 2201 Praedas
1460 2171 1601 2210 ingentes
1625 2171 1708 2211 agit]
1747 2171 1864 2202 Plaut.

1171 2219 1282 2253 Aulul.
1300 2230 1348 2251 iv.
1366 2224 1395 2251 2.
1411 2224 1442 2251 3.
1465 2222 1474 2237 ‘
1494 2221 1622 2261 Edepol
1639 2231 1689 2251 nae
1707 2221 1774 2251 illic
1792 2222 1865 2261 pul·

1170 2270 1285 2300 cbram
1312 2271 1459 2310 praedam
1492 2271 1597 2311 agat)
1654 2271 1727 2303 Liv.
1755 2280 1779 2302 1.
1810 2273 1865 2302 22.

1168 2321 1177 2337 ‘
1197 2322 1297 2352 Forte
1314 2322 1440 2358 evenit,
1457 2326 1492 2353 ut
1508 2326 1656 2361 agrestes
1668 2322 1810 2352 Romani
1823 2332 1866 2352 cx

1171 2370 1303 2402 Albano
1321 2381 1411 2411 agro,
1428 2371 1549 2402 Albani
1563 2381 1603 2401 ex
1620 2373 1768 2402 Romano
1781 2381 1868 2412 prae-

1171 2422 1230 2452 das
1256 2422 1398 2452 invicem
1421 2428 1560 2461 agerent
1573 2422 1592 2452 :’
1624 2427 1659 2452 et
1676 2431 1787 2453 xxm.
1812 2424 1866 2452 36.

1170 2473 1179 2489 ‘
1198 2472 1375 2502 Exercitus
1403 2476 1560 2512 tyronum
1587 2473 1732 2511 spolians
1760 2472 1869 2503 victos

1172 2522 1368 2562 praedasque
1385 2521 1511 2561 agens!
1537 2522 1670 2552 Gronov.
1715 2521 1803 2552 Saxo
1819 2531 1869 2552 Vl.

1174 2582 1208 2613 p.
1224 2575 1276 2603 97.
1293 2570 1317 2602 f.
1342 2573 1351 2589 ‘
1366 2572 1528 2612 Ingentes
1545 2571 1678 2612 praedas
1694 2580 1796 2611 agere
1813 2571 1871 2602 ho-

1174 2622 1316 2654 nestatis
1333 2622 1408 2653 loco
1423 2626 1577 2653 curatum
1593 2620 1675 2653 est.'·
1714 2622 1798 2661 Leg.
1812 2631 1870 2661 pu-

1173 2676 1274 2704 tatum
1289 2676 1345 2703 est.

1219 2724 1271 2763 §9
1297 2724 1410 2753 Castra
1429 2722 1533 2761 quinto
1556 2720 1671 2761 lapide]
1693 2719 1872 2751 Assentior

1176 2772 1360 2810 Gronovio,
1371 2772 1481 2812 quiex
1498 2772 1579 2801 Mss.
1591 2771 1711 2811 probat
1723 2771 1755 2801 in
1767 2770 1872 2810 quinto

1175 2822 1288 2861 lapide.
1324 2821 1402 2852 Vid.
1422 2830 1443 2852 ι.
1460 2821 1501 2851 (le
1519 2821 1646 2852 Pecun.
1659 2821 1737 2851 Vet.
1753 2822 1784 2850 3.
1802 2819 1871 2850 Ad-

1177 2873 1379 2914 stipulantur
1395 2873 1520 2905 Juntae.
1546 2871 1652 2903 Groev.
1699 2870 1874 2911 Antiquio-
