2174 3424
526 327 611 370 654

522 433 639 464 salvum
653 435 741 473 esset,
753 432 782 464 si
795 431 904 471 furari
918 430 1051 465 liceret?
1072 432 1218 464 Haerent

522 482 578 512 hic
608 481 670 513 viri
696 482 821 513 eruditi
849 483 922 514 sine
958 492 1083 514 caussa.
1127 483 1218 513 Nam

521 532 604 562 inter
626 533 729 573 sylvas
752 532 964 563 Latinissime
993 532 1060 563 dici
1088 542 1161 572 pro,
1182 531 1217 562 in

522 582 638 623 sylvis,
657 592 723 613 non
746 586 829 623 puto
850 582 1012 623 exemplis
1027 583 1090 613 hoc
1105 582 1217 613 decla-

522 632 616 663 rand.
641 642 716 663 curn
739 632 837 664 obvia
858 632 926 664 sint
948 636 983 664 et
1005 633 1098 664 trita.
1142 632 1217 663 Nec

520 682 647 714 frustra
661 683 743 714 inter
757 684 858 723 sylvus
873 683 1020 714 additur.
1049 682 1140 716 Quid
1156 683 1216 713 sal-

522 742 600 763 vum
616 737 717 772 esset,
733 733 759 763 si
775 732 878 764 furari
900 733 1032 774 liceret,
1053 743 1128 765 cum
1144 733 1217 764 sine

520 786 615 814 tecto
645 783 916 825 munimentoque
945 783 979 814 in
1007 784 1109 824 sylvis
1141 793 1217 824 per-

520 837 625 873 petuo
635 833 762 873 degant
775 842 849 864 cum
862 833 1056 874 pecoribus,
1067 834 1100 864 in
1112 833 1217 874 sylvis,

520 884 670 924 inquam,
684 883 717 914 in
734 883 852 924 quibus
877 882 1010 915 facilius
1034 882 1125 914 fures
1142 893 1217 924 pos-

519 938 600 964 sunt
623 934 743 973 latere,
766 939 801 965 et
824 934 967 974 grassari
990 934 1118 965 minore
1142 944 1218 965 cum

519 983 672 1024 periculo
685 983 718 1014 in
732 983 800 1014 illic
812 984 983 1024 agentium
993 983 1081 1014 bona
1094 984 1105 1014 ?
1126 984 1217 1015 Hinc

521 1042 653 1073 semper
669 1034 771 1074 sylvae
786 1039 822 1065 et
834 1034 901 1065 luci
915 1033 1053 1065 fuerunt
1065 1038 1218 1075 recepta-

521 1083 596 1114 cula
628 1083 806 1123 latronum,
831 1084 974 1115 aliorum
998 1083 1216 1115 facultatibus

520 1138 557 1163 et
574 1132 652 1164 vitae
669 1133 910 1166 insidiantium.
944 1134 1135 1176 Propterea
1150 1135 1217 1165 cal-

517 1182 601 1212 lium
618 1186 653 1213 et
668 1183 814 1214 saltuum
838 1194 921 1215 cura
943 1185 1101 1215 Romanis
1125 1193 1216 1215 man-

519 1232 666 1264 dabatur
685 1234 947 1273 magistratibus.
993 1234 1078 1265 Haec
1101 1234 1215 1275 itaque

517 1282 623 1313 verba
637 1283 720 1314 iuter
734 1284 836 1324 syleas
851 1288 976 1324 augent
991 1284 1025 1315 id
1042 1284 1127 1325 quod
1142 1285 1215 1315 dix-

518 1337 605 1372 erat,
619 1332 761 1373 Scythas
777 1343 841 1364 non
857 1333 974 1374 furari,
997 1334 1149 1375 quamvis
1165 1333 1215 1364 fu-

516 1385 614 1416 randi
626 1384 809 1416 fenestram
824 1386 916 1426 quasi
931 1385 1088 1425 aperiant
1100 1384 1215 1425 sylvae,

516 1437 552 1466 in
570 1436 688 1477 quibus
704 1446 778 1467 cum
796 1435 977 1476 pecoribus
1001 1435 1116 1466 vivant
1130 1444 1215 1465 sem-

517 1496 580 1526 per
609 1486 679 1517 sine
710 1486 777 1517 ullo
806 1490 898 1517 tecto
927 1490 963 1516 et
998 1484 1215 1516 munimento.

517 1537 602 1567 Mss.
634 1545 767 1577 quoque
801 1540 870 1566 tres
908 1534 1008 1576 Angl.
1037 1534 1216 1566 stabiliunt

514 1587 602 1616 lianc
618 1586 834 1626 scripturam,
860 1586 1008 1626 quamvis
1022 1585 1102 1615 inter
1116 1584 1216 1624 sylvas

516 1646 582 1667 non
598 1637 646 1667 his
670 1636 778 1667 verbis
798 1636 934 1676 adjecta
950 1636 1029 1673 sint,
1046 1634 1105 1666 sed
1121 1643 1213 1675 seqq.

514 1688 572 1718 Sic
609 1687 697 1718 enim
728 1687 762 1717 in
800 1686 865 1717 illis
896 1691 1014 1717 extare
1044 1689 1215 1716 testantur

516 1736 652 1768 Oxonn.
663 1737 729 1767 sine
738 1739 762 1766 t.
774 1737 1017 1776 munimentoque
1023 1745 1088 1775 pec.
1096 1738 1126 1766 et
1137 1745 1214 1766 arm.

515 1786 584 1818 hab.
601 1787 674 1827 quid
687 1787 744 1817 sal.
766 1787 849 1818 inter
869 1787 972 1827 sylvas
986 1789 1165 1827 superesset,
1187 1786 1216 1816 si

507 1836 561 1874 fu.
597 1837 630 1867 li.
676 1837 721 1867 Et
755 1846 836 1867 sane
872 1837 946 1867 haec
984 1845 1116 1877 quoque
1148 1844 1214 1865 non

513 1891 630 1926 potest
658 1886 807 1917 damnari
830 1886 943 1925 lectio,
969 1885 1119 1926 quamvis
1142 1885 1214 1916 illo·

514 1945 588 1966 rum
605 1935 680 1966 libr.
695 1945 778 1976 quos
796 1934 873 1967 Ald.
890 1940 926 1966 et
940 1935 1037 1966 Juut.
1061 1939 1140 1966 sunt
1163 1944 1213 1966 se-

512 1985 596 2024 cuti,
618 1985 662 2016 sit
685 1985 883 2025 elegantior.
912 1985 1020 2015 Groev.
1057 1984 1214 2024 Antiqui-

514 2045 590 2066 ores
613 2034 699 2066 Edd.
721 2035 818 2066 Junt.
836 2034 941 2065 Bech.
967 2034 1124 2074 aliaeque,
1147 2034 1212 2064 sine

512 2090 537 2117 t.
560 2085 818 2125 munimentoque:
843 2084 933 2125 quod
956 2085 1062 2124 magis
1085 2085 1211 2124 placet.

514 2137 623 2167 Porro
641 2145 701 2176 pro
717 2136 790 2175 quid
801 2135 857 2166 sal.
871 2138 961 2175 esset,
977 2135 1082 2174 Bong.
1099 2134 1212 2165 edide-

514 2192 568 2218 rat
582 2187 657 2227 quid
671 2187 753 2217 inter
774 2186 867 2217 silvas
886 2189 1064 2226 superesset.
1111 2185 1212 2218 Quod

515 2237 599 2268 adeo
616 2246 681 2267 non
699 2236 878 2277 probatum
902 2235 968 2266 fuit
988 2237 1212 2275 Berneccero,

512 2293 551 2319 nt
571 2288 608 2318 τὸ
630 2289 712 2319 inter
736 2289 828 2319 silvas
851 2297 987 2328 prorsus
1009 2287 1210 2319 eliminaret.

512 2339 638 2369 Verum
655 2338 835 2378 genuinum
852 2338 935 2369 illud
959 2338 1108 2379 satisque
1124 2347 1212 2369 com-

513 2388 648 2418 modum
664 2397 750 2428 esse,
762 2387 942 2419 dummodo
955 2388 1043 2418 inter
1059 2387 1212 2427 proxime

512 2438 745 2478 praecedentia
773 2438 949 2476 consistat,
975 2437 1124 2468 ostendit
1146 2436 1210 2467 Ed.

512 2489 609 2520 Junt.
628 2498 715 2529 quae,
737 2492 775 2518 ut
791 2487 832 2519 cl.
851 2488 966 2518 Graev.
991 2490 1149 2525 testatur,
1164 2486 1212 2517 sic

512 2538 639 2569 habet:
673 2538 736 2568 sine
764 2541 788 2568 t.
817 2537 1062 2577 munimentoque
1089 2546 1153 2576 pec.
1181 2538 1212 2566 et

512 2597 590 2617 arm.
620 2588 700 2618 iuter
717 2588 812 2618 silvas
831 2587 899 2617 hub.
927 2588 1001 2627 quid
1026 2587 1082 2617 sal.
1107 2584 1212 2618 esset?

512 2638 628 2668 Vorst.
654 2638 761 2677 Bong.
779 2647 821 2668 ex
838 2638 921 2668 Mss.
946 2647 1007 2677 pro
1028 2637 1080 2667 his
1097 2636 1211 2667 edide-

513 2692 578 2725 rat,
593 2687 665 2727 quid
680 2687 762 2718 iuter
776 2688 872 2718 silvas
886 2690 1066 2727 superesset.
1093 2686 1209 2718 Graev.

513 2736 660 2776 reponit,
680 2747 745 2777 pec.
770 2741 799 2768 et
822 2748 899 2769 arm.
922 2738 1005 2768 inter
1026 2737 1120 2768 silvas
1141 2736 1211 2768 hab.

512 2785 584 2824 quid
596 2787 650 2816 sal.
666 2790 764 2817 esset:
788 2787 876 2827 quod
891 2792 926 2818 et
942 2787 1077 2818 Vorstio
1094 2786 1212 2826 proba·

514 2840 580 2865 tur.
607 2835 654 2865 At
670 2846 733 2875 ego
751 2837 870 2867 vellem
888 2835 1138 2877 respondissent
1153 2836 1211 2866 ob—

508 2885 652 2924 jectioni
668 2886 958 2927 Berneccerianae,
975 2886 1032 2928 qui
1046 2885 1129 2918 dicit
1144 2894 1210 2916 non

986 338 1127 369 NOTAE
1163 338 1424 369 VARIORUM
1458 338 1510 368 IN

1266 441 1309 463 ex
1324 441 1365 463 eo
1382 431 1465 463 nihil
1488 430 1635 472 potuisse
1659 429 1743 461 salvi
1766 437 1853 468 esse,
1875 427 1966 470 quod

1265 482 1430 513 haberent
1446 491 1569 523 pecora
1589 481 1677 512 inter
1693 480 1804 518 silvas,
1826 479 1886 510 sed
1909 488 1966 520 ge-

1266 533 1426 572 neratim,
1456 532 1546 573 quod
1575 532 1737 562 haberent
1762 531 1833 561 sine
1860 529 1968 560 muni-

1265 587 1393 622 mento,
1423 587 1458 614 et
1487 583 1611 614 iccirco
1640 581 1725 612 illud
1754 581 1837 612 inter
1870 581 1966 611 silvas

1267 633 1409 665 otiosum
1425 642 1510 663 esse.
1541 632 1654 672 Addo,
1670 631 1758 673 quod
1770 641 1813 663 ne
1830 631 1966 672 quidem

1267 683 1348 714 satis
1363 681 1536 713 commode
1552 682 1686 713 dicatur
1699 691 1777 712 arm.
1795 682 1904 713 habere
1918 683 1968 713 in-

1267 735 1315 763 ter
1335 733 1439 771 silvas,
1462 741 1534 772 pro,
1558 732 1591 762 in
1614 732 1716 763 silvis.
1761 731 1848 762 Mihi
1863 732 1966 764 lectio

1266 783 1444 823 Bongarsii
1466 782 1600 813 videtur
1624 782 1766 823 optima,
1789 782 1847 813 sed
1863 783 1966 822 paulo

1265 832 1365 863 aliter
1383 832 1599 872 explicanda,
1624 841 1722 873 quam
1746 836 1889 872 accepta
1912 835 1968 863 est

1267 891 1286 912 a
1313 882 1479 913 Bernecc.
1509 882 1610 913 videl.
1641 886 1680 913 ut
1704 882 1796 913 illud'
1814 892 1967 922 superesse

1265 941 1331 963 non
1348 932 1573 972 intelligamus
1589 932 1801 972 simpliciter,
1813 932 1873 963 sed
1889 942 1966 964 cum

1266 986 1426 1022 respectu
1449 982 1491 1012 ad
1515 983 1653 1023 victum,
1673 992 1772 1024 quem
1798 983 1873 1014 vult
1893 983 1966 1014 nul-

1265 1033 1333 1063 lum
1351 1033 1499 1073 potuisse
1515 1032 1650 1073 habere,
1671 1033 1698 1063 si
1714 1032 1806 1064 furta
1819 1032 1965 1064 fuissent

1260 1081 1464 1123 frequentia,
1489 1087 1525 1114 et
1554 1082 1651 1114 addit
1676 1083 1856 1122 rationem,
1884 1083 1964 1123 quia

1265 1134 1466 1165 habitabant
1481 1134 1563 1165 inter
1578 1134 1684 1173 silvas,
1709 1133 1767 1164 ubi
1791 1133 1882 1164 nulla
1899 1133 1965 1163 alia

1265 1185 1434 1216 dabantur
1447 1185 1620 1224 alimenta,
1637 1193 1734 1225 quam
1751 1193 1793 1214 ex
1809 1183 1888 1214 solis
1905 1192 1964 1223 pe-

1265 1235 1413 1268 coribns.
1459 1236 1507 1266 Ut,
1529 1235 1608 1276 quid
1626 1235 1694 1266 tale
1711 1234 1857 1265 voluisse
1874 1233 1963 1264 Nos-

1264 1291 1353 1318 trum
1376 1286 1524 1325 credam,
1539 1285 1623 1316 facit
1638 1284 1725 1325 quod
1750 1285 1783 1315 in
1806 1284 1891 1314 Mss.
1916 1283 1964 1314 le-

1265 1344 1377 1378 gatur,
1390 1347 1457 1377 pec.
1472 1341 1501 1367 et
1517 1346 1593 1367 arm.
1610 1339 1640 1366 et
1655 1336 1800 1375 alimenta
1821 1333 1892 1365 hab.
1909 1333 1963 1364 vel

1261 1397 1328 1427 pec.
1343 1390 1374 1418 et
1387 1387 1533 1417 alimenta
1548 1385 1617 1415 hab.
1633 1385 1738 1425 liquet
1754 1383 1856 1423 enim,
1876 1392 1963 1423 prae-

1265 1437 1408 1468 cessisse
1420 1436 1498 1477 quid
1511 1436 1552 1467 de
1563 1434 1746 1472 alimentis,
1755 1433 1844 1475 quod
1853 1438 1967 1465 osten-

1264 1486 1354 1517 derit
1372 1496 1437 1517 non
1454 1485 1603 1526 potuisse
1626 1495 1666 1516 ea
1688 1484 1804 1515 haberi
1820 1483 1963 1514 sublatis

1265 1536 1445 1576 pecoribus
1472 1536 1506 1566 in
1535 1535 1601 1566 ista
1627 1535 1788 1565 silvarum
1814 1533 1963 1564 feritate.

1264 1585 1364 1617 Unde
1380 1595 1514 1626 quoque
1538 1589 1654 1625 putem
1669 1584 1778 1615 locum
1795 1588 1901 1615 totum
1917 1583 1964 1614 ita

1265 1646 1340 1667 esse
1370 1634 1541 1667 scribeud.
1575 1635 1687 1675 quippe
1714 1634 1781 1665 sine
1807 1637 1831 1665 t.
1862 1633 1964 1664 muni-

1263 1689 1421 1726 mentoque
1453 1695 1519 1725 pec.
1549 1688 1580 1715 et
1610 1695 1685 1716 arm.
1720 1685 1866 1715 alimenta
1894 1684 1964 1715 hab.

1264 1736 1337 1776 quid
1352 1736 1435 1766 inter
1456 1736 1548 1766 silvas
1565 1738 1746 1775 superesset,
1771 1735 1799 1765 εἰ
1820 1733 1889 1773 fur.
1912 1734 1963 1765 lic.

1265 1786 1451 1825 Eleganter
1473 1795 1550 1816 arm.
1573 1785 1715 1815 habentes
1735 1784 1820 1815 alim.
1844 1783 1887 1814 de
1909 1783 1963 1822 iis,

1263 1836 1319 1876 qui
1336 1845 1460 1875 pecora
1483 1844 1542 1865 sua
1565 1839 1600 1866 et
1623 1838 1775 1865 armenta
1798 1833 1963 1864 adhibent

1263 1885 1296 1916 in
1316 1885 1488 1924 alimenta,
1513 1885 1570 1925 qui
1595 1884 1757 1915 alimenta
1779 1893 1820 1914 ex
1841 1884 1882 1915 iis
1906 1893 1963 1914 ca·

1263 1936 1371 1977 piunt.
1397 1935 1503 1974 Schef.

1305 1986 1321 2026 §
1344 1988 1363 2016 7
1386 1987 1506 2016 Aurum
1522 1988 1554 2016 et
1567 1988 1732 2024 argentum
1752 1995 1813 2016 non
1832 1985 1961 2024 perinde

1261 2034 1478 2075 aspernantur]
1504 2034 1559 2065 Ita
1570 2035 1667 2065 Vett.
1679 2043 1806 2065 omnes.
1821 2035 1901 2065 Tac.
1917 2033 1962 2064 de

1263 2084 1454 2124 Germanis,
1479 2094 1554 2124 cap.
1572 2088 1603 2115 5.
1627 2084 1636 2101 ‘
1653 2083 1898 2123 Possessione,'
1913 2084 1963 2115 in-

1262 2135 1347 2176 quit,
1370 2135 1379 2151 ‘
1395 2138 1431 2165 et
1453 2132 1513 2165 usu
1536 2134 1626 2173 [auri
1645 2139 1681 2164 et
1705 2134 1855 2174 argenti]
1879 2134 1962 2166 haut

1262 2185 1404 2225 perinde
1430 2183 1648 2215 afficiuntur!
1670 2184 1828 2223 Bongars.
1874 2183 1960 2215 Edd.

1261 2235 1414 2276 quaedam
1430 2238 1514 2266 vett.
1536 2238 1572 2265 et
1595 2243 1614 2264 e
1637 2233 1746 2274 Bong.
1764 2234 1847 2264 Mss.
1864 2242 1962 2273 unus,

1261 2284 1286 2316 f.
1303 2285 1436 2323 melius,
1450 2293 1518 2325 per.
1540 2294 1605 2324 asp.
1620 2293 1655 2315 ac
1667 2293 1694 2314 r.
1709 2294 1750 2315 m.
1766 2294 1795 2315 a.
1839 2283 1959 2316 Qualis

1262 2334 1439 2366 antithesis
1463 2340 1515 2365 est
1537 2334 1639 2365 etiam
1663 2334 1700 2365 L.
1717 2343 1740 2365 1.
1765 2334 1803 2365 C.
1829 2333 1957 2365 Theod.

1261 2385 1304 2416 de
1319 2384 1454 2416 Annon.
1471 2390 1506 2416 et
1524 2384 1639 2415 tribnt.
1663 2385 1672 2401 ‘
1692 2383 1826 2415 Auferri
1843 2383 1878 2414 id
1895 2382 1958 2414 sibi

1261 2445 1336 2467 cum
1387 2439 1484 2466 tanta
1538 2434 1696 2465 instantia
1748 2432 1960 2474 depoposcit,

1260 2488 1388 2525 quanta
1417 2484 1473 2514 alii
1504 2492 1646 2524 poscere
1681 2481 1958 2513 consueverunt?

1260 2534 1442 2565 Berneccer.
1465 2534 1580 2566 Juntae
1597 2543 1670 2564 cum
1691 2533 1858 2564 nonnullis
1874 2533 1958 2565 Mss.

1260 2589 1296 2615 et
1321 2583 1410 2615 Edd.
1427 2584 1505 2615 Aur.
1529 2586 1557 2614 et
1580 2593 1650 2622 arg.
1674 2592 1741 2623 per.
1765 2584 1850 2622 adsp.
1873 2592 1909 2613 ac
1929 2592 1957 2614 r.

1259 2645 1300 2666 m.
1324 2645 1353 2665 a.
1384 2634 1647 2674 Adstipulantur
1670 2637 1740 2664 tres
1767 2632 1957 2672 Anglicani.

1261 2685 1368 2716 Graev.
1393 2684 1518 2715 Melius
1541 2688 1576 2714 et
1601 2683 1787 2723 elegantius
1804 2682 1959 2722 impressi

1259 2735 1335 2766 libri
1351 2739 1387 2766 et
1409 2744 1509 2765 manu
1533 2733 1710 2773 descripti,
1734 2733 1814 2764 Aur.
1839 2736 1870 2763 et
1885 2742 1956 2771 arg.

1257 2795 1323 2825 per.
1335 2795 1400 2824 asp.
1415 2794 1450 2815 ac
1465 2794 1491 2815 r.
1503 2794 1544 2815 m.
1556 2794 1585 2814 α.
1613 2793 1692 2813 vera
1705 2783 1818 2821 lectio,
1831 2787 1866 2813 et
1881 2791 1957 2823 quae

1259 2835 1293 2865 in
1310 2838 1439 2865 textum
1457 2834 1564 2873 ipsum
1577 2832 1688 2873 operis
1706 2832 1811 2872 recipi
1827 2831 1957 2862 debuit.

1260 2884 1374 2917 Faber.
1417 2882 1636 2925 Antiquiores
1675 2881 1754 2913 edd.
1785 2886 1823 2913 ut
1857 2881 1954 2914 Junt.
