2174 3424
665 338 860 372 JUSTINJ
896 338 991 369 LIB.

284 435 403 478 proba,
419 434 584 476 juvatque
610 437 716 474 caput
738 441 895 474 sequens.
920 432 977 463 Fr.

283 487 374 518 Puto
388 485 507 520 verius,
517 483 652 514 indidem
660 485 863 514 reverterunt.
879 483 977 513 Voss.

283 537 394 577 Istud,
419 537 453 567 in
477 536 592 574 eadem,
620 535 711 565 nullo
727 533 826 565 modo
843 534 979 574 placere

283 591 409 628 potest.
439 585 548 616 Sebis.
566 583 700 625 legend.
717 584 860 624 putabat
874 585 980 614 eadem

282 639 332 669 via
343 648 356 675 ‚·
368 636 455 679 quod
470 645 533 667 nec
545 636 680 676 placet3
698 634 757 666 sed
769 634 850 665 nibil
862 634 978 665 videre

282 688 337 720 hic
365 686 497 728 quidem
529 696 684 727 possum;
721 686 786 717 nisi
816 685 849 716 in
875 687 980 717 endem

283 738 382 779 plane
417 736 551 767 delend.
586 736 642 775 sit,
676 735 765 777 quod
795 740 898 776 puto3
928 739 980 766 est

282 788 372 820 enim
398 791 435 819 et
472 785 592 818 falsum
630 790 667 817 et
700 786 866 826 ineptum.
910 785 979 816 Pro

280 837 419 869 hostibus
452 843 577 877 autem,
608 836 697 867 idem
726 836 873 867 libenter
901 845 978 867 cum

280 888 412 920 Sebisio
440 887 560 927 sentio,
597 885 732 927 legend.
760 885 894 922 hostiis-5
922 884 979 926 qui

280 939 417 971 enimin
432 939 487 970 illa
509 942 695 970 castrorum
711 936 884 968 molitione
903 936 977 968 hos-

281 993 333 1021 tes
349 993 448 1020 erant
460 989 471 1019 ?
485 988 579 1019 nulli.
599 987 711 1019 Faber.
749 986 788 1017 In
803 986 976 1017 molitione

280 1044 470 1072 castrorum
497 1039 581 1069 nulli
612 1042 708 1069 erant
744 1037 878 1076 hostes;
905 1036 977 1076 sed,

280 1090 438 1131 cumjam
455 1089 562 1120 moliti
579 1092 694 1119 essent
709 1092 834 1126 castra,
853 1096 895 1117 ex
910 1087 975 1117 illis

281 1141 316 1172 in
330 1140 458 1171 hostem
487 1138 699 1180 prodierunt,
725 1143 761 1169 et
781 1142 857 1178 post
872 1137 977 1168 victo-

281 1191 376 1228 riam,
387 1189 538 1221 hostibus
553 1189 661 1228 caesis,
675 1197 751 1219 cum
767 1197 889 1227 magna
903 1197 976 1227 gra-

281 1240 446 1272 tulatione
475 1240 510 1270 in
547 1239 606 1270 illa
637 1242 864 1269 reverterunt.
910 1237 978 1270 Qui

281 1295 442 1332 poteraut
466 1290 533 1321 dici
554 1292 587 1320 in
601 1292 702 1320 castra
717 1289 891 1328 revertisse,
912 1288 978 1319 nisi

280 1341 372 1372 exiis
383 1341 555 1372 inhostem
567 1345 738 1371 moventes
752 1339 978 1380 prodiissent?

282 1390 386 1422 Acuti
403 1391 525 1422 Sebisii
540 1391 752 1431 conjectura,
765 1399 838 1430 quae
855 1389 978 1420 multos

280 1441 316 1472 in
330 1441 553 1481 suspicionem
575 1439 800 1480 corruptionis
826 1439 978 1480 adduxit,

280 1500 348 1522 non
359 1495 412 1521 est
427 1490 646 1521 admittenda.
673 1490 780 1520 Groev.

324 1542 412 1572 (3A12.
435 1549 486 1571 rx.
524 1541 542 1581 ξ
564 1543 584 1571 2
608 1540 659 1571 Ibi
689 1541 842 1571 Gessonas
856 1539 979 1571 Asibos-

281 1599 348 1630 que,
377 1600 449 1630 quos
480 1590 631 1621 Hercules
659 1590 810 1630 condidit]
849 1590 894 1621 Et
922 1590 977 1621 hic

281 1642 375 1672 locus
391 1650 456 1671 non
472 1641 579 1672 minus
596 1646 775 1682 corruptus
798 1645 862 1680 est,
878 1650 977 1682 quem

281 1696 395 1722 tamen
411 1700 453 1722 ex
467 1691 579 1722 Sti-ab.
601 1691 697 1723 Curt.
728 1700 768 1722 ac
791 1690 893 1722 Diod.
915 1691 978 1722 hoc
1025 1719 1028 1722 ,

280 1745 381 1781 pacto
397 1740 530 1780 legend.
544 1745 646 1781 puto:
671 1740 723 1772 Ibi
740 1741 909 1780 Agalassas
924 1741 976 1771 Si-

281 1791 403 1831 basque,
417 1800 489 1831 quos
504 1791 655 1822 Hercules
669 1791 818 1830 condidit,
838 1791 872 1822 in
892 1791 976 1822 dedi-

279 1841 394 1871 tionem
407 1840 535 1880 accepit.
561 1840 647 1871 Hinc
658 1841 698 1871 ad
709 1841 825 1871 Mallos
839 1844 870 1872 et
888 1842 977 1882 Oxy·

278 1891 390 1921 dracas
400 1891 537 1929 navigat.
573 1890 682 1932 quue
707 1900 749 1922 ex
775 1891 869 1922 varia
888 1892 976 1922 loco-

280 1950 354 1971 rum
371 1943 407 1971 et
429 1944 618 1981 temporum
641 1941 836 1973 conditione
856 1941 891 1972 in
913 1942 977 1973 hac

279 1989 422 2021 historia
436 1989 591 2030 diligenti
605 1989 754 2022 adhibita
770 2001 850 2023 cura
865 1992 977 2033 colligi

278 2044 406 2082 potest,
418 2040 513 2071 salva
534 2049 670 2080 semper
691 2042 809 2073 melius
828 2042 976 2073 sentien-

278 2092 363 2124 tium
393 2092 560 2132 opinione.
605 2093 767 2125 Ceterum
789 2104 868 2126 mox
893 2095 978 2127 dicit

278 2141 463 2175 Alexandr.
477 2143 597 2183 solum,
612 2143 701 2174 saltu
724 2143 767 2175 de
787 2154 882 2176 muro
903 2143 976 2176 fac-

279 2196 329 2233 to,
344 2192 387 2224 ab
401 2193 552 2224 hostibus
567 2198 798 2234 conspectum,
825 2203 900 2225 cnm
925 2199 974 2226 ta-

278 2252 355 2275 men
386 2243 466 2274 urbs
489 2247 579 2274 esset
610 2253 629 2274 a
658 2242 892 2275 defensoribus
918 2245 974 2276 de-

279 2298 383 2325 serta.
428 2294 555 2324 Mirum
584 2293 672 2324 unde
705 2303 781 2325 eum
807 2300 875 2325 tam
905 2295 974 2326 cito

279 2343 510 2384 cognoverint.
553 2343 599 2374 Et
622 2353 701 2374 mox
727 2343 925 2375 Alexander
939 2340 995 2376 in'

278 2393 415 2425 deserta
442 2393 525 2424 urbe
551 2402 626 2425 cum
651 2397 704 2424 tot
727 2394 873 2425 millibus
889 2404 973 2426 unus

279 2447 417 2484 pugnat.
458 2443 620 2482 Suspicor
641 2443 796 2475 mendam
823 2444 857 2475 in
883 2445 973 2475 codi-

278 2492 374 2524 cibus
391 2501 482 2531 esse3
498 2493 640 2524 maxime
655 2503 731 2524 cum
744 2494 841 2533 dicit,
853 2495 971 2526 urbem

279 2551 300 2573 a
313 2541 548 2574 defensoribus
563 2542 745 2575 desertam.
771 2545 864 2576 Glar.

321 2592 532 2624 Hiacensanas
545 2593 716 2635 Sileosque]
741 2594 884 2627 Quidam
903 2595 969 2626 Ms.

279 2643 431 2683 Agesinas
445 2643 607 2684 Syrosque.
631 2645 670 2675 F.
694 2644 844 2675 Acesinus
868 2645 970 2676 Sibos-

277 2703 347 2733 que,
368 2698 406 2725 ut
427 2693 477 2724 illi
496 2699 574 2725 sunt
587 2692 681 2725 fluvii
695 2694 851 2726 Acesinis
872 2705 969 2727 acco-

280 2743 339 2774 lae:
355 2743 390 2773 hi
404 2743 481 2781 sint,
496 2753 580 2785 quos
594 2746 603 2760 ‘
617 2743 738 2775 Sobos’
753 2749 851 2776 vocat
871 2745 968 2777 Curt.

281 2800 333 2822 11.
355 2794 387 2824 4.
414 2795 444 2824 1.
480 2793 592 2825 Strab.
621 2802 695 2825 xw.
721 2798 757 2825 et
785 2794 902 2836 Stcpli.
934 2800 970 2826 et

281 2840 416 2873 Arrian.
449 2842 482 2873 in
517 2843 645 2874 Indicis
679 2843 833 2875 ‘Sibasz'
869 2845 969 2877 Diod.

282 2900 376 2923 xvu.
404 2894 456 2925 96.
481 2893 641 2926 mendose
664 2893 777 2930 Ἴβαρς.
810 2895 969 2935 Bongars.

1641 322 1726 366 823

1028 431 1124 464 Junt.
1163 441 1238 463 cum
1276 430 1343 462 Ms.
1383 429 1521 461 Gesonas
1564 427 1725 468 Sibasque.

1029 482 1143 513 Graev.
1190 480 1406 521 Antiquiores
1436 479 1513 510 edd.
1536 478 1636 511 Juut.
1660 478 1727 508 Be·

1028 532 1121 563 char.
1138 532 1223 571 Maj.
1242 531 1381 561 Gesonus
1395 529 1554 568 Simque,
1571 532 1630 559 aut
1645 527 1728 568 Asy-

1028 581 1146 621 bosque.
1186 582 1230 612 Et
1246 580 1354 620 Bong.
1371 584 1518 610 testatur
1530 578 1605 609 cod.
1623 587 1728 619 quen-

1029 630 1104 661 dam
1136 631 1204 661 Ms.
1230 629 1354 660 babere
1380 629 1534 667 Agesinas
1562 627 1726 668 Syrosque.

1029 680 1178 722 Conjicit
1195 685 1307 710 autem
1324 679 1369 710 id.
1387 677 1523 718 legend.
1547 687 1620 708 esse
1647 677 1728 708 Ace-

1027 730 1111 761 sinus
1127 728 1284 770 Sidosque.
1321 729 1415 759 Curt.
1432 737 1563 769 quoque
1580 736 1631 758 lx.
1645 730 1677 758 4.
1693 729 1726 758 2.

1029 779 1246 812 ‘Sobiorum’
1282 778 1486 811 mentionem
1533 777 1587 808 hic
1628 776 1726 808 facit.

1034 831 1108 863 Vor.

1070 882 1088 922 ᾗ
1112 883 1130 912 3
1155 880 1195 911 In
1210 878 1341 911 Ambros
1357 882 1388 910 et
1403 875 1608 918 Sugambros]
1631 877 1728 908 Man-

1026 932 1098 962 dros
1125 935 1155 962 et
1183 930 1342 969 Subagras
1368 929 1473 960 habet
1496 928 1636 959 Orosius
1660 928 1727 959 Ms.

1026 981 1202 1012 Fabricius
1226 979 1431 1018 emendavit,
1455 979 1571 1010 Mallos
1591 980 1620 1008 et
1640 979 1728 1018 Oxy-

1025 1033 1145 1071 dracas,
1170 1035 1209 1062 ut
1238 1030 1271 1061 h.
1302 1030 1325 1060 l.
1357 1028 1494 1070 quidam
1532 1027 1725 1059 ediderunt.

1025 1083 1115 1113 Plin.
1127 1090 1194 1112 xu.
1212 1083 1244 1112 6.
1274 1082 1283 1098 ⁴
1299 1079 1483 1120 Sydracas’
1508 1083 1608 1110 vocat
1624 1088 1728 1119 expe·

1026 1133 1190 1164 ditionum
1206 1130 1396 1162 Alexandri
1414 1129 1605 1161 terminum.
1629 1129 1726 1160 Curt.

1026 337 1118 368 xn.
1149 338 1257 369 cAP.
1287 328 1328 368 9.

1028 1191 1083 1214 lx.
1110 1180 1336 1213 ‘Sudracas:'
1361 1179 1531 1221 quomodo
1558 1183 1593 1210 et
1622 1178 1730 1211 Justi-

1027 1243 1103 1271 nus,
1124 1236 1160 1263 et
1185 1231 1337 1270 Orosius,
1357 1235 1393 1262 et
1417 1229 1589 1260 Diodorus
1612 1238 1726 1260 emen-

1028 1282 1141 1314 dandi.
1179 1282 1338 1321 Bongnrs.
1382 1280 1496 1311 Mallos
1520 1283 1550 1310 et
1579 1279 1727 1320 Oxydra-

1027 1344 1079 1365 cas
1094 1333 1128 1364 in
1151 1332 1213 1363 hac
1230 1331 1369 1362 historia
1384 1333 1573 1361 memorant
1586 1334 1621 1360 et
1633 1328 1726 1359 Arri-

1029 1394 1083 1415 an.
1113 1392 1162 1414 vr.
1189 1382 1265 1413 init.
1293 1385 1329 1412 et
1354 1381 1449 1412 Curt.
1476 1388 1528 1410 lx.
1545 1382 1576 1411 4.
1593 1381 1644 1410 24.
1681 1379 1726 1410 Et

1028 1433 1163 1475 quidem
1176 1432 1293 1463 urbem
1306 1431 1397 1461 illam
1414 1429 1611 1461 Alexandro
1626 1438 1726 1469 poene

1026 1483 1164 1515 fatalem
1205 1483 1214 1500 ‘
1228 1480 1426 1513 Mallorum’
1461 1479 1565 1511 fuisse
1599 1484 1725 1519 praeter

1028 1534 1120 1565 eosd.
1149 1532 1324 1564 confirmat
1344 1540 1477 1573 quoque
1501 1530 1596 1561 Plut.
1620 1530 1724 1561 Alex.

1029 1587 1101 1616 110.
1123 1584 1222 1615 Bern.

1069 1632 1217 1672 Ambros]
1240 1630 1344 1663 Diod.
1360 1629 1530 1661 Ambritas.
1553 1629 1652 1661 Voss.

1070 1685 1111 1715 In
1133 1683 1263 1714 Ambros
1285 1684 1315 1712 et
1335 1680 1536 1720 Sugambros]
1564 1679 1611 1710 Hi
1633 1684 1724 1720 sunt,

1027 1734 1143 1774 credo,
1171 1742 1254 1774 quos
1277 1731 1412 1762 Arrian.
1436 1739 1486 1761 vr.
1509 1735 1545 1761 et
1561 1729 1656 1761 Curt.
1672 1738 1724 1761 1x.

1027 1788 1058 1816 4.
1075 1787 1126 1817 15.
1147 1785 1156 1801 ‘
1170 1781 1312 1815 Mallos’
1329 1786 1366 1812 et
1395 1781 1404 1797 ‘
1418 1779 1634 1820 Oxydracas’
1666 1789 1723 1810 vo-

1027 1841 1119 1867 cant.
1163 1836 1250 1868 Quae
1272 1832 1406 1863 nomina
1426 1830 1600 1862 Fabricius
1617 1834 1652 1861 et
1666 1839 1722 1871 ap.

1027 1886 1127 1917 Oros.
1145 1885 1202 1926 qui
1226 1883 1391 1915 Nostrum
1411 1881 1597 1922 excerpsit,
1618 1890 1673 1911 111.
1688 1884 1720 1912 9.

1026 1935 1191 1967 audacter
1213 1933 1386 1971 restituit3
1415 1936 1565 1972 secutus,
1588 1936 1625 1962 ut
1647 1932 1722 1972 ipse

1027 1987 1087 2027 ait,
1100 1985 1242 2025 vestigia
1263 1983 1458 2024 depravatae
1471 1982 1550 2014 lect.
1573 1983 1721 2025 antiquae

1025 2036 1060 2068 in
1077 2035 1189 2067 Orosii
1201 2039 1236 2066 et
1251 2033 1378 2066 Justini
1392 2033 1498 2064 libris.
1528 2033 1602 2065 Vor-

1069 2088 1086 2128 ξ
1109 2091 1128 2118 5
1155 2087 1266 2125 Quam,
1294 2084 1363 2125 ἐξα]
1400 2083 1503 2115 Hunc
1528 2084 1552 2116 l.
1573 2084 1721 2116 illustrat

1026 2138 1181 2170 Freinsh.
1198 2136 1240 2168 ad
1260 2137 1355 2168 Curt.
1372 2144 1422 2168 rx.
1436 2138 1467 2167 4.
1483 2139 1514 2168 2.

1068 2190 1085 2230 §
1107 2191 1128 2220 6
1150 2187 1189 2219 Si
1202 2186 1337 2228 possint]
1348 2186 1434 2217 Mss.
1448 2186 1476 2216 si
1481 2190 1618 2227 possent,
1630 2187 1720 2228 quod

1023 2239 1130 2279 magis
1166 2241 1219 2269 est
1244 2246 1286 2268 ex
1314 2246 1376 2268 usu
1403 2236 1565 2268 sermonis
1594 2237 1719 2270 Latini.

1023 2289 1126 2327 Schef.

1065 2339 1106 2370 In
1140 2348 1200 2369 uno
1227 2337 1342 2379 capite]
1376 2337 1604 2378 Panegyrista
1631 2338 1718 2369 Con-

1021 2389 1170 2421 stantino
1205 2387 1395 2419 Constantii
1430 2387 1521 2419 filio:
1553 2389 1563 2406 ‘
1578 2388 1717 2420 Cladem

1021 2450 1127 2479 suam,
1141 2438 1291 2481 quamvis
1307 2437 1404 2469 multi
1420 2442 1576 2478 pereant,
1596 2439 1716 2479 vulgus

1018 2492 1176 2532 ignorat:
1208 2489 1445 2530 compendium
1468 2494 1521 2520 est
1537 2489 1716 2521 devincen-

1018 2543 1137 2574 dorum
1171 2540 1333 2580 hostium,
1378 2538 1483 2570 duces
1519 2539 1717 2571 sustulisse?

1019 2594 1118 2626 Facit
1142 2593 1207 2624 huc
1233 2592 1413 2633 Iphicratis
1436 2591 1644 2632 comparatio
1661 2600 1717 2622 ex-

1018 2645 1143 2676 ercitus
1180 2653 1257 2674 cum
1294 2642 1438 2673 humano
1475 2651 1620 2682 corpore
1659 2651 1715 2682 ap.

1016 2695 1170 2734 Polyaen.
1185 2701 1243 2723 111.
1258 2696 1294 2723 et
1305 2691 1364 2722 Sil.
1382 2700 1415 2722 x,
1430 2700 1479 2722 vs.
1495 2694 1569 2722 309.
1591 2691 1693 2723 Bern.

1060 2745 1079 2784 ξ
1101 2746 1120 2775 7
1143 2741 1292 2781 Resistit]
1308 2742 1399 2781 Lego
1414 2741 1534 2772 resistit
1548 2751 1608 2782 pro
1623 2742 1713 2782 vulg.

1017 2794 1147 2826 restitit.
1172 2792 1294 2824 Faber.
1337 2791 1393 2822 Sic
1416 2791 1528 2830 plane,
1543 2795 1581 2822 ut
1601 2791 1713 2823 Faber

1018 2843 1174 2885 conjecit,
1189 2842 1317 2883 optima
1332 2840 1483 2874 Juntina.
1507 2841 1614 2873 Groev.

1061 2896 1079 2936 ᾗ
1101 2897 1122 2926 9
1149 2893 1222 2931 Ubi,
1236 2891 1304 2935 alsa]
1327 2892 1427 2924 Oros.
1445 2896 1481 2924 et
1497 2891 1592 2924 Frec.
1618 2892 1626 2909 ‘
1644 2892 1711 2925 Ubi
