2101 3419
344 351 428 393 892

347 461 377 489 S.
392 457 401 474 ‘
414 456 492 497 Ipse
504 454 729 486 valetudinem
740 451 926 484 excusans!
947 452 1040 483 Suet.

347 508 438 547 Aug.
465 507 526 538 ult.
564 507 757 536 ‘Excusata
787 504 836 535 rei
865 502 1041 534 familiaris

347 557 606 589 mediocritate.'
634 557 731 587 Curt.
746 564 796 586 1v.
813 557 865 586 10.
882 556 913 585 8.
951 554 961 571 ‘
976 554 1043 584 Ex-

349 617 468 639 cusare
499 606 805 638 consternationem
835 602 952 635 suam!
999 604 1046 634 Et

348 667 405 689 111.
422 661 474 689 12.
498 661 549 688 17.
583 657 592 673 ⁴
609 658 782 688 Excusare
798 654 1045 694 ignorationem

351 717 444 738 suam
466 716 636 747 nunquam
663 706 723 736 visi
747 703 863 745 regis?
907 703 995 734 Inde
1012 707 1047 734 et

351 766 413 797 per
437 766 559 787 nomen
586 756 705 786 dicunt
728 755 737 772 ‘
752 754 925 785 excusatio
947 754 1048 784 hono-

352 807 421 846 ris,'
442 809 450 824 ‘
466 805 598 844 aetatis‚’
629 807 638 823 ‘
653 804 916 843 adolescentiae:
947 807 956 821 ‘
970 813 1048 834 ocu-

352 858 482 888 lorum!
521 857 591 888 Cic.
618 865 679 896 pro
709 855 794 887 Coel.
830 853 1049 885 ‘Defendere

352 907 437 938 vitia
452 907 592 947 alicujus
613 905 832 937 excusatione
857 905 1050 936 adolescen-

356 957 437 988 tiae!
472 957 575 987 Vorst.

411 1007 653 1045 Contentumque
680 1004 812 1036 victoria
839 1014 905 1043 sua,
933 1004 1052 1044 punitis

356 1055 530 1086 auctoribus
562 1056 755 1094 miserorum,
783 1054 853 1093 Sym]
896 1054 1052 1084 Doctiss.

357 1105 546 1146 Peyrared.
565 1105 614 1135 ita
628 1105 712 1145 legit
726 1109 761 1135 et
774 1103 965 1143 distinguit,
985 1113 1052 1133 con-

355 1161 533 1197 tentumque
547 1157 678 1188 victoria
698 1165 765 1195 suu,
787 1155 906 1195 pituitis
920 1154 1052 1184 auctori-

360 1207 425 1246 bus,
437 1208 593 1237 misertum
607 1206 730 1245 citium,
745 1207 797 1244 ἔμ’.
837 1205 944 1236 Quam
961 1203 1052 1243 conj.

359 1257 476 1289 veriss.
497 1267 571 1288 esse
593 1261 687 1297 puto.
732 1255 817 1286 Voss.
860 1253 1053 1294 Antequam

799 358 937 389 NOTAE
971 356 1236 387 vARloRUM
1272 356 1323 386 IN

1094 450 1206 482 Vossii
1234 449 1426 481 Editionem
1454 447 1626 487 vidissem,
1653 446 1716 477 hoc
1747 445 1789 477 ad

1096 511 1188 532 oram
1214 500 1322 531 libelli
1347 499 1412 530 mei
1436 497 1696 537 adscripseram,
1722 506 1792 527 con-

1096 554 1269 591 tentumque
1297 549 1439 589 victoria,
1472 548 1594 588 punitis
1620 546 1793 578 auctoribus

1097 602 1294 633 miseriarum
1307 600 1453 638 civilium,
1465 598 1608 638 injuriosi
1623 597 1714 628 exilii
1729 607 1793 627 om-

1097 651 1188 682 nibus
1201 660 1232 681 se
1243 649 1362 681 veniam
1377 650 1450 679 dare
1465 648 1554 679 dicit.
1592 647 1692 677 Hanc
1709 645 1795 686 conj.

1102 700 1274 732 Ciceronis
1288 698 1494 730 auctoritate
1505 696 1703 728 confirmare
1720 705 1796 736 pos-

1102 761 1184 782 sem.
1220 750 1333 781 Faber.
1378 748 1565 788 Peyrared.
1579 747 1738 778 misertum
1753 746 1796 776 α’-

1101 802 1195 833 vium.
1217 802 1344 831 Verum
1355 798 1527 830 auctoribus
1537 798 1670 829 omnino
1680 806 1796 828 casum

1105 852 1272 894 quendam
1299 849 1482 881 secundum
1508 849 1679 890 requirere
1705 847 1799 878 vide-

1103 907 1167 934 tur.
1212 902 1300 936 Quid
1325 902 1353 932 si
1375 902 1506 941 legatur
1521 899 1694 931 auctoribus
1709 900 1799 930 mise-

1103 954 1160 984 rioe
1172 953 1282 985 civium
1290 951 1306 983 ‚⁹
1321 953 1385 983 Vel
1397 956 1491 983 certe
1501 951 1679 982 miserorum
1688 950 1800 981 civium

1106 1008 1160 1034 est
1188 1012 1249 1043 pro
1278 1011 1318 1033 eo
1347 1001 1436 1042 quod
1466 1005 1535 1032 tam
1564 1000 1677 1031 miseri
1707 1000 1798 1030 cives

1106 1058 1230 1084 essent.
1271 1052 1376 1084 Vox-st.
1437 1051 1523 1082 Sunt
1553 1050 1610 1091 qui
1642 1051 1802 1081 misertum

1106 1103 1218 1133 civium
1248 1103 1300 1133 vel
1336 1101 1469 1132 miserioe
1505 1101 1617 1131 civium
1650 1101 1801 1132 mallent.

1107 1153 1191 1183 Mihi
1206 1152 1255 1183 sic
1268 1156 1303 1183 et
1317 1151 1506 1192 corrigend.
1523 1156 1560 1182 et
1575 1150 1802 1190 distinguend.

1106 1203 1199 1233 locus
1222 1201 1376 1233 videtur:
1400 1200 1573 1231 auctoribus
1594 1200 1800 1240 miseriarum,

1107 1253 1218 1283 civium
1232 1251 1374 1290 injuriosi
1390 1251 1501 1282 exsilii.
1522 1249 1633 1282 Schef.

871 1515 1088 1563 LIBER
1133 1513 1293 1561 XIX.

409 1656 496 1686 CAP.
509 1663 533 1685 1.
562 1655 578 1694 ’ς
594 1656 609 1684 1
628 1653 725 1690 IlIngo
740 1651 1063 1692 Curthageniensium]

364 1704 400 1735 Is
419 1704 521 1743 Mago
536 1713 571 1733 se
584 1703 691 1743 ipsum
705 1701 924 1733 interfecerat
938 1701 980 1732 ob
994 1711 1063 1732 rem

366 1755 453 1784 male
471 1757 597 1793 gestam
615 1757 733 1783 contra
749 1753 995 1792 Syracusanos:
1021 1751 1064 1782 ob

368 1814 466 1846 quam
483 1813 615 1835 causam
628 1804 659 1834 in
677 1813 812 1834 crucem
829 1803 996 1834 sublatum
1013 1807 1066 1833 est

368 1864 491 1894 corpus
528 1854 652 1884 mortui
677 1864 696 1884 a
721 1853 1065 1893 Carthaginiensibus.

370 1905 464 1935 Plut.
478 1906 512 1935 in
523 1905 605 1935 vita
616 1904 833 1934 Timoleontis
845 1906 897 1934 33.
923 1903 1021 1933 Beru-

415 1956 432 1995 ξ
460 1957 479 1984 2
506 1955 566 1984 Per
581 1954 725 1993 vestigia,
739 1954 806 1993 Esau]
842 1954 930 1983 Saxo
944 1962 968 1983 1.
987 1962 1019 1992 p.
1034 1954 1065 1982 6.

371 2015 416 2035 m.
440 2007 449 2021 ‘
470 2004 573 2043 Cujus
589 2002 731 2033 mirifica
751 2002 879 2033 indoles
894 2002 943 2033 ita
958 2007 1068 2042 pater-

372 2064 431 2084 nas
453 2054 596 2084 virtutes
621 2052 780 2091 redoluit,
795 2056 833 2082 ut
855 2061 990 2092 prorsus
1008 2061 1068 2091 per

374 2113 488 2135 earum
510 2102 652 2144 vestigia
672 2102 853 2133 decurrere
871 2101 1069 2141 putaretur.'

377 2163 429 2184 xr.
458 2164 492 2193 p.
520 2156 593 2184 177.
624 2151 647 2184 f.
696 2152 704 2167 ‘
731 2152 800 2182 Per
829 2151 912 2182 aviti
942 2151 1071 2191 negotii

377 2203 523 2244 vestigia
541 2201 713 2233 decurrit?

420 2254 638 2293 Illagnitudini
694 2252 794 2292 patris
851 2251 1072 2291 successerunt]

380 2314 474 2335 xxii.
493 2307 522 2335 1.
540 2307 568 2334 l.
607 2305 615 2320 ‘
635 2304 699 2336 Qui
715 2302 935 2342 magnitudini
952 2303 1072 2343 prioris

379 2355 532 2395 Dionysii
550 2352 731 2385 successit!
765 2354 833 2383 l'or.

424 2407 441 2445 ς
458 2408 476 2435 3
503 2404 597 2442 Afros
609 2403 741 2442 vectigal
753 2412 809 2442 pro
825 2403 886 2433 solo
900 2402 984 2433 urbis
997 2404 1074 2433 mul-

380 2454 654 2493 torumunnorum]
679 2456 896 2484 xv111.5.14.
918 2453 1074 2484 ‘Statuto

382 2514 494 2536 annuo
518 2503 673 2543 vectigali
698 2513 758 2543 pro
782 2503 853 2533 solo
877 2503 992 2534 urbis!
1031 2504 1076 2535 Et

386 2563 462 2585 xix.
479 2557 510 2585 2.
525 2556 556 2585 4.
579 2555 587 2570 ‘
605 2552 679 2583 Afri
693 2553 856 2592 compulsi
871 2552 1076 2592 stipendium

385 2604 476 2635 urbis
500 2603 643 2634 conditae
670 2603 1003 2643 Carthaginiensibus
1029 2613 1078 2634 re-

385 2653 548 2686 mittere.'
581 2654 629 2684 Id.

430 2707 446 2746 ξ
469 2708 486 2736 7
519 2702 709 2743 Dictaturae]
740 2702 893 2734 Romano
917 2712 1008 2734 more
1032 2703 1077 2733 lo-

389 2757 514 2798 quitur,
538 2761 573 2786 et
595 2755 660 2785 vim
677 2754 789 2795 potius
814 2754 885 2794 ejus
901 2754 1079 2794 potestatis

388 2805 706 2845 similitudinemque
718 2814 792 2835 cum
809 2805 968 2844 Romana,
981 2814 1080 2845 quam

390 2856 562 2896 proprium
582 2854 779 2884 vocabulum
805 2854 952 2894 respicit.
989 2854 1081 2884 Indi-

391 2916 462 2937 cem
482 2905 698 2936 Frciusliemii
726 2904 791 2935 vid.
818 2904 875 2935 ubi
899 2905 1011 2946 plures
1027 2905 1082 2945 qui

1118 1651 1166 1682 ita
1187 1651 1303 1682 locuti.
1346 1650 1453 1681 Simili
1470 1650 1599 1681 ratione
1616 1649 1713 1681 Curt.
1731 1658 1763 1680 v.
1777 1650 1810 1679 2.

1118 1704 1216 1732 ll.et
1230 1702 1356 1732 Noster
1369 1710 1408 1731 11.
1426 1703 1477 1732 ll.
1495 1703 1546 1731 15.
1570 1701 1580 1718 ‘
1595 1697 1814 1741 praetorium'

1119 1752 1303 1790 nominant,
1331 1756 1364 1782 et
1388 1750 1449 1781 inf.
1477 1759 1582 1781 xxxr.
1605 1753 1635 1781 2.
1651 1752 1683 1781 9.
1707 1750 1716 1766 ⁴
1733 1758 1813 1780 con-

1120 1802 1224 1832 sulem
1237 1801 1258 1832 :'
1276 1805 1310 1831 et
1324 1809 1403 1831 xm.
1420 1804 1451 1830 5.
1468 1803 1499 1830 7.
1511 1801 1519 1816 ‘
1537 1799 1678 1830 aediles.'
1701 1799 1801 1830 Rem.

1165 1851 1340 1891 Triumphi]
1383 1852 1479 1882 Serv.
1510 1851 1552 1881 ad
1582 1850 1665 1881 illud
1693 1849 1814 1890 virgil.

1119 1903 1194 1934 AEn.
1212 1913 1260 1933 ιν.
1276 1906 1327 1934 37.
1363 1904 1372 1920 ‘
1390 1904 1629 1943 Duetoresque
1647 1902 1716 1940 alii,
1731 1911 1814 1942 quos

1121 1953 1240 1984 Africa
1267 1958 1359 1984 terra
1389 1953 1566 1992 triumphis
1596 1952 1702 1982 Dives
1730 1951 1815 1982 alit!

1122 2007 1131 2022 ‘
1145 2004 1289 2037 Quidam
1303 2003 1444 2043 dicunt,’
1455 2003 1577 2044 inquit,
1599 2004 1608 2020 ‘
1625 2001 1722 2033 Afros
1732 2011 1815 2032 nun-

1123 2065 1222 2096 quam
1258 2053 1500 2094 triumphasse!
1543 2052 1673 2083 Plinius
1703 2057 1815 2082 autem

1123 2103 1272 2135 secundo
1311 2104 1401 2134 Hist.
1444 2103 1526 2134 Nat.
1563 2107 1598 2133 et
1633 2102 1816 2141 Pompeius

1122 2155 1250 2195 Trogus
1262 2153 1364 2185 Afros
1381 2154 1497 2184 dicunt
1520 2163 1677 2194 pompam
1702 2153 1817 2184 trium-

1126 2205 1182 2245 phi
1200 2205 1324 2245 primos
1348 2204 1525 2243 invenisse,
1541 2213 1638 2244 quam
1665 2204 1728 2234 sibi
1751 2204 1817 2234 Ro-

1126 2255 1214 2285 mani
1241 2259 1361 2294 postea
1389 2254 1658 2284 vindicaverunt.
1704 2253 1818 2284 Livius

1127 2310 1237 2336 autem
1254 2304 1468 2336 Andronicus
1484 2302 1601 2342 refert,
1616 2312 1673 2334 eos
1695 2304 1818 2343 saepius

1127 2355 1169 2386 de
1209 2354 1367 2385 Romanis
1410 2353 1644 2393 triumphasse,
1678 2362 1820 2393 suasque

1127 2406 1278 2446 porticus
1296 2404 1458 2435 Romanis
1480 2403 1594 2443 spoliis
1613 2401 1818 2433 adornasse!

1129 2456 1228 2487 Bern.

1172 2507 1189 2546 ξ
1219 2509 1238 2535 8
1268 2504 1369 2535 Veluti
1391 2512 1459 2533 cum
1480 2503 1564 2542 duce,
1587 2501 1654 2541 δικ]
1698 2502 1822 2533 Similis

1130 2556 1223 2586 locus
1247 2563 1293 2585 vr.
1320 2556 1350 2585 8.
1379 2556 1408 2584 1.
1445 2553 1542 2583 Idem.
1584 2552 1679 2583 Junt.
1704 2552 1822 2583 melius

1131 2605 1338 2636 concidissent.
1384 2603 1498 2634 Graev.

1175 2656 1229 2695 §9
1246 2652 1426 2692 Leonidam]
1459 2651 1563 2682 Diod.
1591 2661 1670 2682 xrx.
1695 2654 1747 2682 80.
1778 2651 1824 2682 A·

1133 2710 1301 2737 crotatum
1325 2703 1514 2734 Cleomenis
1531 2703 1619 2743 regis
1635 2702 1738 2733 filium
1765 2713 1823 2743 ap-

1134 2756 1256 2797 pellat;
1280 2759 1316 2785 et
1340 2754 1473 2784 videtur
1488 2753 1563 2784 ead.
1577 2763 1648 2783 esse
1673 2753 1823 2793 historia,

1135 2806 1197 2836 nisi
1213 2804 1302 2846 quod
1318 2802 1339 2834 f.
1356 2813 1398 2834 ex
1422 2808 1535 2833 errato
1553 2803 1678 2834 Justini
1698 2808 1827 2844 tempo-

1138 2866 1208 2887 rum
1226 2856 1310 2886 ratio
1323 2855 1431 2884 minus
1446 2853 1612 2893 congruit.
1644 2853 1784 2884 Freinsh.

1181 2902 1454 2943 eonem-rentibus]
1481 2903 1709 2935 CenseoJust.
1724 2903 1827 2944 scrip-
