<?xml version="1.0" encoding="UTF-8"?>
<!DOCTYPE html PUBLIC "-//W3C//DTD XHTML 1.0 Transitional//EN"
    "http://www.w3.org/TR/xhtml1/DTD/xhtml1-transitional.dtd">
<html xmlns="http://www.w3.org/1999/xhtml" xml:lang="en" lang="en">
 <head>
  <title>
</title>
<meta http-equiv="Content-Type" content="text/html;charset=utf-8" />
  <meta name='ocr-system' content='tesseract 3.04.00' />
  <meta name='ocr-capabilities' content='ocr_page ocr_carea ocr_par ocr_line ocrx_word'/>
</head>
<body>
  <div class='ocr_page' id='page_1' title='image "./historiaephilipp02just/historiaephilipp02just_0371.png"; bbox 0 0 2101 3419; ppageno 0'>
   <div class='ocr_carea' id='block_1_1' title="bbox 469 335 1213 378">
    <p class='ocr_par' dir='ltr' id='par_1_1' title="bbox 469 335 1213 378">
     <span class='ocr_line' id='line_1_1' title="bbox 469 335 1213 378; baseline -0.007 0"><span class='ocrx_word' id='word_1_1' title='bbox 469 346 663 378; x_wconf 66' lang='lat' dir='ltr'>JUSTINI</span> <span class='ocrx_word' id='word_1_2' title='bbox 699 346 791 376; x_wconf 75' lang='lat' dir='ltr'>mu.</span> <span class='ocrx_word' id='word_1_3' title='bbox 825 344 1009 376; x_wconf 74' lang='lat' dir='ltr'>xxxlv.</span> <span class='ocrx_word' id='word_1_4' title='bbox 1039 346 1143 375; x_wconf 84' lang='lat' dir='ltr'><strong>CAP.</strong></span> <span class='ocrx_word' id='word_1_5' title='bbox 1174 335 1213 374; x_wconf 93' lang='grc'>1.</span> 
     </span>
    </p>
   </div>
   <div class='ocr_carea' id='block_1_2' title="bbox 146 439 846 1082">
    <p class='ocr_par' dir='ltr' id='par_1_2' title="bbox 148 439 840 575">
     <span class='ocr_line' id='line_1_2' title="bbox 190 439 840 482; baseline -0.005 -9"><span class='ocrx_word' id='word_1_6' title='bbox 190 443 207 482; x_wconf 58' lang='grc' dir='ltr'>ξ</span> <span class='ocrx_word' id='word_1_7' title='bbox 229 444 250 473; x_wconf 91' lang='grc'>6</span> <span class='ocrx_word' id='word_1_8' title='bbox 275 441 419 481; x_wconf 78' lang='lat' dir='ltr'><strong><em>Triginta</em></strong></span> <span class='ocrx_word' id='word_1_9' title='bbox 433 439 534 480; x_wconf 80' lang='lat' dir='ltr'>reges]</span> <span class='ocrx_word' id='word_1_10' title='bbox 570 439 642 472; x_wconf 80' lang='lat' dir='ltr'>Liv.</span> <span class='ocrx_word' id='word_1_11' title='bbox 662 448 744 471; x_wconf 69' lang='lat' dir='ltr'>xtv.</span> <span class='ocrx_word' id='word_1_12' title='bbox 761 443 792 471; x_wconf 83' lang='lat'>9.</span> <span class='ocrx_word' id='word_1_13' title='bbox 810 442 840 471; x_wconf 83' lang='lat'>3.</span> 
     </span>
     <span class='ocr_line' id='line_1_3' title="bbox 148 490 839 533; baseline -0.006 -8"><span class='ocrx_word' id='word_1_14' title='bbox 148 497 279 525; x_wconf 84' lang='lat' dir='ltr'>tantum</span> <span class='ocrx_word' id='word_1_15' title='bbox 295 494 304 511; x_wconf 90' lang='lat'>‘</span> <span class='ocrx_word' id='word_1_16' title='bbox 319 491 456 533; x_wconf 87' lang='lat' dir='ltr'>viginti&#39;</span> <span class='ocrx_word' id='word_1_17' title='bbox 473 495 638 522; x_wconf 84' lang='lat' dir='ltr'>numerat.</span> <span class='ocrx_word' id='word_1_18' title='bbox 677 490 839 522; x_wconf 85' lang='lat' dir='ltr'>Eusebius</span> 
     </span>
     <span class='ocr_line' id='line_1_4' title="bbox 148 538 840 575; baseline -0.007 0"><span class='ocrx_word' id='word_1_19' title='bbox 148 544 277 575; x_wconf 82' lang='lat' dir='ltr'><strong>Persen</strong></span> <span class='ocrx_word' id='word_1_20' title='bbox 288 542 493 574; x_wconf 88' lang='lat' dir='ltr'>tricesimum</span> <span class='ocrx_word' id='word_1_21' title='bbox 503 550 627 571; x_wconf 90' lang='lat' dir='ltr'>nonum</span> <span class='ocrx_word' id='word_1_22' title='bbox 639 538 732 571; x_wconf 86' lang='lat' dir='ltr'>facit.</span> <span class='ocrx_word' id='word_1_23' title='bbox 743 540 840 571; x_wconf 90' lang='lat' dir='ltr'>Bern.</span> 
     </span>
    </p>

    <p class='ocr_par' dir='ltr' id='par_1_3' title="bbox 146 590 842 873">
     <span class='ocr_line' id='line_1_5' title="bbox 191 590 838 630; baseline -0.009 -5"><span class='ocrx_word' id='word_1_24' title='bbox 191 594 306 625; x_wconf 83' lang='lat' dir='ltr'><strong><em>Rerum</em></strong></span> <span class='ocrx_word' id='word_1_25' title='bbox 315 602 375 623; x_wconf 85' lang='lat' dir='ltr'>non</span> <span class='ocrx_word' id='word_1_26' title='bbox 385 591 446 622; x_wconf 80' lang='lat' dir='ltr'>nisi</span> <span class='ocrx_word' id='word_1_27' title='bbox 457 594 576 622; x_wconf 76' lang='lat' dir='ltr'>centum</span> <span class='ocrx_word' id='word_1_28' title='bbox 587 590 756 630; x_wconf 75' lang='lat' dir='ltr'><em>nonaginta</em></span> <span class='ocrx_word' id='word_1_29' title='bbox 767 591 838 620; x_wconf 77' lang='lat' dir='ltr'>‹luo-</span> 
     </span>
     <span class='ocr_line' id='line_1_6' title="bbox 147 642 840 683; baseline -0.007 -8"><span class='ocrx_word' id='word_1_30' title='bbox 147 644 203 675; x_wconf 76' lang='lat' dir='ltr'>bus</span> <span class='ocrx_word' id='word_1_31' title='bbox 217 644 305 675; x_wconf 74' lang='lat' dir='ltr'>annis</span> <span class='ocrx_word' id='word_1_32' title='bbox 317 642 434 683; x_wconf 76' lang='lat' dir='ltr'>potita]</span> <span class='ocrx_word' id='word_1_33' title='bbox 457 642 530 673; x_wconf 90' lang='lat' dir='ltr'>Liv.</span> <span class='ocrx_word' id='word_1_34' title='bbox 547 650 629 673; x_wconf 78' lang='lat' dir='ltr'><strong>XLV.</strong></span> <span class='ocrx_word' id='word_1_35' title='bbox 644 645 745 681; x_wconf 83' lang='lat' dir='ltr'>putat</span> <span class='ocrx_word' id='word_1_36' title='bbox 764 650 840 680; x_wconf 80' lang='lat' dir='ltr'>reg-</span> 
     </span>
     <span class='ocr_line' id='line_1_7' title="bbox 146 690 841 731; baseline -0.006 -7"><span class='ocrx_word' id='word_1_37' title='bbox 146 702 226 724; x_wconf 88' lang='lat' dir='ltr'>num</span> <span class='ocrx_word' id='word_1_38' title='bbox 242 692 477 731; x_wconf 87' lang='lat' dir='ltr'>Macedonum,</span> <span class='ocrx_word' id='word_1_39' title='bbox 490 691 568 722; x_wconf 89' lang='lat' dir='ltr'>inde</span> <span class='ocrx_word' id='word_1_40' title='bbox 580 700 599 721; x_wconf 87' lang='lat' dir='ltr'>a</span> <span class='ocrx_word' id='word_1_41' title='bbox 611 694 721 722; x_wconf 88' lang='lat' dir='ltr'>morte</span> <span class='ocrx_word' id='word_1_42' title='bbox 737 690 841 721; x_wconf 83' lang='lat' dir='ltr'>Alex-</span> 
     </span>
     <span class='ocr_line' id='line_1_8' title="bbox 148 740 841 781; baseline -0.003 -9"><span class='ocrx_word' id='word_1_43' title='bbox 148 742 244 773; x_wconf 84' lang='lat' dir='ltr'>andri</span> <span class='ocrx_word' id='word_1_44' title='bbox 272 741 472 772; x_wconf 86' lang='lat' dir='ltr'>distractum</span> <span class='ocrx_word' id='word_1_45' title='bbox 498 740 532 771; x_wconf 91' lang='lat' dir='ltr'>in</span> <span class='ocrx_word' id='word_1_46' title='bbox 558 740 662 771; x_wconf 85' lang='lat' dir='ltr'>multa</span> <span class='ocrx_word' id='word_1_47' title='bbox 684 749 799 781; x_wconf 83' lang='lat' dir='ltr'>regna,</span> <span class='ocrx_word' id='word_1_48' title='bbox 821 749 841 770; x_wconf 89' lang='lat' dir='ltr'>a</span> 
     </span>
     <span class='ocr_line' id='line_1_9' title="bbox 147 789 842 823; baseline -0.003 -1"><span class='ocrx_word' id='word_1_49' title='bbox 147 801 276 823; x_wconf 90' lang='lat' dir='ltr'>summo</span> <span class='ocrx_word' id='word_1_50' title='bbox 299 791 444 823; x_wconf 87' lang='lat' dir='ltr'>culmine</span> <span class='ocrx_word' id='word_1_51' title='bbox 463 789 608 821; x_wconf 84' lang='lat' dir='ltr'>fortunae</span> <span class='ocrx_word' id='word_1_52' title='bbox 629 789 673 821; x_wconf 89' lang='lat' dir='ltr'>ad</span> <span class='ocrx_word' id='word_1_53' title='bbox 688 790 842 821; x_wconf 88' lang='lat' dir='ltr'>ultimum</span> 
     </span>
     <span class='ocr_line' id='line_1_10' title="bbox 146 840 722 873; baseline -0.003 0"><span class='ocrx_word' id='word_1_54' title='bbox 146 841 247 873; x_wconf 86' lang='lat' dir='ltr'>finem</span> <span class='ocrx_word' id='word_1_55' title='bbox 263 841 398 873; x_wconf 82' lang='lat' dir='ltr'><strong>stetisse</strong></span> <span class='ocrx_word' id='word_1_56' title='bbox 413 844 486 872; x_wconf 86' lang='lat'><strong>150.</strong></span> <span class='ocrx_word' id='word_1_57' title='bbox 503 850 619 872; x_wconf 85' lang='lat' dir='ltr'>annos.</span> <span class='ocrx_word' id='word_1_58' title='bbox 648 840 722 872; x_wconf 84' lang='lat' dir='ltr'>Vor.</span> 
     </span>
    </p>

    <p class='ocr_par' dir='ltr' id='par_1_4' title="bbox 149 890 846 1082">
     <span class='ocr_line' id='line_1_11' title="bbox 191 890 842 931; baseline -0.002 -9"><span class='ocrx_word' id='word_1_59' title='bbox 191 892 209 931; x_wconf 59' lang='grc' dir='ltr'>ξ</span> <span class='ocrx_word' id='word_1_60' title='bbox 231 893 250 922; x_wconf 84' lang='grc'><strong>7</strong></span> <span class='ocrx_word' id='word_1_61' title='bbox 273 891 327 922; x_wconf 84' lang='lat' dir='ltr'>Ita</span> <span class='ocrx_word' id='word_1_62' title='bbox 349 890 432 931; x_wconf 82' lang='lat' dir='ltr'>cum]</span> <span class='ocrx_word' id='word_1_63' title='bbox 469 891 558 924; x_wconf 81' lang='lat' dir='ltr'>Quid</span> <span class='ocrx_word' id='word_1_64' title='bbox 573 890 636 922; x_wconf 93' lang='lat' dir='ltr'>sibi</span> <span class='ocrx_word' id='word_1_65' title='bbox 651 890 734 922; x_wconf 88' lang='lat' dir='ltr'>velit</span> <span class='ocrx_word' id='word_1_66' title='bbox 747 890 800 921; x_wconf 87' lang='lat' dir='ltr'>Ita</span> <span class='ocrx_word' id='word_1_67' title='bbox 811 890 842 921; x_wconf 90' lang='lat' dir='ltr'>h.</span> 
     </span>
     <span class='ocr_line' id='line_1_12' title="bbox 149 940 844 982; baseline 0.001 -11"><span class='ocrx_word' id='word_1_68' title='bbox 149 941 282 982; x_wconf 89' lang='lat' dir='ltr'>quidem</span> <span class='ocrx_word' id='word_1_69' title='bbox 302 942 326 973; x_wconf 86' lang='lat' dir='ltr'>l.</span> <span class='ocrx_word' id='word_1_70' title='bbox 344 950 412 972; x_wconf 90' lang='lat' dir='ltr'>non</span> <span class='ocrx_word' id='word_1_71' title='bbox 427 941 592 981; x_wconf 85' lang='lat' dir='ltr'>intelligo.</span> <span class='ocrx_word' id='word_1_72' title='bbox 636 940 677 971; x_wconf 89' lang='lat' dir='ltr'>Iu</span> <span class='ocrx_word' id='word_1_73' title='bbox 693 941 779 972; x_wconf 85' lang='lat' dir='ltr'>Mss.</span> <span class='ocrx_word' id='word_1_74' title='bbox 796 940 844 972; x_wconf 90' lang='lat' dir='ltr'>le-</span> 
     </span>
     <span class='ocr_line' id='line_1_13' title="bbox 149 990 845 1033; baseline -0.003 -11"><span class='ocrx_word' id='word_1_75' title='bbox 149 992 241 1031; x_wconf 80' lang='lat' dir='ltr'>gitur</span> <span class='ocrx_word' id='word_1_76' title='bbox 256 992 376 1032; x_wconf 79' lang='lat' dir='ltr'>Itaqne,</span> <span class='ocrx_word' id='word_1_77' title='bbox 405 991 495 1033; x_wconf 87' lang='lat' dir='ltr'>quod</span> <span class='ocrx_word' id='word_1_78' title='bbox 511 991 614 1022; x_wconf 85' lang='lat' dir='ltr'>nihilo</span> <span class='ocrx_word' id='word_1_79' title='bbox 629 990 765 1021; x_wconf 88' lang='lat' dir='ltr'>videtur</span> <span class='ocrx_word' id='word_1_80' title='bbox 778 999 845 1020; x_wconf 90' lang='lat' dir='ltr'>me-</span> 
     </span>
     <span class='ocr_line' id='line_1_14' title="bbox 151 1039 846 1082; baseline -0.001 -11"><span class='ocrx_word' id='word_1_81' title='bbox 151 1041 226 1082; x_wconf 90' lang='lat' dir='ltr'>lius,</span> <span class='ocrx_word' id='word_1_82' title='bbox 253 1051 329 1073; x_wconf 84' lang='lat' dir='ltr'>cum</span> <span class='ocrx_word' id='word_1_83' title='bbox 361 1041 570 1073; x_wconf 84' lang='lat' dir='ltr'>causalitatis</span> <span class='ocrx_word' id='word_1_84' title='bbox 599 1040 693 1072; x_wconf 86' lang='lat' dir='ltr'>nulla</span> <span class='ocrx_word' id='word_1_85' title='bbox 721 1039 777 1071; x_wconf 90' lang='lat' dir='ltr'>hic</span> <span class='ocrx_word' id='word_1_86' title='bbox 801 1039 846 1071; x_wconf 87' lang='lat' dir='ltr'>sit</span> 
     </span>
    </p>
   </div>
   <div class='ocr_carea' id='block_1_3' title="bbox 1506 333 1591 374">
    <p class='ocr_par' dir='ltr' id='par_1_5' title="bbox 1506 333 1591 374">
     <span class='ocr_line' id='line_1_15' title="bbox 1506 333 1591 374; baseline -0.012 0"><span class='ocrx_word' id='word_1_87' title='bbox 1506 333 1591 374; x_wconf 78' lang='lat'>973</span> 
     </span>
    </p>
   </div>
   <div class='ocr_carea' id='block_1_4' title="bbox 892 436 1596 1071">
    <p class='ocr_par' dir='ltr' id='par_1_6' title="bbox 892 436 1594 777">
     <span class='ocr_line' id='line_1_16' title="bbox 895 436 1592 479; baseline -0.004 -10"><span class='ocrx_word' id='word_1_88' title='bbox 895 439 994 470; x_wconf 88' lang='lat' dir='ltr'>ratio.</span> <span class='ocrx_word' id='word_1_89' title='bbox 1041 437 1191 479; x_wconf 85' lang='lat' dir='ltr'>Legend.</span> <span class='ocrx_word' id='word_1_90' title='bbox 1206 437 1276 469; x_wconf 85' lang='lat' dir='ltr'>sine</span> <span class='ocrx_word' id='word_1_91' title='bbox 1294 436 1393 468; x_wconf 82' lang='lat' dir='ltr'>dublo</span> <span class='ocrx_word' id='word_1_92' title='bbox 1408 436 1520 467; x_wconf 74' lang='lat' dir='ltr'>duobus</span> <span class='ocrx_word' id='word_1_93' title='bbox 1539 445 1592 466; x_wconf 83' lang='lat' dir='ltr'>an-</span> 
     </span>
     <span class='ocr_line' id='line_1_17' title="bbox 893 487 1592 529; baseline -0.003 -10"><span class='ocrx_word' id='word_1_94' title='bbox 893 488 1064 529; x_wconf 79' lang='lat' dir='ltr'>nispotz&#39;ta.</span> <span class='ocrx_word' id='word_1_95' title='bbox 1108 488 1187 523; x_wconf 83' lang='lat' dir='ltr'>Quae</span> <span class='ocrx_word' id='word_1_96' title='bbox 1205 498 1285 528; x_wconf 81' lang='lat' dir='ltr'>cum,</span> <span class='ocrx_word' id='word_1_97' title='bbox 1300 488 1353 527; x_wconf 65' lang='grc'>8)·0.</span> <span class='ocrx_word' id='word_1_98' title='bbox 1389 488 1523 518; x_wconf 84' lang='lat' dir='ltr'>Vocula</span> <span class='ocrx_word' id='word_1_99' title='bbox 1540 487 1592 518; x_wconf 80' lang='lat' dir='ltr'>lta</span> 
     </span>
     <span class='ocr_line' id='line_1_18' title="bbox 894 536 1589 579; baseline -0.003 -10"><span class='ocrx_word' id='word_1_100' title='bbox 894 547 1072 579; x_wconf 83' lang='lat' dir='ltr'><strong>perperam</strong></span> <span class='ocrx_word' id='word_1_101' title='bbox 1087 541 1139 568; x_wconf 85' lang='lat' dir='ltr'>est</span> <span class='ocrx_word' id='word_1_102' title='bbox 1155 537 1300 577; x_wconf 86' lang='lat' dir='ltr'>repetita</span> <span class='ocrx_word' id='word_1_103' title='bbox 1316 546 1357 567; x_wconf 85' lang='lat' dir='ltr'>ex</span> <span class='ocrx_word' id='word_1_104' title='bbox 1375 546 1479 577; x_wconf 82' lang='lat' dir='ltr'>praec.</span> <span class='ocrx_word' id='word_1_105' title='bbox 1497 536 1589 567; x_wconf 82' lang='lat' dir='ltr'>vocis</span> 
     </span>
     <span class='ocr_line' id='line_1_19' title="bbox 894 586 1592 627; baseline -0.003 -9"><span class='ocrx_word' id='word_1_106' title='bbox 894 588 1019 618; x_wconf 83' lang='lat' dir='ltr'>ultimis</span> <span class='ocrx_word' id='word_1_107' title='bbox 1047 587 1155 618; x_wconf 85' lang='lat' dir='ltr'>literis</span> <span class='ocrx_word' id='word_1_108' title='bbox 1194 588 1203 604; x_wconf 88' lang='lat'>‘</span> <span class='ocrx_word' id='word_1_109' title='bbox 1218 586 1350 627; x_wconf 62' lang='lat' dir='ltr'>potita!</span> <span class='ocrx_word' id='word_1_110' title='bbox 1396 587 1486 617; x_wconf 85' lang='lat' dir='ltr'>Dein</span> <span class='ocrx_word' id='word_1_111' title='bbox 1515 596 1592 617; x_wconf 90' lang='lat' dir='ltr'>cum</span> 
     </span>
     <span class='ocr_line' id='line_1_20' title="bbox 895 636 1594 677; baseline -0.001 -9"><span class='ocrx_word' id='word_1_112' title='bbox 895 638 973 673; x_wconf 81' lang='lat' dir='ltr'>Quoe</span> <span class='ocrx_word' id='word_1_113' title='bbox 989 637 1154 677; x_wconf 83' lang='lat' dir='ltr'>scriptum</span> <span class='ocrx_word' id='word_1_114' title='bbox 1171 641 1262 667; x_wconf 88' lang='lat' dir='ltr'>esset</span> <span class='ocrx_word' id='word_1_115' title='bbox 1275 646 1336 677; x_wconf 89' lang='lat' dir='ltr'>per</span> <span class='ocrx_word' id='word_1_116' title='bbox 1351 646 1367 667; x_wconf 80' lang='lat' dir='ltr'>e</span> <span class='ocrx_word' id='word_1_117' title='bbox 1383 636 1539 675; x_wconf 89' lang='lat' dir='ltr'>simplex,</span> <span class='ocrx_word' id='word_1_118' title='bbox 1554 641 1594 667; x_wconf 87' lang='lat' dir='ltr'>ut</span> 
     </span>
     <span class='ocr_line' id='line_1_21' title="bbox 892 687 1594 727; baseline -0.003 -8"><span class='ocrx_word' id='word_1_119' title='bbox 892 688 933 719; x_wconf 87' lang='lat' dir='ltr'>fit</span> <span class='ocrx_word' id='word_1_120' title='bbox 944 687 978 718; x_wconf 90' lang='lat' dir='ltr'>in</span> <span class='ocrx_word' id='word_1_121' title='bbox 989 688 1075 718; x_wconf 89' lang='lat' dir='ltr'>Mss.</span> <span class='ocrx_word' id='word_1_122' title='bbox 1089 687 1340 727; x_wconf 86' lang='lat' dir='ltr'>conjunxerunt</span> <span class='ocrx_word' id='word_1_123' title='bbox 1349 690 1541 726; x_wconf 86' lang='lat' dir='ltr'>utrumque,</span> <span class='ocrx_word' id='word_1_124' title='bbox 1554 696 1594 717; x_wconf 84' lang='lat' dir='ltr'>ac</span> 
     </span>
     <span class='ocr_line' id='line_1_22' title="bbox 894 735 1329 777; baseline -0.007 -7"><span class='ocrx_word' id='word_1_125' title='bbox 894 736 1052 770; x_wconf 87' lang='lat' dir='ltr'>fecerunt</span> <span class='ocrx_word' id='word_1_126' title='bbox 1065 737 1188 777; x_wconf 84' lang='lat' dir='ltr'>Itaque.</span> <span class='ocrx_word' id='word_1_127' title='bbox 1211 735 1329 768; x_wconf 85' lang='lat' dir='ltr'>Schef.</span> 
     </span>
    </p>

    <p class='ocr_par' dir='ltr' id='par_1_7' title="bbox 896 786 1596 1071">
     <span class='ocr_line' id='line_1_23' title="bbox 938 786 1593 829; baseline -0.002 -11"><span class='ocrx_word' id='word_1_128' title='bbox 938 789 957 829; x_wconf 60' lang='grc' dir='ltr'><strong>ξ</strong></span> <span class='ocrx_word' id='word_1_129' title='bbox 979 790 999 818; x_wconf 88' lang='grc'>8</span> <span class='ocrx_word' id='word_1_130' title='bbox 1023 787 1093 818; x_wconf 80' lang='lat' dir='ltr'>Diu</span> <span class='ocrx_word' id='word_1_131' title='bbox 1116 786 1273 826; x_wconf 82' lang='lat' dir='ltr'>detentus]</span> <span class='ocrx_word' id='word_1_132' title='bbox 1301 787 1385 817; x_wconf 88' lang='lat' dir='ltr'>Mss.</span> <span class='ocrx_word' id='word_1_133' title='bbox 1402 787 1510 827; x_wconf 83' lang='lat' dir='ltr'>Bong.</span> <span class='ocrx_word' id='word_1_134' title='bbox 1525 796 1593 817; x_wconf 92' lang='lat' dir='ltr'>om-</span> 
     </span>
     <span class='ocr_line' id='line_1_24' title="bbox 896 835 1595 876; baseline -0.003 -8"><span class='ocrx_word' id='word_1_135' title='bbox 896 846 956 868; x_wconf 90' lang='lat' dir='ltr'>nes</span> <span class='ocrx_word' id='word_1_136' title='bbox 980 836 1108 867; x_wconf 85' lang='lat' dir='ltr'>habent</span> <span class='ocrx_word' id='word_1_137' title='bbox 1134 835 1189 867; x_wconf 83' lang='lat' dir='ltr'>diu,</span> <span class='ocrx_word' id='word_1_138' title='bbox 1211 839 1326 875; x_wconf 85' lang='lat' dir='ltr'>tentus,</span> <span class='ocrx_word' id='word_1_139' title='bbox 1349 835 1438 876; x_wconf 89' lang='lat' dir='ltr'>quod</span> <span class='ocrx_word' id='word_1_140' title='bbox 1469 836 1595 875; x_wconf 85' lang='lat' dir='ltr'>nescio,</span> 
     </span>
     <span class='ocr_line' id='line_1_25' title="bbox 898 886 1593 928; baseline -0.001 -10"><span class='ocrx_word' id='word_1_141' title='bbox 898 896 1000 928; x_wconf 84' lang='lat' dir='ltr'>quare</span> <span class='ocrx_word' id='word_1_142' title='bbox 1030 887 1203 917; x_wconf 85' lang='lat' dir='ltr'>noluerint</span> <span class='ocrx_word' id='word_1_143' title='bbox 1226 887 1383 926; x_wconf 83' lang='lat' dir='ltr'>recipere</span> <span class='ocrx_word' id='word_1_144' title='bbox 1399 886 1434 916; x_wconf 92' lang='lat' dir='ltr'>in</span> <span class='ocrx_word' id='word_1_145' title='bbox 1450 890 1593 917; x_wconf 87' lang='lat' dir='ltr'>textum.</span> 
     </span>
     <span class='ocr_line' id='line_1_26' title="bbox 897 935 1596 976; baseline -0.001 -9"><span class='ocrx_word' id='word_1_146' title='bbox 897 937 986 968; x_wconf 88' lang='lat' dir='ltr'>Nam</span> <span class='ocrx_word' id='word_1_147' title='bbox 1002 938 1011 954; x_wconf 88' lang='lat'>‘</span> <span class='ocrx_word' id='word_1_148' title='bbox 1027 935 1164 967; x_wconf 87' lang='lat' dir='ltr'>teuere&#39;</span> <span class='ocrx_word' id='word_1_149' title='bbox 1189 945 1262 976; x_wconf 88' lang='lat' dir='ltr'>pro,</span> <span class='ocrx_word' id='word_1_150' title='bbox 1277 935 1424 967; x_wconf 84' lang='lat' dir='ltr'>retinere</span> <span class='ocrx_word' id='word_1_151' title='bbox 1442 936 1492 967; x_wconf 90' lang='lat' dir='ltr'>vel</span> <span class='ocrx_word' id='word_1_152' title='bbox 1511 936 1596 966; x_wconf 91' lang='lat' dir='ltr'>deti-</span> 
     </span>
     <span class='ocr_line' id='line_1_27' title="bbox 898 986 1595 1029; baseline -0.001 -11"><span class='ocrx_word' id='word_1_153' title='bbox 898 996 993 1027; x_wconf 87' lang='lat' dir='ltr'>nere,</span> <span class='ocrx_word' id='word_1_154' title='bbox 1021 986 1180 1029; x_wconf 86' lang='lat' dir='ltr'><strong>frequens</strong></span> <span class='ocrx_word' id='word_1_155' title='bbox 1207 996 1261 1028; x_wconf 85' lang='lat' dir='ltr'>ap.</span> <span class='ocrx_word' id='word_1_156' title='bbox 1286 986 1432 1027; x_wconf 88' lang='lat' dir='ltr'>optimos</span> <span class='ocrx_word' id='word_1_157' title='bbox 1455 986 1595 1027; x_wconf 44' lang='lat' dir='ltr'>scripto*</span> 
     </span>
     <span class='ocr_line' id='line_1_28' title="bbox 898 1038 1046 1071; baseline 0.007 -1"><span class='ocrx_word' id='word_1_158' title='bbox 898 1048 967 1071; x_wconf 75' lang='lat' dir='ltr'>res,</span> <span class='ocrx_word' id='word_1_159' title='bbox 994 1038 1046 1071; x_wconf 87' lang='lat' dir='ltr'>Id.</span> 
     </span>
    </p>
   </div>
   <div class='ocr_carea' id='block_1_5' title="bbox 598 1393 1121 1444">
    <p class='ocr_par' dir='ltr' id='par_1_8' title="bbox 598 1393 1121 1444">
     <span class='ocr_line' id='line_1_29' title="bbox 598 1393 1121 1444; baseline -0.006 -1"><span class='ocrx_word' id='word_1_160' title='bbox 598 1395 816 1444; x_wconf 82' lang='lat' dir='ltr'>LIBER</span> <span class='ocrx_word' id='word_1_161' title='bbox 855 1393 1121 1442; x_wconf 81' lang='lat' dir='ltr'><strong>XXXIV·</strong></span> 
     </span>
    </p>
   </div>
   <div class='ocr_carea' id='block_1_6' title="bbox 155 1540 857 2720">
    <p class='ocr_par' dir='ltr' id='par_1_9' title="bbox 156 1540 852 1781">
     <span class='ocr_line' id='line_1_30' title="bbox 199 1540 851 1583; baseline -0.003 -9"><span class='ocrx_word' id='word_1_162' title='bbox 199 1543 286 1574; x_wconf 73' lang='lat' dir='ltr'>CAP.</span> <span class='ocrx_word' id='word_1_163' title='bbox 303 1551 328 1574; x_wconf 91' lang='lat'>1.</span> <span class='ocrx_word' id='word_1_164' title='bbox 362 1544 379 1583; x_wconf 55' lang='grc' dir='ltr'>ξ</span> <span class='ocrx_word' id='word_1_165' title='bbox 399 1545 416 1573; x_wconf 92' lang='grc'><strong>1</strong></span> <span class='ocrx_word' id='word_1_166' title='bbox 440 1542 562 1583; x_wconf 81' lang='lat' dir='ltr'>Achaei]</span> <span class='ocrx_word' id='word_1_167' title='bbox 586 1542 717 1574; x_wconf 88' lang='lat' dir='ltr'>Bellum</span> <span class='ocrx_word' id='word_1_168' title='bbox 731 1540 851 1572; x_wconf 87' lang='lat' dir='ltr'>Achai-</span> 
     </span>
     <span class='ocr_line' id='line_1_31' title="bbox 156 1591 851 1633; baseline -0.003 -9"><span class='ocrx_word' id='word_1_169' title='bbox 156 1602 246 1632; x_wconf 88' lang='lat' dir='ltr'>cum,</span> <span class='ocrx_word' id='word_1_170' title='bbox 277 1597 312 1625; x_wconf 90' lang='lat' dir='ltr'>et</span> <span class='ocrx_word' id='word_1_171' title='bbox 348 1593 419 1633; x_wconf 88' lang='lat' dir='ltr'>ejus</span> <span class='ocrx_word' id='word_1_172' title='bbox 455 1593 616 1633; x_wconf 84' lang='lat' dir='ltr'>originem</span> <span class='ocrx_word' id='word_1_173' title='bbox 644 1592 759 1623; x_wconf 89' lang='lat' dir='ltr'>multis</span> <span class='ocrx_word' id='word_1_174' title='bbox 793 1591 851 1622; x_wconf 90' lang='lat' dir='ltr'>de-</span> 
     </span>
     <span class='ocr_line' id='line_1_32' title="bbox 156 1641 852 1674; baseline 0 -1"><span class='ocrx_word' id='word_1_175' title='bbox 156 1642 277 1674; x_wconf 85' lang='lat' dir='ltr'>scribit</span> <span class='ocrx_word' id='word_1_176' title='bbox 314 1643 415 1673; x_wconf 88' lang='lat' dir='ltr'>Paus.</span> <span class='ocrx_word' id='word_1_177' title='bbox 448 1641 618 1674; x_wconf 87' lang='lat' dir='ltr'>Achaicis.</span> <span class='ocrx_word' id='word_1_178' title='bbox 661 1641 741 1672; x_wconf 89' lang='lat' dir='ltr'>Vid.</span> <span class='ocrx_word' id='word_1_179' title='bbox 778 1642 852 1673; x_wconf 83' lang='lat' dir='ltr'>Liv.</span> 
     </span>
     <span class='ocr_line' id='line_1_33' title="bbox 156 1691 851 1724; baseline 0 -2"><span class='ocrx_word' id='word_1_180' title='bbox 156 1701 218 1723; x_wconf 83' lang='lat'><strong>1.11.</strong></span> <span class='ocrx_word' id='word_1_181' title='bbox 244 1696 280 1723; x_wconf 87' lang='lat' dir='ltr'>et</span> <span class='ocrx_word' id='word_1_182' title='bbox 307 1692 395 1723; x_wconf 88' lang='lat' dir='ltr'>Flor.</span> <span class='ocrx_word' id='word_1_183' title='bbox 426 1701 465 1723; x_wconf 89' lang='lat'>11.</span> <span class='ocrx_word' id='word_1_184' title='bbox 496 1694 547 1724; x_wconf 83' lang='lat'>16.</span> <span class='ocrx_word' id='word_1_185' title='bbox 581 1691 721 1722; x_wconf 88' lang='lat' dir='ltr'>Patere.</span> <span class='ocrx_word' id='word_1_186' title='bbox 748 1699 774 1722; x_wconf 90' lang='lat'>1.</span> <span class='ocrx_word' id='word_1_187' title='bbox 800 1693 851 1722; x_wconf 86' lang='lat'>12.</span> 
     </span>
     <span class='ocr_line' id='line_1_34' title="bbox 156 1741 479 1781; baseline -0.003 -9"><span class='ocrx_word' id='word_1_188' title='bbox 156 1741 256 1773; x_wconf 85' lang='lat' dir='ltr'>Oros.</span> <span class='ocrx_word' id='word_1_189' title='bbox 269 1751 305 1773; x_wconf 83' lang='lat' dir='ltr'>v.</span> <span class='ocrx_word' id='word_1_190' title='bbox 319 1744 350 1772; x_wconf 80' lang='lat'>3.</span> <span class='ocrx_word' id='word_1_191' title='bbox 374 1742 479 1781; x_wconf 78' lang='lat' dir='ltr'>Bong.</span> 
     </span>
    </p>

    <p class='ocr_par' dir='ltr' id='par_1_10' title="bbox 156 1789 852 2020">
     <span class='ocr_line' id='line_1_35' title="bbox 200 1789 852 1831; baseline -0.003 -9"><span class='ocrx_word' id='word_1_192' title='bbox 200 1792 260 1831; x_wconf 71' lang='lat'>§2</span> <span class='ocrx_word' id='word_1_193' title='bbox 288 1791 390 1822; x_wconf 85' lang='lat' dir='ltr'>Unum</span> <span class='ocrx_word' id='word_1_194' title='bbox 418 1790 539 1831; x_wconf 80' lang='lat' dir='ltr'>corpus]</span> <span class='ocrx_word' id='word_1_195' title='bbox 576 1789 699 1830; x_wconf 90' lang='lat' dir='ltr'>Polyb.</span> <span class='ocrx_word' id='word_1_196' title='bbox 728 1798 757 1820; x_wconf 87' lang='lat'>11</span> <span class='ocrx_word' id='word_1_197' title='bbox 799 1792 852 1821; x_wconf 83' lang='lat'>38.</span> 
     </span>
     <span class='ocr_line' id='line_1_36' title="bbox 156 1838 851 1880; baseline 0 -10"><span class='ocrx_word' id='word_1_198' title='bbox 156 1838 303 1871; x_wconf 87' lang='lat' dir='ltr'>Achaeos</span> <span class='ocrx_word' id='word_1_199' title='bbox 326 1845 366 1871; x_wconf 93' lang='lat' dir='ltr'>ut</span> <span class='ocrx_word' id='word_1_200' title='bbox 390 1840 555 1880; x_wconf 87' lang='lat' dir='ltr'>optimum</span> <span class='ocrx_word' id='word_1_201' title='bbox 577 1840 749 1880; x_wconf 87' lang='lat' dir='ltr'>exemplar</span> <span class='ocrx_word' id='word_1_202' title='bbox 767 1839 851 1870; x_wconf 87' lang='lat' dir='ltr'>bene</span> 
     </span>
     <span class='ocr_line' id='line_1_37' title="bbox 158 1888 852 1929; baseline -0.001 -9"><span class='ocrx_word' id='word_1_203' title='bbox 158 1889 352 1920; x_wconf 83' lang='lat' dir='ltr'>constitutae</span> <span class='ocrx_word' id='word_1_204' title='bbox 373 1889 518 1929; x_wconf 90' lang='lat' dir='ltr'>Reipub.</span> <span class='ocrx_word' id='word_1_205' title='bbox 535 1888 760 1929; x_wconf 84' lang='lat' dir='ltr'>commendat,</span> <span class='ocrx_word' id='word_1_206' title='bbox 776 1899 852 1920; x_wconf 89' lang='lat' dir='ltr'>cum</span> 
     </span>
     <span class='ocr_line' id='line_1_38' title="bbox 157 1938 852 1979; baseline 0 -10"><span class='ocrx_word' id='word_1_207' title='bbox 157 1948 225 1978; x_wconf 89' lang='lat' dir='ltr'>quo</span> <span class='ocrx_word' id='word_1_208' title='bbox 240 1939 583 1979; x_wconf 83' lang='lat' dir='ltr'>Belgico-Germania</span> <span class='ocrx_word' id='word_1_209' title='bbox 601 1939 633 1968; x_wconf 92' lang='lat' dir='ltr'>in</span> <span class='ocrx_word' id='word_1_210' title='bbox 648 1938 762 1969; x_wconf 89' lang='lat' dir='ltr'>multis</span> <span class='ocrx_word' id='word_1_211' title='bbox 776 1947 852 1969; x_wconf 89' lang='lat' dir='ltr'>con-</span> 
     </span>
     <span class='ocr_line' id='line_1_39' title="bbox 157 1988 553 2020; baseline 0 -1"><span class='ocrx_word' id='word_1_212' title='bbox 157 1989 274 2020; x_wconf 82' lang='lat' dir='ltr'>venire</span> <span class='ocrx_word' id='word_1_213' title='bbox 286 1988 431 2020; x_wconf 89' lang='lat' dir='ltr'>videtur.</span> <span class='ocrx_word' id='word_1_214' title='bbox 454 1989 553 2019; x_wconf 81' lang='lat' dir='ltr'>Bern.</span> 
     </span>
    </p>

    <p class='ocr_par' dir='ltr' id='par_1_11' title="bbox 155 2037 857 2720">
     <span class='ocr_line' id='line_1_40' title="bbox 199 2037 854 2079; baseline -0.003 -10"><span class='ocrx_word' id='word_1_215' title='bbox 199 2040 217 2079; x_wconf 50' lang='grc' dir='ltr'>ᾗ</span> <span class='ocrx_word' id='word_1_216' title='bbox 240 2042 259 2069; x_wconf 87' lang='grc'><strong><em>5</em></strong></span> <span class='ocrx_word' id='word_1_217' title='bbox 286 2038 533 2078; x_wconf 83' lang='lat' dir='ltr'>Frangerentur]</span> <span class='ocrx_word' id='word_1_218' title='bbox 567 2037 646 2069; x_wconf 91' lang='lat' dir='ltr'>Non</span> <span class='ocrx_word' id='word_1_219' title='bbox 661 2037 854 2078; x_wconf 86' lang='lat' dir='ltr'>displiceat,</span> 
     </span>
     <span class='ocr_line' id='line_1_41' title="bbox 157 2087 852 2128; baseline -0.001 -10"><span class='ocrx_word' id='word_1_220' title='bbox 157 2088 246 2128; x_wconf 90' lang='lat' dir='ltr'>quod</span> <span class='ocrx_word' id='word_1_221' title='bbox 272 2087 308 2118; x_wconf 90' lang='lat' dir='ltr'>in</span> <span class='ocrx_word' id='word_1_222' title='bbox 346 2089 431 2118; x_wconf 83' lang='lat' dir='ltr'>Mss.</span> <span class='ocrx_word' id='word_1_223' title='bbox 459 2096 533 2118; x_wconf 86' lang='lat' dir='ltr'>esse</span> <span class='ocrx_word' id='word_1_224' title='bbox 568 2090 715 2118; x_wconf 83' lang='lat' dir='ltr'>testatur</span> <span class='ocrx_word' id='word_1_225' title='bbox 742 2087 852 2127; x_wconf 86' lang='lat' dir='ltr'>Bong.</span> 
     </span>
     <span class='ocr_line' id='line_1_42' title="bbox 156 2136 853 2177; baseline 0.001 -11"><span class='ocrx_word' id='word_1_226' title='bbox 156 2137 392 2175; x_wconf 74' lang='lat' dir='ltr'>trajicerentur:</span> <span class='ocrx_word' id='word_1_227' title='bbox 416 2140 453 2167; x_wconf 89' lang='lat' dir='ltr'>ut</span> <span class='ocrx_word' id='word_1_228' title='bbox 466 2145 513 2167; x_wconf 90' lang='lat' dir='ltr'>sc.</span> <span class='ocrx_word' id='word_1_229' title='bbox 527 2136 730 2176; x_wconf 84' lang='lat' dir='ltr'>trajectione</span> <span class='ocrx_word' id='word_1_230' title='bbox 746 2145 853 2177; x_wconf 89' lang='lat' dir='ltr'>popu-</span> 
     </span>
     <span class='ocr_line' id='line_1_43' title="bbox 155 2185 854 2226; baseline 0 -10"><span class='ocrx_word' id='word_1_231' title='bbox 155 2187 264 2217; x_wconf 89' lang='lat' dir='ltr'>lorum</span> <span class='ocrx_word' id='word_1_232' title='bbox 288 2185 535 2217; x_wconf 84' lang='lat' dir='ltr'>contumaciam</span> <span class='ocrx_word' id='word_1_233' title='bbox 559 2195 674 2217; x_wconf 89' lang='lat' dir='ltr'>eorum</span> <span class='ocrx_word' id='word_1_234' title='bbox 699 2185 854 2226; x_wconf 77' lang='lat' dir='ltr'>frangen-</span> 
     </span>
     <span class='ocr_line' id='line_1_44' title="bbox 158 2234 855 2276; baseline 0 -10"><span class='ocrx_word' id='word_1_235' title='bbox 158 2235 235 2266; x_wconf 89' lang='lat' dir='ltr'>dam</span> <span class='ocrx_word' id='word_1_236' title='bbox 251 2235 394 2266; x_wconf 84' lang='lat' dir='ltr'>Romani</span> <span class='ocrx_word' id='word_1_237' title='bbox 413 2234 628 2267; x_wconf 81' lang='lat' dir='ltr'>censuerint:</span> <span class='ocrx_word' id='word_1_238' title='bbox 652 2235 742 2276; x_wconf 86' lang='lat' dir='ltr'>quod</span> <span class='ocrx_word' id='word_1_239' title='bbox 771 2234 855 2267; x_wconf 85' lang='lat' dir='ltr'>fecit</span> 
     </span>
     <span class='ocr_line' id='line_1_45' title="bbox 158 2285 853 2325; baseline -0.001 -9"><span class='ocrx_word' id='word_1_240' title='bbox 158 2285 336 2325; x_wconf 89' lang='lat' dir='ltr'>Philippus</span> <span class='ocrx_word' id='word_1_241' title='bbox 370 2293 451 2315; x_wconf 86' lang='lat' dir='ltr'>vm.</span> <span class='ocrx_word' id='word_1_242' title='bbox 474 2288 504 2314; x_wconf 92' lang='lat'>5.</span> <span class='ocrx_word' id='word_1_243' title='bbox 528 2287 560 2315; x_wconf 82' lang='lat'>7.</span> <span class='ocrx_word' id='word_1_244' title='bbox 586 2285 768 2317; x_wconf 84' lang='lat' dir='ltr'>Berneccer.</span> <span class='ocrx_word' id='word_1_245' title='bbox 811 2285 853 2315; x_wconf 91' lang='lat' dir='ltr'>In</span> 
     </span>
     <span class='ocr_line' id='line_1_46' title="bbox 158 2333 855 2375; baseline 0 -10"><span class='ocrx_word' id='word_1_246' title='bbox 158 2334 255 2365; x_wconf 86' lang='lat' dir='ltr'>libris</span> <span class='ocrx_word' id='word_1_247' title='bbox 282 2335 391 2374; x_wconf 86' lang='lat' dir='ltr'>Boug.</span> <span class='ocrx_word' id='word_1_248' title='bbox 417 2333 483 2365; x_wconf 83' lang='lat' dir='ltr'>fuit</span> <span class='ocrx_word' id='word_1_249' title='bbox 507 2334 737 2374; x_wconf 77' lang='lat' dir='ltr'>trajicerentur,</span> <span class='ocrx_word' id='word_1_250' title='bbox 763 2334 855 2375; x_wconf 87' lang='lat' dir='ltr'>quod</span> 
     </span>
     <span class='ocr_line' id='line_1_47' title="bbox 160 2383 856 2424; baseline 0 -10"><span class='ocrx_word' id='word_1_251' title='bbox 160 2384 326 2415; x_wconf 82' lang='lat' dir='ltr'>Bernecc.</span> <span class='ocrx_word' id='word_1_252' title='bbox 343 2387 443 2424; x_wconf 86' lang='lat' dir='ltr'>putat</span> <span class='ocrx_word' id='word_1_253' title='bbox 459 2383 612 2424; x_wconf 90' lang='lat' dir='ltr'>probum.</span> <span class='ocrx_word' id='word_1_254' title='bbox 656 2384 741 2414; x_wconf 90' lang='lat' dir='ltr'>Mihi</span> <span class='ocrx_word' id='word_1_255' title='bbox 757 2384 856 2415; x_wconf 87' lang='lat' dir='ltr'>aliter</span> 
     </span>
     <span class='ocr_line' id='line_1_48' title="bbox 159 2432 854 2474; baseline 0 -11"><span class='ocrx_word' id='word_1_256' title='bbox 159 2433 307 2473; x_wconf 85' lang='lat' dir='ltr'>videtur,</span> <span class='ocrx_word' id='word_1_257' title='bbox 336 2443 412 2464; x_wconf 90' lang='lat' dir='ltr'>cum</span> <span class='ocrx_word' id='word_1_258' title='bbox 437 2432 514 2474; x_wconf 89' lang='lat' dir='ltr'>quia</span> <span class='ocrx_word' id='word_1_259' title='bbox 529 2433 716 2464; x_wconf 84' lang='lat' dir='ltr'>istiusmodi</span> <span class='ocrx_word' id='word_1_260' title='bbox 732 2433 854 2473; x_wconf 82' lang='lat' dir='ltr'>trajec-</span> 
     </span>
     <span class='ocr_line' id='line_1_49' title="bbox 162 2481 856 2524; baseline 0.001 -12"><span class='ocrx_word' id='word_1_261' title='bbox 162 2483 222 2522; x_wconf 89' lang='lat' dir='ltr'>tio,</span> <span class='ocrx_word' id='word_1_262' title='bbox 233 2487 304 2513; x_wconf 89' lang='lat' dir='ltr'>tum</span> <span class='ocrx_word' id='word_1_263' title='bbox 319 2482 466 2524; x_wconf 88' lang='lat' dir='ltr'>quidem,</span> <span class='ocrx_word' id='word_1_264' title='bbox 477 2486 513 2514; x_wconf 91' lang='lat' dir='ltr'>et</span> <span class='ocrx_word' id='word_1_265' title='bbox 526 2482 572 2513; x_wconf 91' lang='lat' dir='ltr'>ibi</span> <span class='ocrx_word' id='word_1_266' title='bbox 587 2483 749 2521; x_wconf 85' lang='lat' dir='ltr'>locorum,</span> <span class='ocrx_word' id='word_1_267' title='bbox 761 2481 856 2513; x_wconf 86' lang='lat' dir='ltr'>factu</span> 
     </span>
     <span class='ocr_line' id='line_1_50' title="bbox 162 2531 857 2573; baseline 0.001 -11"><span class='ocrx_word' id='word_1_268' title='bbox 162 2531 298 2563; x_wconf 87' lang='lat' dir='ltr'>videtur</span> <span class='ocrx_word' id='word_1_269' title='bbox 325 2531 430 2563; x_wconf 87' lang='lat' dir='ltr'>fuisse</span> <span class='ocrx_word' id='word_1_270' title='bbox 453 2532 677 2573; x_wconf 81' lang='lat' dir='ltr'>impossibilis,</span> <span class='ocrx_word' id='word_1_271' title='bbox 691 2537 762 2563; x_wconf 89' lang='lat' dir='ltr'>tum</span> <span class='ocrx_word' id='word_1_272' title='bbox 779 2532 857 2573; x_wconf 89' lang='lat' dir='ltr'>quia</span> 
     </span>
     <span class='ocr_line' id='line_1_51' title="bbox 162 2581 856 2622; baseline 0.003 -11"><span class='ocrx_word' id='word_1_273' title='bbox 162 2589 230 2611; x_wconf 84' lang='lat' dir='ltr'>non</span> <span class='ocrx_word' id='word_1_274' title='bbox 263 2581 414 2613; x_wconf 87' lang='lat' dir='ltr'>admittit</span> <span class='ocrx_word' id='word_1_275' title='bbox 452 2582 591 2613; x_wconf 87' lang='lat' dir='ltr'>verbum</span> <span class='ocrx_word' id='word_1_276' title='bbox 619 2582 856 2622; x_wconf 82' lang='lat' dir='ltr'>frangerentur,</span> 
     </span>
     <span class='ocr_line' id='line_1_52' title="bbox 165 2630 856 2671; baseline 0.004 -11"><span class='ocrx_word' id='word_1_277' title='bbox 165 2630 254 2670; x_wconf 90' lang='lat' dir='ltr'>quod</span> <span class='ocrx_word' id='word_1_278' title='bbox 271 2630 349 2661; x_wconf 90' lang='lat' dir='ltr'>mihi</span> <span class='ocrx_word' id='word_1_279' title='bbox 364 2631 473 2671; x_wconf 85' lang='lat' dir='ltr'>glossa</span> <span class='ocrx_word' id='word_1_280' title='bbox 488 2632 568 2663; x_wconf 87' lang='lat' dir='ltr'>lect.</span> <span class='ocrx_word' id='word_1_281' title='bbox 586 2641 674 2662; x_wconf 82' lang='lat' dir='ltr'>verae</span> <span class='ocrx_word' id='word_1_282' title='bbox 691 2641 764 2663; x_wconf 90' lang='lat' dir='ltr'>esse</span> <span class='ocrx_word' id='word_1_283' title='bbox 783 2642 856 2664; x_wconf 90' lang='lat' dir='ltr'>cer-</span> 
     </span>
     <span class='ocr_line' id='line_1_53' title="bbox 164 2680 856 2720; baseline 0.004 -11"><span class='ocrx_word' id='word_1_284' title='bbox 164 2684 200 2710; x_wconf 86' lang='lat' dir='ltr'>to</span> <span class='ocrx_word' id='word_1_285' title='bbox 230 2680 375 2712; x_wconf 84' lang='lat' dir='ltr'>videtur.</span> <span class='ocrx_word' id='word_1_286' title='bbox 420 2682 511 2712; x_wconf 90' lang='lat' dir='ltr'>Puto</span> <span class='ocrx_word' id='word_1_287' title='bbox 537 2686 650 2713; x_wconf 85' lang='lat' dir='ltr'>tamen</span> <span class='ocrx_word' id='word_1_288' title='bbox 674 2682 708 2712; x_wconf 89' lang='lat' dir='ltr'>in</span> <span class='ocrx_word' id='word_1_289' title='bbox 735 2682 856 2720; x_wconf 78' lang='lat' dir='ltr'>trajice-</span> 
     </span>
    </p>
   </div>
   <div class='ocr_carea' id='block_1_7' title="bbox 163 2729 881 2771">
    <p class='ocr_par' dir='ltr' id='par_1_12' title="bbox 163 2729 881 2771">
     <span class='ocr_line' id='line_1_54' title="bbox 163 2729 881 2771; baseline 0.006 -13"><span class='ocrx_word' id='word_1_290' title='bbox 163 2732 273 2759; x_wconf 85' lang='lat' dir='ltr'>rentur</span> <span class='ocrx_word' id='word_1_291' title='bbox 282 2729 390 2761; x_wconf 88' lang='lat' dir='ltr'>latere</span> <span class='ocrx_word' id='word_1_292' title='bbox 407 2731 550 2771; x_wconf 84' lang='lat' dir='ltr'>vestigia</span> <span class='ocrx_word' id='word_1_293' title='bbox 565 2740 655 2762; x_wconf 83' lang='lat' dir='ltr'>verae</span> <span class='ocrx_word' id='word_1_294' title='bbox 666 2731 855 2771; x_wconf 77' lang='lat' dir='ltr'>scripturae.</span> <span class='ocrx_word' id='word_1_295' title='bbox 877 2736 881 2744; x_wconf 82' lang='lat'><strong>⁴</strong></span> 
     </span>
    </p>
   </div>
   <div class='ocr_carea' id='block_1_8' title="bbox 166 2777 856 2821">
    <p class='ocr_par' dir='ltr' id='par_1_13' title="bbox 166 2777 856 2821">
     <span class='ocr_line' id='line_1_55' title="bbox 166 2777 856 2821; baseline 0.004 -12"><span class='ocrx_word' id='word_1_296' title='bbox 166 2777 219 2809; x_wconf 88' lang='lat' dir='ltr'>Ac</span> <span class='ocrx_word' id='word_1_297' title='bbox 247 2779 391 2818; x_wconf 90' lang='lat' dir='ltr'>primum</span> <span class='ocrx_word' id='word_1_298' title='bbox 420 2780 555 2821; x_wconf 86' lang='lat' dir='ltr'>quidem</span> <span class='ocrx_word' id='word_1_299' title='bbox 578 2790 698 2812; x_wconf 87' lang='lat' dir='ltr'>censeo</span> <span class='ocrx_word' id='word_1_300' title='bbox 722 2780 856 2812; x_wconf 79' lang='lat' dir='ltr'>delend.</span> 
     </span>
    </p>
   </div>
   <div class='ocr_carea' id='block_1_9' title="bbox 902 1535 1604 1975">
    <p class='ocr_par' dir='ltr' id='par_1_14' title="bbox 902 1535 1604 1975">
     <span class='ocr_line' id='line_1_56' title="bbox 902 1535 1599 1575; baseline -0.006 -4"><span class='ocrx_word' id='word_1_301' title='bbox 902 1540 1135 1575; x_wconf 81' lang='lat' dir='ltr'>rahicerentur;</span> <span class='ocrx_word' id='word_1_302' title='bbox 1151 1538 1215 1569; x_wconf 67' lang='lat' dir='ltr'>&#39;ita</span> <span class='ocrx_word' id='word_1_303' title='bbox 1242 1537 1332 1568; x_wconf 89' lang='lat' dir='ltr'>enim</span> <span class='ocrx_word' id='word_1_304' title='bbox 1362 1536 1428 1568; x_wconf 84' lang='lat' dir='ltr'>fuit</span> <span class='ocrx_word' id='word_1_305' title='bbox 1456 1535 1488 1567; x_wconf 89' lang='lat' dir='ltr'>in</span> <span class='ocrx_word' id='word_1_306' title='bbox 1513 1536 1599 1568; x_wconf 85' lang='lat' dir='ltr'>Mss.</span> 
     </span>
     <span class='ocr_line' id='line_1_57' title="bbox 905 1584 1601 1629; baseline -0.006 -10"><span class='ocrx_word' id='word_1_307' title='bbox 905 1589 981 1619; x_wconf 85' lang='lat' dir='ltr'>Hoc</span> <span class='ocrx_word' id='word_1_308' title='bbox 995 1597 1128 1629; x_wconf 89' lang='lat' dir='ltr'>quoque</span> <span class='ocrx_word' id='word_1_309' title='bbox 1143 1591 1224 1627; x_wconf 89' lang='lat' dir='ltr'>puto</span> <span class='ocrx_word' id='word_1_310' title='bbox 1237 1586 1408 1617; x_wconf 87' lang='lat' dir='ltr'>dividend.</span> <span class='ocrx_word' id='word_1_311' title='bbox 1425 1586 1456 1616; x_wconf 92' lang='lat' dir='ltr'>in</span> <span class='ocrx_word' id='word_1_312' title='bbox 1475 1584 1552 1624; x_wconf 89' lang='lat' dir='ltr'>duo,</span> <span class='ocrx_word' id='word_1_313' title='bbox 1563 1596 1601 1616; x_wconf 81' lang='lat' dir='ltr'>ra</span> 
     </span>
     <span class='ocr_line' id='line_1_58' title="bbox 903 1634 1601 1677; baseline -0.004 -9"><span class='ocrx_word' id='word_1_314' title='bbox 903 1638 1100 1669; x_wconf 81' lang='lat' dir='ltr'>hicerentur:</span> <span class='ocrx_word' id='word_1_315' title='bbox 1123 1636 1226 1677; x_wconf 83' lang='lat' dir='ltr'>priori</span> <span class='ocrx_word' id='word_1_316' title='bbox 1249 1646 1286 1667; x_wconf 84' lang='lat' dir='ltr'>ra</span> <span class='ocrx_word' id='word_1_317' title='bbox 1312 1636 1341 1666; x_wconf 92' lang='lat' dir='ltr'>si</span> <span class='ocrx_word' id='word_1_318' title='bbox 1362 1636 1514 1676; x_wconf 84' lang='lat' dir='ltr'>imponas</span> <span class='ocrx_word' id='word_1_319' title='bbox 1535 1634 1601 1665; x_wconf 88' lang='lat' dir='ltr'>vir-</span> 
     </span>
     <span class='ocr_line' id='line_1_59' title="bbox 906 1686 1604 1729; baseline -0.004 -10"><span class='ocrx_word' id='word_1_320' title='bbox 906 1689 1016 1729; x_wconf 85' lang='lat' dir='ltr'>gulam</span> <span class='ocrx_word' id='word_1_321' title='bbox 1039 1688 1073 1719; x_wconf 92' lang='lat' dir='ltr'>in</span> <span class='ocrx_word' id='word_1_322' title='bbox 1099 1697 1240 1726; x_wconf 87' lang='lat' dir='ltr'>summo,</span> <span class='ocrx_word' id='word_1_323' title='bbox 1264 1686 1366 1718; x_wconf 85' lang='lat' dir='ltr'>facile</span> <span class='ocrx_word' id='word_1_324' title='bbox 1393 1686 1531 1726; x_wconf 86' lang='lat' dir='ltr'>colligas</span> <span class='ocrx_word' id='word_1_325' title='bbox 1559 1686 1604 1717; x_wconf 85' lang='lat' dir='ltr'>le·</span> 
     </span>
     <span class='ocr_line' id='line_1_60' title="bbox 907 1737 1603 1780; baseline -0.006 -10"><span class='ocrx_word' id='word_1_326' title='bbox 907 1739 1007 1780; x_wconf 84' lang='lat' dir='ltr'>gend.</span> <span class='ocrx_word' id='word_1_327' title='bbox 1031 1749 1094 1779; x_wconf 85' lang='lat' dir='ltr'>pro</span> <span class='ocrx_word' id='word_1_328' title='bbox 1113 1748 1153 1770; x_wconf 88' lang='lat' dir='ltr'>eo</span> <span class='ocrx_word' id='word_1_329' title='bbox 1168 1738 1271 1769; x_wconf 81' lang='lat' dir='ltr'>ruina.</span> <span class='ocrx_word' id='word_1_330' title='bbox 1316 1737 1392 1770; x_wconf 86' lang='lat' dir='ltr'>Jam</span> <span class='ocrx_word' id='word_1_331' title='bbox 1409 1746 1452 1767; x_wconf 82' lang='lat' dir='ltr'>ex</span> <span class='ocrx_word' id='word_1_332' title='bbox 1467 1737 1603 1767; x_wconf 70' lang='lat' dir='ltr'>laiceren-</span> 
     </span>
     <span class='ocr_line' id='line_1_61' title="bbox 904 1785 1603 1830; baseline -0.006 -10"><span class='ocrx_word' id='word_1_333' title='bbox 904 1792 957 1820; x_wconf 83' lang='lat' dir='ltr'>tur</span> <span class='ocrx_word' id='word_1_334' title='bbox 973 1789 1052 1830; x_wconf 87' lang='lat' dir='ltr'>quid</span> <span class='ocrx_word' id='word_1_335' title='bbox 1070 1788 1201 1820; x_wconf 86' lang='lat' dir='ltr'>facilius</span> <span class='ocrx_word' id='word_1_336' title='bbox 1231 1797 1330 1828; x_wconf 86' lang='lat' dir='ltr'>quarn</span> <span class='ocrx_word' id='word_1_337' title='bbox 1353 1785 1498 1817; x_wconf 88' lang='lat' dir='ltr'>formare</span> <span class='ocrx_word' id='word_1_338' title='bbox 1523 1786 1603 1816; x_wconf 84' lang='lat' dir='ltr'>dice-</span> 
     </span>
     <span class='ocr_line' id='line_1_62' title="bbox 903 1835 1603 1876; baseline -0.007 -5"><span class='ocrx_word' id='word_1_339' title='bbox 903 1837 1035 1871; x_wconf 76' lang='lat' dir='ltr'>rentur?</span> <span class='ocrx_word' id='word_1_340' title='bbox 1057 1839 1079 1870; x_wconf 89' lang='lat' dir='ltr'>i.</span> <span class='ocrx_word' id='word_1_341' title='bbox 1095 1848 1127 1870; x_wconf 86' lang='lat' dir='ltr'>e.</span> <span class='ocrx_word' id='word_1_342' title='bbox 1141 1838 1342 1876; x_wconf 73' lang='lat' dir='ltr'>dificerentur</span> <span class='ocrx_word' id='word_1_343' title='bbox 1357 1836 1410 1867; x_wconf 89' lang='lat' dir='ltr'>vel</span> <span class='ocrx_word' id='word_1_344' title='bbox 1431 1835 1603 1873; x_wconf 77' lang='lat' dir='ltr'>disjiceren-</span> 
     </span>
     <span class='ocr_line' id='line_1_63' title="bbox 905 1886 1603 1926; baseline -0.006 -6"><span class='ocrx_word' id='word_1_345' title='bbox 905 1893 967 1920; x_wconf 85' lang='lat' dir='ltr'>tur.</span> <span class='ocrx_word' id='word_1_346' title='bbox 1010 1889 1067 1920; x_wconf 88' lang='lat' dir='ltr'>Ita</span> <span class='ocrx_word' id='word_1_347' title='bbox 1082 1890 1160 1920; x_wconf 92' lang='lat' dir='ltr'>lect.</span> <span class='ocrx_word' id='word_1_348' title='bbox 1176 1888 1310 1926; x_wconf 86' lang='lat' dir='ltr'>integra</span> <span class='ocrx_word' id='word_1_349' title='bbox 1325 1887 1413 1917; x_wconf 82' lang='lat' dir='ltr'>erit:</span> <span class='ocrx_word' id='word_1_350' title='bbox 1438 1889 1480 1925; x_wconf 85' lang='lat' dir='ltr'>et,</span> <span class='ocrx_word' id='word_1_351' title='bbox 1494 1886 1522 1916; x_wconf 78' lang='lat' dir='ltr'>si</span> <span class='ocrx_word' id='word_1_352' title='bbox 1537 1896 1603 1925; x_wconf 83' lang='lat' dir='ltr'>quae</span> 
     </span>
     <span class='ocr_line' id='line_1_64' title="bbox 905 1936 1604 1975; baseline -0.006 -6"><span class='ocrx_word' id='word_1_353' title='bbox 905 1939 996 1969; x_wconf 81' lang='lat' dir='ltr'>urbes</span> <span class='ocrx_word' id='word_1_354' title='bbox 1025 1941 1215 1969; x_wconf 79' lang='lat' dir='ltr'>contumaces</span> <span class='ocrx_word' id='word_1_355' title='bbox 1240 1939 1350 1975; x_wconf 82' lang='lat' dir='ltr'>essent,</span> <span class='ocrx_word' id='word_1_356' title='bbox 1377 1936 1467 1966; x_wconf 77' lang='lat' dir='ltr'>ruina</span> <span class='ocrx_word' id='word_1_357' title='bbox 1499 1936 1604 1974; x_wconf 75' lang='lat' dir='ltr'>dijice-</span> 
     </span>
    </p>
   </div>
   <div class='ocr_carea' id='block_1_10' title="bbox 858 1985 1605 2030">
    <p class='ocr_par' dir='ltr' id='par_1_15' title="bbox 858 1985 1605 2030">
     <span class='ocr_line' id='line_1_65' title="bbox 858 1985 1605 2030; baseline -0.004 -12"><span class='ocrx_word' id='word_1_358' title='bbox 858 2000 861 2003; x_wconf 97' lang='lat'>·</span> <span class='ocrx_word' id='word_1_359' title='bbox 907 1992 1026 2028; x_wconf 84' lang='lat' dir='ltr'>rentur,</span> <span class='ocrx_word' id='word_1_360' title='bbox 1042 1988 1133 2030; x_wconf 89' lang='lat' dir='ltr'>quod</span> <span class='ocrx_word' id='word_1_361' title='bbox 1155 1988 1255 2028; x_wconf 84' lang='lat' dir='ltr'>plane</span> <span class='ocrx_word' id='word_1_362' title='bbox 1284 1986 1365 2016; x_wconf 89' lang='lat' dir='ltr'>illud</span> <span class='ocrx_word' id='word_1_363' title='bbox 1379 1985 1605 2024; x_wconf 84' lang='lat' dir='ltr'>frangerentur</span> 
     </span>
    </p>
   </div>
   <div class='ocr_carea' id='block_1_11' title="bbox 907 2035 1609 2822">
    <p class='ocr_par' dir='ltr' id='par_1_16' title="bbox 908 2035 1604 2127">
     <span class='ocr_line' id='line_1_66' title="bbox 908 2035 1604 2080; baseline -0.007 -10"><span class='ocrx_word' id='word_1_364' title='bbox 908 2044 972 2076; x_wconf 88' lang='lat' dir='ltr'>est,</span> <span class='ocrx_word' id='word_1_365' title='bbox 1006 2039 1098 2080; x_wconf 89' lang='lat' dir='ltr'>quod</span> <span class='ocrx_word' id='word_1_366' title='bbox 1123 2038 1157 2068; x_wconf 90' lang='lat' dir='ltr'>iu</span> <span class='ocrx_word' id='word_1_367' title='bbox 1184 2035 1285 2067; x_wconf 84' lang='lat' dir='ltr'>editis</span> <span class='ocrx_word' id='word_1_368' title='bbox 1316 2035 1416 2066; x_wconf 88' lang='lat' dir='ltr'>hodie</span> <span class='ocrx_word' id='word_1_369' title='bbox 1442 2035 1604 2066; x_wconf 84' lang='lat' dir='ltr'>occurrit.</span> 
     </span>
     <span class='ocr_line' id='line_1_67' title="bbox 908 2087 1009 2127; baseline -0.01 -8"><span class='ocrx_word' id='word_1_370' title='bbox 908 2087 1009 2127; x_wconf 81' lang='lat' dir='ltr'>Schef.</span> 
     </span>
    </p>

    <p class='ocr_par' dir='ltr' id='par_1_17' title="bbox 907 2133 1608 2523">
     <span class='ocr_line' id='line_1_68' title="bbox 949 2133 1603 2179; baseline -0.009 -10"><span class='ocrx_word' id='word_1_371' title='bbox 949 2139 967 2179; x_wconf 61' lang='grc' dir='ltr'>ξ</span> <span class='ocrx_word' id='word_1_372' title='bbox 991 2141 1012 2169; x_wconf 86' lang='grc'>9</span> <span class='ocrx_word' id='word_1_373' title='bbox 1033 2137 1168 2176; x_wconf 81' lang='lat' dir='ltr'>Legatos</span> <span class='ocrx_word' id='word_1_374' title='bbox 1194 2145 1308 2176; x_wconf 84' lang='lat' dir='ltr'>quoque</span> <span class='ocrx_word' id='word_1_375' title='bbox 1332 2133 1428 2174; x_wconf 77' lang='lat' dir='ltr'>ipsos]</span> <span class='ocrx_word' id='word_1_376' title='bbox 1449 2133 1539 2164; x_wconf 87' lang='lat' dir='ltr'>Flor.</span> <span class='ocrx_word' id='word_1_377' title='bbox 1563 2142 1603 2164; x_wconf 87' lang='lat'>11.</span> 
     </span>
     <span class='ocr_line' id='line_1_69' title="bbox 909 2183 1605 2223; baseline -0.009 -4"><span class='ocrx_word' id='word_1_378' title='bbox 909 2191 959 2220; x_wconf 85' lang='lat'>16.</span> <span class='ocrx_word' id='word_1_379' title='bbox 985 2188 1027 2218; x_wconf 90' lang='lat' dir='ltr'>de</span> <span class='ocrx_word' id='word_1_380' title='bbox 1057 2187 1208 2218; x_wconf 86' lang='lat' dir='ltr'>Critolao</span> <span class='ocrx_word' id='word_1_381' title='bbox 1223 2185 1395 2217; x_wconf 87' lang='lat' dir='ltr'>concitore</span> <span class='ocrx_word' id='word_1_382' title='bbox 1408 2184 1480 2223; x_wconf 88' lang='lat' dir='ltr'>huj.</span> <span class='ocrx_word' id='word_1_383' title='bbox 1502 2183 1605 2214; x_wconf 88' lang='lat' dir='ltr'>belli:</span> 
     </span>
     <span class='ocr_line' id='line_1_70' title="bbox 907 2232 1608 2277; baseline -0.01 -9"><span class='ocrx_word' id='word_1_384' title='bbox 907 2238 916 2255; x_wconf 92' lang='lat'>‘</span> <span class='ocrx_word' id='word_1_385' title='bbox 929 2238 1142 2277; x_wconf 85' lang='lat' dir='ltr'>Legatosque</span> <span class='ocrx_word' id='word_1_386' title='bbox 1166 2236 1347 2273; x_wconf 86' lang='lat' dir='ltr'>Romanos,</span> <span class='ocrx_word' id='word_1_387' title='bbox 1361 2232 1500 2263; x_wconf 86' lang='lat' dir='ltr'>dubium</span> <span class='ocrx_word' id='word_1_388' title='bbox 1514 2242 1554 2262; x_wconf 89' lang='lat' dir='ltr'>an</span> <span class='ocrx_word' id='word_1_389' title='bbox 1572 2237 1608 2263; x_wconf 86' lang='lat' dir='ltr'>et</span> 
     </span>
     <span class='ocr_line' id='line_1_71' title="bbox 907 2283 1608 2326; baseline -0.009 -8"><span class='ocrx_word' id='word_1_390' title='bbox 907 2297 1020 2326; x_wconf 88' lang='lat' dir='ltr'>manu,</span> <span class='ocrx_word' id='word_1_391' title='bbox 1048 2291 1144 2317; x_wconf 88' lang='lat' dir='ltr'>certe</span> <span class='ocrx_word' id='word_1_392' title='bbox 1172 2286 1328 2316; x_wconf 83' lang='lat' dir='ltr'>oratione</span> <span class='ocrx_word' id='word_1_393' title='bbox 1359 2283 1517 2314; x_wconf 83' lang='lat' dir='ltr'>violavit.&#39;</span> <span class='ocrx_word' id='word_1_394' title='bbox 1562 2283 1608 2313; x_wconf 89' lang='lat' dir='ltr'>Et</span> 
     </span>
     <span class='ocr_line' id='line_1_72' title="bbox 908 2333 1607 2376; baseline -0.009 -8"><span class='ocrx_word' id='word_1_395' title='bbox 908 2337 982 2368; x_wconf 87' lang='lat' dir='ltr'>Cic.</span> <span class='ocrx_word' id='word_1_396' title='bbox 997 2345 1058 2376; x_wconf 85' lang='lat' dir='ltr'>pro</span> <span class='ocrx_word' id='word_1_397' title='bbox 1078 2337 1116 2367; x_wconf 91' lang='lat' dir='ltr'>L.</span> <span class='ocrx_word' id='word_1_398' title='bbox 1134 2335 1254 2366; x_wconf 85' lang='lat' dir='ltr'>Manil.</span> <span class='ocrx_word' id='word_1_399' title='bbox 1268 2338 1300 2364; x_wconf 88' lang='lat'>5.</span> <span class='ocrx_word' id='word_1_400' title='bbox 1318 2337 1460 2373; x_wconf 86' lang='lat' dir='ltr'>propter</span> <span class='ocrx_word' id='word_1_401' title='bbox 1476 2333 1607 2372; x_wconf 70' lang='lat' dir='ltr'>legatos</span> 
     </span>
     <span class='ocr_line' id='line_1_73' title="bbox 908 2383 1607 2426; baseline -0.009 -9"><span class='ocrx_word' id='word_1_402' title='bbox 908 2385 1087 2426; x_wconf 88' lang='lat' dir='ltr'>superbius</span> <span class='ocrx_word' id='word_1_403' title='bbox 1101 2385 1293 2425; x_wconf 88' lang='lat' dir='ltr'>appellatos</span> <span class='ocrx_word' id='word_1_404' title='bbox 1306 2383 1504 2414; x_wconf 84' lang='lat' dir='ltr'>Corinthum</span> <span class='ocrx_word' id='word_1_405' title='bbox 1513 2392 1607 2413; x_wconf 87' lang='lat' dir='ltr'>ever-</span> 
     </span>
     <span class='ocr_line' id='line_1_74' title="bbox 908 2431 1604 2466; baseline -0.006 0"><span class='ocrx_word' id='word_1_406' title='bbox 908 2445 977 2466; x_wconf 89' lang='lat' dir='ltr'>sam</span> <span class='ocrx_word' id='word_1_407' title='bbox 1007 2434 1102 2466; x_wconf 90' lang='lat' dir='ltr'>dicit.</span> <span class='ocrx_word' id='word_1_408' title='bbox 1154 2433 1231 2465; x_wconf 93' lang='lat' dir='ltr'>Vid.</span> <span class='ocrx_word' id='word_1_409' title='bbox 1262 2438 1297 2464; x_wconf 89' lang='lat' dir='ltr'>et</span> <span class='ocrx_word' id='word_1_410' title='bbox 1327 2433 1370 2463; x_wconf 93' lang='lat' dir='ltr'>de</span> <span class='ocrx_word' id='word_1_411' title='bbox 1401 2431 1472 2463; x_wconf 84' lang='lat' dir='ltr'>Off.</span> <span class='ocrx_word' id='word_1_412' title='bbox 1502 2442 1527 2463; x_wconf 89' lang='lat'>1.</span> <span class='ocrx_word' id='word_1_413' title='bbox 1553 2435 1604 2463; x_wconf 92' lang='grc'>11.</span> 
     </span>
     <span class='ocr_line' id='line_1_75' title="bbox 908 2485 1014 2523; baseline 0 -9"><span class='ocrx_word' id='word_1_414' title='bbox 908 2485 1014 2523; x_wconf 79' lang='lat' dir='ltr'>Bong.</span> 
     </span>
    </p>

    <p class='ocr_par' dir='ltr' id='par_1_18' title="bbox 907 2531 1609 2822">
     <span class='ocr_line' id='line_1_76' title="bbox 951 2531 1602 2573; baseline -0.005 -8"><span class='ocrx_word' id='word_1_415' title='bbox 951 2534 1038 2565; x_wconf 83' lang='lat' dir='ltr'>CAP.</span> <span class='ocrx_word' id='word_1_416' title='bbox 1065 2542 1104 2564; x_wconf 74' lang='grc' dir='ltr'>ιι.</span> <span class='ocrx_word' id='word_1_417' title='bbox 1140 2534 1158 2573; x_wconf 77' lang='lat'>§</span> <span class='ocrx_word' id='word_1_418' title='bbox 1182 2535 1199 2563; x_wconf 92' lang='grc'><strong>1</strong></span> <span class='ocrx_word' id='word_1_419' title='bbox 1234 2531 1387 2563; x_wconf 79' lang='lat' dir='ltr'>IlIummio</span> <span class='ocrx_word' id='word_1_420' title='bbox 1413 2531 1543 2570; x_wconf 80' lang='lat' dir='ltr'>consuli]</span> <span class='ocrx_word' id='word_1_421' title='bbox 1565 2531 1602 2562; x_wconf 85' lang='lat' dir='ltr'>L.</span> 
     </span>
     <span class='ocr_line' id='line_1_77' title="bbox 907 2580 1604 2614; baseline -0.004 0"><span class='ocrx_word' id='word_1_422' title='bbox 907 2583 1090 2614; x_wconf 86' lang='lat' dir='ltr'>Mummius</span> <span class='ocrx_word' id='word_1_423' title='bbox 1120 2592 1195 2614; x_wconf 91' lang='lat' dir='ltr'>cum</span> <span class='ocrx_word' id='word_1_424' title='bbox 1226 2581 1288 2612; x_wconf 93' lang='lat' dir='ltr'>Cn.</span> <span class='ocrx_word' id='word_1_425' title='bbox 1326 2581 1429 2612; x_wconf 87' lang='lat' dir='ltr'>Corn.</span> <span class='ocrx_word' id='word_1_426' title='bbox 1459 2580 1604 2611; x_wconf 89' lang='lat' dir='ltr'>Lentulo</span> 
     </span>
     <span class='ocr_line' id='line_1_78' title="bbox 911 2628 1609 2664; baseline -0.009 0"><span class='ocrx_word' id='word_1_427' title='bbox 911 2633 988 2664; x_wconf 77' lang='lat' dir='ltr'>Cos.</span> <span class='ocrx_word' id='word_1_428' title='bbox 1003 2632 1085 2664; x_wconf 86' lang='lat' dir='ltr'>fuit:</span> <span class='ocrx_word' id='word_1_429' title='bbox 1112 2636 1149 2663; x_wconf 89' lang='lat' dir='ltr'>et</span> <span class='ocrx_word' id='word_1_430' title='bbox 1174 2631 1217 2662; x_wconf 91' lang='lat' dir='ltr'>ab</span> <span class='ocrx_word' id='word_1_431' title='bbox 1240 2631 1368 2661; x_wconf 86' lang='lat' dir='ltr'>Achaia</span> <span class='ocrx_word' id='word_1_432' title='bbox 1389 2629 1528 2660; x_wconf 91' lang='lat' dir='ltr'>devicta</span> <span class='ocrx_word' id='word_1_433' title='bbox 1543 2628 1609 2659; x_wconf 92' lang='lat' dir='ltr'>‘A-</span> 
     </span>
     <span class='ocr_line' id='line_1_79' title="bbox 911 2679 1609 2714; baseline -0.006 -1"><span class='ocrx_word' id='word_1_434' title='bbox 911 2682 1063 2714; x_wconf 87' lang='lat' dir='ltr'>chaicus&#39;</span> <span class='ocrx_word' id='word_1_435' title='bbox 1078 2682 1200 2714; x_wconf 88' lang='lat' dir='ltr'>dietus.</span> <span class='ocrx_word' id='word_1_436' title='bbox 1227 2681 1327 2712; x_wconf 86' lang='lat' dir='ltr'>Oros.</span> <span class='ocrx_word' id='word_1_437' title='bbox 1343 2681 1479 2710; x_wconf 87' lang='lat' dir='ltr'>Patere.</span> <span class='ocrx_word' id='word_1_438' title='bbox 1491 2679 1609 2710; x_wconf 89' lang='lat' dir='ltr'>ceteri.</span> 
     </span>
     <span class='ocr_line' id='line_1_80' title="bbox 915 2729 1608 2772; baseline -0.006 -9"><span class='ocrx_word' id='word_1_439' title='bbox 915 2732 1114 2764; x_wconf 89' lang='lat' dir='ltr'>Corinthum</span> <span class='ocrx_word' id='word_1_440' title='bbox 1141 2735 1272 2772; x_wconf 84' lang='lat' dir='ltr'>captam</span> <span class='ocrx_word' id='word_1_441' title='bbox 1299 2739 1374 2761; x_wconf 88' lang='lat' dir='ltr'>esse</span> <span class='ocrx_word' id='word_1_442' title='bbox 1393 2739 1479 2760; x_wconf 86' lang='lat' dir='ltr'>anuo</span> <span class='ocrx_word' id='word_1_443' title='bbox 1504 2732 1534 2760; x_wconf 83' lang='lat'>3.</span> <span class='ocrx_word' id='word_1_444' title='bbox 1559 2729 1608 2760; x_wconf 90' lang='lat'>0-</span> 
     </span>
     <span class='ocr_line' id='line_1_81' title="bbox 914 2779 1607 2822; baseline -0.001 -10"><span class='ocrx_word' id='word_1_445' title='bbox 914 2783 1018 2822; x_wconf 86' lang='lat' dir='ltr'>lymp.</span> <span class='ocrx_word' id='word_1_446' title='bbox 1049 2784 1122 2812; x_wconf 84' lang='lat'><strong>156.</strong></span> <span class='ocrx_word' id='word_1_447' title='bbox 1151 2780 1268 2811; x_wconf 82' lang='lat' dir='ltr'>scribit</span> <span class='ocrx_word' id='word_1_448' title='bbox 1296 2779 1388 2810; x_wconf 91' lang='lat' dir='ltr'>Plin.</span> <span class='ocrx_word' id='word_1_449' title='bbox 1418 2787 1546 2810; x_wconf 77' lang='lat' dir='ltr'>xxxiv.</span> <span class='ocrx_word' id='word_1_450' title='bbox 1575 2782 1607 2811; x_wconf 81' lang='lat'>2.</span> 
     </span>
    </p>
   </div>
   <div class='ocr_carea' id='block_1_12' title="bbox 166 2828 1384 2872">
    <p class='ocr_par' dir='ltr' id='par_1_19' title="bbox 166 2828 1384 2872">
     <span class='ocr_line' id='line_1_82' title="bbox 166 2828 1384 2872; baseline 0.001 -14"><span class='ocrx_word' id='word_1_451' title='bbox 166 2828 297 2859; x_wconf 89' lang='lat' dir='ltr'>literam</span> <span class='ocrx_word' id='word_1_452' title='bbox 313 2833 327 2859; x_wconf 80' lang='lat' dir='ltr'>t</span> <span class='ocrx_word' id='word_1_453' title='bbox 347 2839 366 2860; x_wconf 89' lang='lat' dir='ltr'>a</span> <span class='ocrx_word' id='word_1_454' title='bbox 380 2831 504 2870; x_wconf 88' lang='lat' dir='ltr'>capite,</span> <span class='ocrx_word' id='word_1_455' title='bbox 527 2841 600 2872; x_wconf 88' lang='lat' dir='ltr'>quae</span> <span class='ocrx_word' id='word_1_456' title='bbox 627 2831 658 2862; x_wconf 87' lang='lat' dir='ltr'>ei</span> <span class='ocrx_word' id='word_1_457' title='bbox 683 2830 862 2862; x_wconf 80' lang='lat' dir='ltr'>adhaeserit</span> <span class='ocrx_word' id='word_1_458' title='bbox 915 2833 1016 2863; x_wconf 87' lang='lat' dir='ltr'>Paus.</span> <span class='ocrx_word' id='word_1_459' title='bbox 1030 2830 1169 2871; x_wconf 86' lang='lat' dir='ltr'>Olymp.</span> <span class='ocrx_word' id='word_1_460' title='bbox 1183 2833 1256 2861; x_wconf 82' lang='grc'><strong>160.</strong></span> <span class='ocrx_word' id='word_1_461' title='bbox 1283 2830 1384 2868; x_wconf 79' lang='lat' dir='ltr'>Bong.</span> 
     </span>
    </p>
   </div>
   <div class='ocr_carea' id='block_1_13' title="bbox 168 2877 861 2924">
    <p class='ocr_par' dir='ltr' id='par_1_20' title="bbox 168 2877 861 2924">
     <span class='ocr_line' id='line_1_83' title="bbox 168 2877 861 2924; baseline 0.009 -16"><span class='ocrx_word' id='word_1_462' title='bbox 168 2887 211 2909; x_wconf 77' lang='lat' dir='ltr'>ex</span> <span class='ocrx_word' id='word_1_463' title='bbox 225 2877 290 2910; x_wconf 88' lang='lat' dir='ltr'>fine</span> <span class='ocrx_word' id='word_1_464' title='bbox 310 2880 402 2912; x_wconf 86' lang='lat' dir='ltr'>vocis</span> <span class='ocrx_word' id='word_1_465' title='bbox 417 2882 641 2923; x_wconf 77' lang='lat' dir='ltr'>praecedentis</span> <span class='ocrx_word' id='word_1_466' title='bbox 656 2893 664 2922; x_wconf 89' lang='lat'>;</span> <span class='ocrx_word' id='word_1_467' title='bbox 692 2883 861 2924; x_wconf 83' lang='lat' dir='ltr'>supererit</span> 
     </span>
    </p>
   </div>
   <div class='ocr_carea' id='block_1_14' title="bbox 913 2879 1608 2924">
    <p class='ocr_par' dir='ltr' id='par_1_21' title="bbox 913 2879 1608 2924">
     <span class='ocr_line' id='line_1_84' title="bbox 913 2879 1608 2924; baseline -0.007 -10"><span class='ocrx_word' id='word_1_468' title='bbox 913 2910 930 2924; x_wconf 25' lang='lat' dir='ltr'>‚a</span> <span class='ocrx_word' id='word_1_469' title='bbox 957 2883 974 2921; x_wconf 57' lang='grc' dir='ltr'>ς</span> <span class='ocrx_word' id='word_1_470' title='bbox 997 2884 1016 2912; x_wconf 85' lang='grc'>2</span> <span class='ocrx_word' id='word_1_471' title='bbox 1041 2880 1104 2912; x_wconf 83' lang='lat' dir='ltr'>Sed</span> <span class='ocrx_word' id='word_1_472' title='bbox 1113 2880 1233 2920; x_wconf 76' lang='lat' dir='ltr'>Achaei,</span> <span class='ocrx_word' id='word_1_473' title='bbox 1248 2879 1344 2919; x_wconf 77' lang='lat' dir='ltr'>velut]</span> <span class='ocrx_word' id='word_1_474' title='bbox 1367 2879 1608 2912; x_wconf 83' lang='lat' dir='ltr'>Hermocrates</span> 
     </span>
    </p>
   </div>
  </div>
 </body>
</html>
