2101 3419
602 362 797 394 JUSTlNl
834 364 926 393 (ΑΒ.
959 363 1105 394 xvrrr.
1136 365 1242 394 cAP.
1271 354 1311 395 3.
1595 352 1680 395 883

241 458 356 489 Romae
372 455 511 495 fuerint,
533 455 623 497 quod
650 465 670 486 a
695 465 774 495 rege
795 465 934 487 munera

239 517 355 539 eorum
372 506 515 538 voluerit
527 515 624 536 nemo
636 504 814 545 accipere!
828 505 932 544 Bong.

283 559 335 598 §⁷
360 555 493 598 Cyneas]
517 555 595 586 Fuit
616 555 668 587 hic
691 555 932 586 Demosthenis

238 606 385 645 auditor,
408 606 501 647 cujus
524 605 719 646 eloquentia
741 606 854 645 plures
878 615 932 636 ur-

238 656 308 694 bes,
331 665 430 696 quam
456 654 523 686 suis
549 654 832 693 armis‚subactas
857 664 932 686 esse

236 705 374 736 dicebat
385 705 546 745 Pyrrhus.
592 705 685 738 Plut.
700 705 821 745 Pyrrh.
837 715 866 737 c.
877 707 930 737 28.

237 753 327 785 Add.
358 754 430 785 Liv.
458 762 584 786 xxxrv.
612 757 666 785 45.
697 755 796 787 Rern.
840 755 930 786 Scri-

237 804 339 836 bend.
373 804 487 835 Cineas
520 814 563 836 ex
598 805 792 836 melioribus
823 805 929 837 libris.

239 854 346 885 Groev.
390 853 459 885 Alii
473 855 595 886 Cineas,
641 854 802 887 Arbitror
817 860 930 887 tamen

235 913 348 935 veram
363 904 564 944 scripturam
581 915 654 936 esse
674 906 807 946 Cyrneas,
826 906 929 948 idque

234 963 276 985 eo
292 954 399 995 magis
421 955 510 995 quod
531 955 594 987 hoc
619 966 739 988 nomen
755 957 804 988 ita
824 958 930 998 scrip·

234 1008 304 1036 tum
332 1015 387 1045 ap.
411 1005 516 1037 Paus.
546 1010 609 1047 est,
632 1007 689 1038 ubi
713 1006 756 1038 de
784 1007 929 1048 quodam

233 1055 377 1086 Eretriae
403 1055 577 1096 proditore
601 1057 682 1096 agit,
706 1057 864 1088 Philabro
888 1058 926 1090 F.

234 1105 372 1145 Cyneae.
403 1115 437 1146 p.
467 1109 541 1138 215.
596 1105 687 1138 Add.
718 1107 808 1147 quod
834 1107 928 1148 origo

233 1157 325 1187 vocis
341 1157 512 1188 notissima
526 1160 588 1197 est,
612 1167 631 1188 a
647 1157 742 1198 galea
757 1168 804 1190 sc.
827 1168 927 1200 quam

233 1205 349 1238 Graeci
372 1207 381 1224 ‘
399 1206 534 1247 Cynen'
557 1212 691 1240 vocant.
719 1207 792 1240 Fab.

275 1257 294 1297 ς
318 1259 339 1287 9
363 1257 496 1288 Munera
522 1257 718 1297 sprevissent,
745 1257 929 1299 interjectis,

230 1305 300 1346 §fr-x]
321 1305 434 1337 Etiam
454 1306 508 1338 hic
531 1307 553 1338 l.
579 1307 659 1339 mihi
678 1307 813 1338 mutilus
836 1308 927 1340 vide-

233 1360 299 1388 tur.
344 1356 464 1388 Oratio
480 1360 576 1388 certe
598 1367 665 1388 non
681 1358 842 1397 cohaeret,
860 1368 928 1390 cum

229 1406 328 1445 legati
341 1407 536 1446 sprevissent,
562 1407 704 1438 invitatis
726 1407 829 1438 missae
842 1411 928 1440 sunt.

232 1456 393 1488 Debebat
409 1457 498 1488 enim
513 1457 687 1498 scripsisse
711 1458 837 1489 invitati
857 1461 929 1490 sunt

231 1508 273 1537 ad
296 1517 424 1546 coenam,
445 1509 548 1548 eisque
560 1508 660 1538 missoe
684 1518 784 1538 aureae
799 1517 927 1540 coronoe.

232 1555 324 1586 Puto
351 1559 428 1596 post
451 1556 460 1573 ‘
476 1555 697 1596 sprevissent'
718 1555 844 1597 aliquid
870 1565 928 1587 ex-

231 1604 367 1636 cidisse.
391 1604 494 1642 Sclref.

273 1653 390 1685 Aureoe
413 1654 546 1694 coronae]
576 1655 633 1688 De
658 1655 769 1686 aureis
793 1656 926 1688 coronis

231 1704 301 1736 vid.
329 1713 404 1745 quae
428 1704 582 1735 Freinsh.
598 1705 632 1735 in
656 1704 732 1737 Ind.
749 1705 790 1736 ad
807 1715 843 1737 v.
870 1706 928 1737 Co·

229 1764 309 1786 rona
322 1754 506 1794 congessit.
551 1755 596 1786 Et
618 1754 693 1786 add.
717 1756 806 1796 quod
825 1755 927 1788 Diod.

232 1814 313 1837 xvr.
338 1808 390 1837 93.
419 1805 616 1846 Philippum
644 1815 756 1845 regem
790 1805 927 1838 Maced.

229 1855 359 1886 coronis
397 1855 507 1885 aureis
537 1854 699 1886 donatum
727 1855 869 1894 scribit3
891 1860 928 1886 et

229 1906 347 1946 Nepos
358 1914 466 1936 xxru.
477 1908 508 1936 7.
517 1908 548 1937 2.
559 1905 728 1937 Romanos
739 1915 863 1937 corona
873 1915 928 1937 am

229 1964 288 1986 rea
302 1955 443 1986 donatos
456 1965 475 1985 a
485 1955 834 1996 Carthaginiensibus.
852 1956 925 1988 Vor.

270 2004 410 2035 Honoris
431 2004 537 2044 causa]
561 2004 606 2036 H.
623 2014 654 2035 e.
677 2014 719 2035 ne
745 2005 927 2036 liberalita-

226 2056 295 2084 tem
309 2053 397 2092 regis
410 2054 582 2093 aspernari
599 2054 801 2086 viderentur.
840 2056 926 2088 Mss.

227 2107 342 2134 tamen
357 2103 487 2134 hominis
498 2103 625 2135 habent
638 2115 646 2136 ι
672 2105 758 2137 unde
773 2106 925 2138 Freinsh.

225 2152 338 2183 aurinis
353 2152 455 2184 facit:
478 2153 606 2194 quippe
627 2154 706 2186 mali
729 2155 847 2186 ominis
873 2154 925 2187 fu-

193 2198 203 2207 ’”
224 2201 304 2241 isse,
333 2202 515 2243 hospitalia
543 2213 684 2236 munera
710 2214 778 2236 non
805 2205 924 2237 admit-

225 2255 311 2285 tere.
344 2253 477 2285 Bemec.
538 2254 621 2285 Mss.
660 2255 794 2287 hominis
822 2265 925 2295 causa,

224 2301 316 2332 unde
336 2301 423 2334 bene
439 2303 590 2335 Freinsh.
616 2305 764 2345 conjecit
788 2306 922 2346 legend.

225 2359 299 2382 esse
322 2352 433 2382 omim‘s
447 2362 565 2385 caussa.
610 2354 677 2385 Sed
704 2355 792 2385 male
818 2355 923 2387 inter-

225 2405 399 2441 pretatur:
421 2401 596 2443 Tanquam
624 2403 702 2434 mali
726 2404 846 2435 ominis
873 2403 923 2436 fu·

225 2451 307 2483 isset
334 2451 514 2492 hospitalia
541 2463 681 2485 munera
710 2464 777 2486 non
801 2455 922 2486 admit-

224 2505 320 2533 tere:
352 2501 420 2533 imo
460 2503 540 2544 quia
576 2504 728 2536 victoriae
758 2504 920 2537 indicium

223 2555 300 2584 erat
311 2561 447 2585 corona.
489 2553 749 2595 Triumphantes
763 2554 852 2586 enim
865 2564 921 2586 co·

223 2602 441 2634 tonabantur.
485 2604 542 2636 Sic
568 2615 623 2646 ap.
648 2606 722 2638 Liv.
746 2614 841 2637 xxu.
865 2608 919 2637 37.

223 2651 268 2683 de
283 2661 386 2684 aurea
400 2653 543 2685 victoria
557 2653 600 2686 ab
619 2654 771 2686 Hierone
786 2655 921 2686 senatui

223 2701 339 2742 missa,
360 2702 371 2719 ‘
388 2702 566 2735 victoriam
582 2713 747 2745 omenque
770 2714 806 2735 se
831 2705 919 2735 acci-

225 2751 333 2792 pere,’
347 2751 433 2784 dixit
445 2758 595 2796 senatus,
606 2764 682 2787 cum
698 2754 764 2786 alia
779 2764 921 2787 munera

225 2802 422 2842 respuisset.
446 2803 552 2836 Groev.

268 2850 392 2882 Stantis
415 2852 499 2892 regis
523 2853 746 2894 imposuerunt]
769 2854 920 2886 Muneri-

226 2900 290 2933 bus
305 2910 353 2934 sc.
370 2902 459 2943 regis
473 2902 508 2935 in
522 2903 626 2946 ipsius
647 2904 736 2945 regis
758 2905 919 2936 honorem

986 456 1111 487 versis:
1136 466 1212 497 quae
1233 459 1328 488 certe
1350 465 1415 488 non
1433 454 1594 495 adulatio,
1618 456 1678 487 sed

985 505 1137 535 Romana
1166 505 1356 536 moderatio
1386 505 1496 545 potius
1528 505 1596 536 dici
1623 505 1681 536 de-

984 554 1069 586 buit.
1115 555 1242 586 Narrat
1262 555 1446 586 Athenaeus
1474 564 1510 586 x.
1534 557 1586 586 10.
1620 555 1679 586 AE-

982 604 1062 637 lian.
1078 614 1119 636 ιι.
1135 604 1178 637 V.
1194 605 1244 636 Η.
1257 607 1310 637 41.
1324 609 1359 636 et
1372 604 1527 635 Laertius
1543 604 1576 635 in
1590 605 1678 637 Xen.

982 653 1070 686 haud
1087 655 1229 684 multum
1244 653 1405 684 dissimile
1422 653 1551 685 factum
1568 654 1680 685 Xeno·

982 705 1085 736 cratis
1100 704 1299 745 philosophi,
1323 704 1379 745 qui
1399 703 1526 734 muneri
1540 703 1603 734 sibi
1621 703 1679 734 ‹la-

983 759 1050 786 tam
1080 765 1099 786 a
1128 755 1294 795 Dionysio
1324 763 1402 794 rege
1433 763 1590 784 coronam
1622 763 1680 784 au-

982 814 1086 846 ream,
1107 804 1241 836 domum
1259 815 1278 836 a
1294 813 1388 836 coena
1414 803 1561 843 rediens,
1586 803 1680 835 Mer—

982 856 1088 896 curio,
1110 855 1168 897 qui
1193 856 1306 887 stabat
1331 859 1409 886 ante
1437 854 1545 894 regias
1576 853 1679 893 aedes,

980 905 1112 946 injecit.
1157 905 1248 937 Add.
1275 904 1381 945 Lipsii
1397 904 1523 937 Notam
1542 906 1613 936 167.
1636 904 1679 935 ad

979 956 1059 988 Tac.
1076 965 1117 987 11.
1140 956 1240 987 Ber-n.

1024 1006 1041 1045 ᾧ
1063 1007 1103 1036 10
1126 1004 1175 1036 Ab
1190 1005 1292 1045 Appio
1310 1004 1455 1046 Claudio]
1487 1003 1497 1022 ‘
1524 1004 1609 1036 Cum
1635 1003 1678 1035 de

980 1054 1102 1094 Pyrrhi
1119 1064 1202 1095 pace
1218 1062 1387 1095 ageretur,
1397 1055 1439 1086 ad
1456 1064 1528 1086 earn
1542 1064 1679 1086 causam

979 1103 1130 1144 Appium
1161 1104 1252 1135 illum
1278 1110 1312 1136 et
1342 1115 1472 1136 caecum
1499 1110 1535 1137 et
1564 1114 1678 1137 senem

980 1154 1142 1193 delatum,
1174 1155 1346 1186 memoriae
1386 1155 1556 1195 proditum
1592 1158 1644 1185 est
1657 1153 1679 1185 :’

981 1204 1052 1236 Cic.
1073 1205 1160 1236 Phil.
1177 1214 1202 1238 1.
1220 1208 1251 1236 5.
1273 1204 1365 1237 Add.
1393 1206 1431 1236 L.
1448 1214 1472 1237 ι.
1498 1207 1561 1246 §5.
1578 1205 1620 1236 D.
1635 1204 1678 1235 de

979 1255 1212 1286 Postulando:
1239 1259 1275 1287 et
1301 1255 1340 1287 L.
1353 1258 1385 1287 2.
1403 1256 1420 1297 ξ
1436 1258 1488 1287 36.
1513 1255 1556 1288 de
1581 1255 1678 1296 Orig.

978 1304 1055 1338 Jur.
1077 1305 1127 1336 Id.

1022 1354 1147 1395 Regum
1160 1354 1279 1395 urbem]
1317 1355 1409 1386 Plut.
1424 1354 1458 1386 in
1476 1354 1611 1396 Pyrrho
1626 1356 1679 1385 42.

980 1405 1023 1437 de
1048 1405 1176 1437 Senatu
1202 1410 1356 1439 tantum:
1379 1404 1533 1441 βασιλέων
1553 1406 1679 1436 πολλῶν

979 1454 1143 1496 συνέδριον.
1171 1456 1323 1495 Bongars.
1370 1456 1461 1488 Flor.
1490 1466 1516 1488 1.
1544 1458 1596 1487 18,
1625 1458 1678 1487 20.

979 1505 989 1522 ‘
1005 1504 1134 1537 Urbem
1159 1505 1323 1545 templum
1351 1504 1414 1536 sibi
1437 1505 1557 1545 visam,
1580 1514 1677 1537 sena-

979 1560 1050 1588 tum
1066 1564 1182 1595 regum
1198 1554 1298 1586 esse!
1322 1555 1420 1586 Ber-n.

1022 1606 1040 1646 ξ
1056 1607 1096 1637 12
1119 1604 1339 1646 Firmatisque,
1355 1605 1424 1645 ὅκκ]
1446 1604 1534 1636 Saxo
1550 1612 1627 1636 xiv.
1642 1614 1677 1645 p.

978 1658 1053 1687 248.
1069 1656 1139 1687 46.‘
1153 1655 1280 1687 Urbem
1291 1654 1438 1687 Archam
1450 1656 1626 1687 adversum
1640 1665 1676 1687 se

978 1704 1088 1737 valido
1101 1704 1261 1745 praesidio
1284 1704 1453 1737 firmatam
1477 1705 1676 1737 inveniunt.’

1022 1755 1108 1787 CAP.
1137 1764 1196 1786 ιιι.
1231 1756 1249 1795 ς
1273 1757 1293 1786 2
1320 1755 1484 1796 Tyriorum
1505 1755 1597 1796 gens]
1634 1756 1677 1797 In

978 1804 1046 1836 Ms.
1064 1803 1296 1844 Bongarsiano
1312 1804 1437 1843 legitur
1452 1804 1486 1836 T.
1501 1814 1563 1844 ces,
1586 1804 1675 1845 quod

977 1853 1097 1894 probo,
1119 1858 1155 1885 et
1171 1863 1286 1885 vocem
1307 1863 1385 1891 gens
1407 1863 1467 1893 pro
1483 1854 1595 1894 glossa
1618 1854 1676 1884 ha-

976 1902 1041 1935 beo
1070 1903 1219 1935 alterius.
1268 1903 1347 1933 Rem
1376 1902 1437 1933 tali
1468 1911 1566 1934 sensu
1595 1903 1677 1934 alibi

977 1962 1111 1994 quoque
1127 1953 1211 1984 solet
1225 1961 1400 1993 usurpare.
1428 1952 1507 1984 Vid.
1526 1963 1602 1995 quae
1619 1962 1677 1984 no-

977 2002 1047 2034 tavi
1063 2011 1096 2034 ν.
1112 2005 1142 2034 3.
1165 2001 1269 2040 Sclzes.

1017 2052 1047 2083 A
1072 2051 1286 2091 Phoenicibus]
1310 2051 1406 2082 Curt.
1422 2061 1473 2085 lv.
1498 2054 1530 2083 4.
1555 2054 1609 2083 25.
1633 2051 1675 2083 ab

974 2100 1136 2142 Agenore
1164 2102 1294 2143 Tyrum
1334 2102 1508 2134 conditam
1539 2102 1672 2134 scribit.

974 2152 1076 2184 Hanc
1105 2157 1226 2192 postea
1252 2153 1480 2184 Romanorum
1506 2152 1673 2185 coloniam

974 2201 1141 2242 Ulpianus
1168 2202 1209 2234 L.
1226 2205 1256 2234 1.
1283 2202 1327 2234 D.
1345 2202 1388 2233 de
1415 2203 1553 2235 Censib.
1583 2203 1674 2234 cele-

974 2251 1062 2292 brat,
1083 2251 1162 2284 inde
1191 2252 1256 2284 sibi
1278 2253 1442 2293 originem
1472 2252 1578 2285 fuisse
1605 2262 1674 2284 me-

972 2311 1118 2334 morans.
1143 2302 1244 2334 Rern.

1017 2353 1069 2393 §3
1097 2352 1201 2384 Terroe
1216 2354 1315 2395 motu]
1336 2352 1450 2386 Strab.
1477 2362 1500 2384 1.
1527 2357 1564 2385 et
1592 2362 1673 2385 xv1.

973 2402 1079 2442 Bong.

1013 2450 1178 2492 Assyrium
1189 2450 1348 2491 stagnum]
1367 2452 1376 2470 ‘
1389 2450 1583 2492 Assyrium’
1599 2461 1675 2491 pro,

970 2500 1117 2542 Syrium,
1140 2500 1240 2540 dixit,
1264 2501 1353 2542 quod
1370 2509 1463 2541 saepe
1478 2501 1575 2532 Vett.
1593 2510 1675 2531 con-

971 2555 1166 2582 sueverunt.
1211 2550 1290 2581 Vid.
1313 2554 1439 2590 autem,
1463 2559 1541 2581 num
1559 2550 1672 2581 Gene-

971 2611 1083 2633 sarum
1111 2602 1219 2633 lacum
1244 2601 1338 2639 velit,
1369 2600 1411 2631 de
1435 2609 1500 2641 quo
1528 2600 1618 2632 Plin.
1637 2609 1673 2631 v.

972 2655 1024 2684 15.
1098 2642 1222 2683 Nullus
1260 2650 1350 2681 enim
1391 2649 1530 2690 propior
1570 2650 1672 2689 Tyro.

974 2702 1066 2734 Glar.
1110 2701 1235 2732 Lacum
1264 2699 1426 2740 iutelligit
1452 2700 1671 2739 Γεννεσαρῖτιν,

971 2752 1014 2783 de
1042 2761 1107 2794 quo
1138 2751 1252 2784 Strab.
1278 2759 1353 2782 xv1.
1397 2750 1453 2781 De
1482 2749 1607 2780 Sidone
1636 2754 1672 2780 et

969 2803 1059 2842 Tyro
1097 2801 1162 2832 vid.
1201 2800 1301 2832 eund.
1347 2800 1460 2831 Strab.
1498 2804 1534 2831 et
1572 2800 1669 2830 Curt.

971 2852 1132 2891 Bongars.
1186 2851 1276 2882 Add.
1304 2850 1433 2882 Melam
1456 2859 1480 2881 1.
1507 2852 1559 2881 12.
1607 2850 1668 2881 Al-

973 2902 1078 2934 terius
1122 2902 1214 2943 Tyri,
1267 2900 1462 2932 Phoenicum
1509 2900 1664 2938 coloniae,
