2174 3424
607 375 801 406 JUSTlNl
839 375 929 404 mu.
965 374 1033 404 ix.
1065 374 1170 404 cAP.
1203 364 1239 404 l.

201 469 211 487 ‘
228 469 280 500 in·
307 469 490 510 adjungere
513 468 600 498 solet
622 466 818 506 ablativum,
836 466 894 497 ubi

203 520 431 550 accusativum
443 517 511 556 alii,
527 522 561 547 et
574 521 683 548 contr.
729 515 806 547 Vid.
819 525 894 556 quse

202 569 317 600 notavi
342 568 382 598 ad
400 577 439 598 11.
458 570 509 598 15.
533 565 636 604 Schef.
676 565 781 605 Regni
804 568 892 596 term.

202 619 332 650 uncinis
349 617 491 648 includit
507 616 570 647 Ed.
600 617 704 654 Bong.

243 670 261 709 ξ
286 671 304 699 3
334 667 462 707 Captos]
499 665 554 697 An
577 666 715 706 scripsit
729 664 894 705 deceptos?

198 717 325 748 Saltem
340 716 422 747 illud
435 719 539 756 captos
554 715 600 746 ita
619 715 723 746 debet
738 715 893 755 intelligi,

199 775 263 797 nec
277 766 319 796 ad
335 775 477 806 sequens
493 765 591 795 trahi.
613 764 715 801 Schef.

242 817 260 857 ξ
275 819 295 847 4
309 816 480 858 Arrybam]
505 817 619 848 Juntae
636 816 736 846 ethic
748 819 783 846 et
800 824 892 848 xvn.

199 869 230 898 3.
254 866 453 907 Arrymbam.
498 866 574 896 Hoc
591 866 684 897 Plut.
703 866 735 896 in
749 865 893 896 Alexan-

198 916 259 947 dro
276 915 391 947 fratris
407 915 620 956 Olympiadis
644 925 762 946 nomen
786 914 891 947 fuisse

199 966 319 998 tradit.
347 967 454 998 Graev.
499 965 578 997 Vid.
595 965 636 996 de
652 966 714 997 hoc
737 976 810 1006 sup.
826 975 891 998 vu.

197 1019 229 1048 6.
256 1019 308 1048 11.
345 1026 388 1047 ex
426 1026 491 1057 quo
528 1015 551 1047 l.
581 1019 726 1056 apparet
755 1015 892 1056 nuptias

196 1066 348 1107 Philippi
366 1075 442 1097 cum
465 1065 669 1106 Olympiade
690 1074 766 1096 eum
781 1065 893 1096 conci-

196 1116 308 1147 liasse.
337 1116 443 1147 Vorst.

238 1167 256 1206 §
272 1169 290 1196 5
304 1165 519 1197 Alexandrum
527 1165 722 1206 privignum]
747 1166 893 1198 Quomo-

196 1214 239 1247 do
261 1215 404 1255 Arrybae
422 1215 595 1256 privignus
618 1215 662 1246 sit
682 1214 890 1253 Alexander,

195 1275 264 1297 non
280 1265 390 1297 video.
433 1266 516 1305 Leg.
529 1274 603 1305 quae
617 1264 730 1295 notavi
742 1264 782 1294 ad
796 1272 889 1295 xvn.

195 1317 227 1346 3.
244 1318 276 1346 9.
295 1319 330 1346 et
346 1314 446 1346 Diod.
462 1315 523 1345 sub
539 1324 625 1345 anno
642 1322 721 1345 Xix.
734 1314 890 1352 Bongars.

198 1364 410 1405 Olympiadis
437 1364 550 1395 uxoris
572 1363 723 1404 Philippi
748 1362 890 1394 fratrem

196 1418 298 1444 vocat
313 1412 412 1444 Oros.
428 1422 484 1443 111.
498 1415 549 1444 14.
572 1413 704 1443 Bernec.

239 1464 257 1503 ς
279 1466 299 1494 6
328 1463 479 1503 Omnique
501 1462 601 1493 studio
617 1462 818 1492 sollicitatum
839 1472 891 1502 spe

195 1513 297 1552 regni,
310 1513 454 1543 simulato
469 1522 570 1543 amore
594 1514 633 1542 ad
652 1512 753 1552 stupri
767 1522 890 1543 consue-

196 1563 333 1593 tudinem
347 1561 496 1602 perpulit]
528 1561 614 1592 Haec
644 1571 709 1592 non
732 1561 891 1593 videntur

197 1616 291 1643 reete
299 1612 472 1652 distingui.
519 1611 607 1641 Nam
621 1611 799 1642 verborum
812 1611 891 1642 isto-

194 1671 268 1693 rum
283 1671 412 1701 sensus,
436 1662 524 1692 sicut
547 1670 634 1692 nunc
656 1671 693 1691 se
712 1661 848 1700 habent,
864 1664 889 1693 is

196 1717 268 1743 est:
323 1712 428 1745 Quasi
464 1711 640 1751 Philippus
681 1711 891 1742 simulaverit

196 1772 355 1793 amorem.
400 1762 507 1802 Atqui
539 1762 632 1792 nulla
663 1761 698 1792 in
730 1762 890 1802 Philippo

193 1811 258 1842 fuit
272 1812 451 1847 simulatio,
467 1811 527 1843 sed
542 1821 578 1842 re
594 1821 674 1842 vera
689 1812 889 1853 perditeque

192 1861 304 1902 ipsum
336 1862 470 1893 amavit.
515 1861 636 1902 Itaque
667 1862 688 1892 l.
719 1866 813 1893 totus
840 1863 889 1894 ita

193 1911 472 1952 distinguendus:
495 1921 522 1942 ο.
547 1921 573 1943 s.
601 1911 812 1952 sollicitatum,
837 1922 888 1953 spe

192 1961 282 2000 regni
295 1961 364 1992 sim.
380 1970 494 1999 amore,
505 1961 578 1992 ads.
595 1971 621 1993 c.
635 1972 668 2002 p.
692 1962 867 1993 Sententia
881 1973 889 1994 ι

191 2011 349 2051 Perpulit
361 2020 435 2041 eum
447 2010 664 2042 sollicitatum
676 2012 765 2042 omni
778 2012 890 2043 studio

193 2061 236 2091 ad
255 2060 536 2091 consuetudinem
552 2061 673 2101 stupri,
695 2062 751 2102 qui
767 2066 802 2093 et
817 2063 890 2103 ipse

191 2110 410 2141 simulaverat
445 2120 480 2141 se
529 2119 641 2141 amare
676 2111 886 2153 Philippum,

192 2160 270 2200 quia
283 2164 480 2200 speraverat
493 2160 557 2191 hoe
571 2161 668 2192 modo
681 2171 820 2203 regnum
836 2173 887 2195 se-

191 2219 227 2240 se
249 2209 473 2250 adepturum;
497 2220 570 2241 eam
589 2212 677 2242 enim
693 2222 785 2253 spem
806 2213 886 2244 Phi-

191 2259 303 2300 lippus
328 2260 391 2300 ipsi
416 2259 561 2292 fecerat.
616 2263 693 2293 Nisi
723 2264 818 2294 malis
843 2274 886 2296 ex

191 2309 260 2342 Ms.
296 2319 358 2351 pro
393 2310 538 2341 simulato
573 2312 686 2352 legere
713 2313 885 2354 stimulato,

190 2360 286 2401 quasi
317 2360 494 2401 Philippus
519 2361 743 2394 stimulaverit
769 2368 804 2394 et
830 2374 885 2396 ac—

191 2410 346 2441 cenderit
368 2420 442 2441 eum
458 2411 500 2441 ad
522 2421 681 2453 amorem,
696 2413 773 2444 dum
792 2424 885 2454 spem

192 2460 223 2491 ei
236 2459 320 2492 facit
336 2460 537 2502 regni,qu0d
548 2460 695 2494 fortasse
708 2463 885 2504 optimum.

1561 364 1644 404 7:37

950 466 1147 506 Quanquam
1172 476 1214 497 ne
1239 466 1287 497 sic
1311 466 1448 507 quidem
1469 465 1644 497 distinctio

949 516 1075 546 nonsit
1099 516 1317 546 immutanda.
1340 515 1444 553 Schef.
1489 515 1592 556 Angli
1613 517 1645 546 in

947 575 1031 605 spem
1047 566 1149 604 regni.
1194 564 1349 595 Praefero
1362 566 1544 605 vulgatam.
1570 566 1644 596 Nee

950 615 1037 645 enim
1061 614 1233 645 cohaerent
1257 614 1356 652 bene,
1386 615 1587 645 sollicitatum
1611 615 1645 645 in

947 674 1041 705 spem,
1051 665 1186 705 perpulit
1201 665 1241 694 ad
1256 665 1512 695 consuetudinem.
1539 663 1644 694 Aliud

949 716 958 732 ‘
975 715 1158 746 solllcitare
1182 714 1214 744 in
1239 713 1355 755 spem,’
1381 718 1416 744 et
1440 723 1568 744 rursum
1586 714 1646 744 ali-

947 765 993 796 ud
1027 765 1240 805 ‘perpellere
1268 764 1310 794 ad
1338 763 1644 795 consuetudinem!

947 815 1124 846 Posterius
1161 819 1294 846 tantum
1329 813 1414 844 fecit
1454 813 1644 853 Philippus.

947 864 1068 896 Altero
1085 874 1161 896 usus
1178 869 1229 896 est
1245 868 1374 895 tantum
1386 866 1425 894 ut
1440 863 1644 893 instrumen-

947 918 982 945 to
1004 919 1039 945 et
1057 914 1169 945 medio
1192 912 1414 955 perveniendi
1434 912 1475 943 ad
1492 911 1644 953 proposi-

945 969 1015 996 tum
1030 974 1180 1005 scopum.
1208 965 1258 996 Id.

986 1016 1003 1056 ξ
1025 1019 1044 1046 7
1065 1015 1200 1056 Arryboe
1221 1024 1349 1054 regnum
1370 1023 1465 1054 puero
1479 1013 1642 1044 admodum

945 1065 1060 1105 tradit]
1105 1066 1115 1082 ‘
1146 1066 1185 1096 In
1221 1065 1412 1096 mercedem
1451 1063 1642 1105 perpetrati

946 1116 1077 1156 stupri,’
1103 1116 1201 1147 Oros.
1214 1125 1269 1146 111.
1283 1117 1335 1146 14.
1353 1115 1535 1145 Berneccer.
1566 1113 1643 1143 Dis-

946 1167 1049 1198 sentit
1064 1176 1083 1196 a
1095 1166 1228 1198 Justino
1239 1165 1342 1197 Diod.
1352 1165 1409 1206 qui
1421 1173 1498 1195 xvr.
1509 1162 1643 1200 scribit,

943 1216 1138 1256 Philippum
1155 1226 1221 1246 non
1237 1215 1392 1255 Arrybae,
1406 1214 1464 1244 sed
1481 1213 1551 1244 filio
1567 1212 1640 1252 ejus

944 1265 1106 1305 AEacidae,
1122 1265 1191 1307 (hic
1204 1270 1302 1306 pater
1316 1264 1439 1304 Pyrrhi
1452 1262 1545 1303 fuit‚)
1567 1272 1640 1302 reg-

943 1325 1021 1346 num
1038 1317 1223 1347 abstulisse.
1269 1315 1336 1346 Sed
1355 1314 1376 1345 f.
1392 1314 1446 1344 hic
1469 1314 1490 1344 l.
1510 1313 1559 1344 ita
1574 1313 1642 1343 erit

942 1365 1189 1396 restituendus:
1212 1368 1348 1405 ereptum
1363 1373 1493 1403 regnum
1506 1362 1641 1403 Arrybae

933 1415 1018 1456 filio,
1030 1425 1062 1455 p.
1078 1417 1158 1446 adm.
1174 1416 1353 1447 Alexandro
1369 1417 1391 1445 t.
1416 1414 1523 1445 Gron.

986 1465 1089 1495 Puero
1104 1465 1279 1504 admodum]
1306 1464 1381 1494 Hoc
1396 1464 1477 1493 adm.
1494 1462 1573 1493 mihi
1590 1465 1642 1493 est

944 1519 1150 1554 suspectum.
1174 1515 1248 1546 Nec
1258 1514 1344 1544 euim
1358 1513 1535 1544 admodum
1547 1521 1642 1552 puer,

945 1565 1000 1604 qui
1025 1569 1077 1595 est
1092 1567 1144 1595 20.
1184 1573 1360 1602 annorum,
1386 1568 1423 1593 ut
1446 1562 1640 1593 Alexander

943 1615 1000 1645 ille
1017 1613 1093 1645 fuit.
1127 1614 1231 1652 Schef.
1277 1614 1377 1644 Puero
1399 1614 1480 1644 adm.
1502 1617 1566 1651 est,
1581 1612 1639 1653 qui

943 1663 1015 1694 fere
1028 1673 1112 1704 puer
1128 1669 1213 1703 erat,
1225 1663 1280 1704 qui
1298 1663 1352 1693 vix
1368 1662 1520 1702 pueritiae
1535 1671 1639 1693 annos

945 1718 1018 1745 erat
1042 1723 1218 1753 egressus:
1254 1717 1291 1744 ut
1320 1711 1473 1751 inferius,
1496 1712 1505 1729 ‘
1522 1712 1639 1742 Bimus

944 1763 1148 1794 admodum.'
1170 1763 1305 1795 Justino
1317 1764 1399 1793 adm.
1416 1766 1479 1801 est,
1489 1762 1638 1800 circiter,

943 1818 1072 1854 praeter
1086 1818 1238 1854 propter.
1262 1813 1316 1843 Sic
1326 1812 1500 1853 Augustus
1515 1813 1524 1829 ‘
1538 1811 1639 1851 puer'

943 1864 1122 1895 dicebatur
1137 1869 1214 1904 post
1237 1862 1366 1894 caedem
1391 1862 1547 1901 Caesaris,
1563 1862 1638 1901 jam

941 1914 1042 1945 rebus
1058 1913 1212 1953 gerendis
1235 1913 1402 1950 admotus,
1425 1921 1500 1942 cum
1526 1912 1636 1951 ejusd.

940 1963 1015 1995 fere
1041 1968 1131 1995 esset
1157 1963 1281 2003 aetatis,
1303 1971 1370 2003 qua
1394 1961 1449 1992 hic
1474 1961 1638 2002 ArrybaS.

942 2014 1050 2046 Groev.

983 2066 1023 2096 In
1052 2064 1194 2105 utroque]
1241 2063 1380 2094 Rectius
1406 2062 1439 2092 in
1464 2065 1639 2102 utrumque.

939 2115 1052 2147 Sebis.
1083 2116 1210 2145 Verum
1234 2114 1267 2144 in
1288 2117 1416 2154 utroque
1438 2116 1491 2143 est
1512 2122 1583 2153 pro,
1603 2112 1637 2142 in

939 2171 1082 2207 utraque
1099 2174 1143 2195 re.
1178 2164 1282 2195 Vorst.

982 2217 999 2256 §
1031 2218 1050 2246 8
1077 2213 1284 2255 Impudz'cum]
1326 2213 1371 2244 H.
1396 2222 1426 2243 e.
1451 2212 1637 2253 pathicum‚

939 2265 1116 2297 muliebria
1138 2274 1284 2305 passum,
1318 2264 1401 2295 Tac.
1427 2263 1470 2295 A.
1502 2272 1553 2295 xi.
1581 2266 1635 2294 36.

939 2316 1086 2354 mollem,
1102 2315 1205 2346 verbo
1222 2316 1265 2346 D.
1280 2315 1379 2345 Pauli
1402 2323 1426 2344 ι.
1440 2313 1481 2344 ad
1496 2314 1572 2345 Cor.
1584 2322 1635 2344 vr.

939 2370 991 2398 10.
1029 2366 1108 2397 Vid.
1131 2366 1227 2396 Suet.
1255 2365 1395 2404 Vespas.
1423 2373 1499 2404 cap.
1527 2367 1577 2394 13.
1603 2366 1635 2394 3.

940 2416 1017 2448 Nisi
1047 2414 1071 2446 f.
1101 2415 1204 2446 satius
1229 2419 1282 2446 est
1306 2415 1377 2446 haec
1404 2414 1553 2454 ignorari
1579 2422 1636 2454 pe-

939 2465 1041 2496 nitus.
1070 2465 1170 2496 Rern.

735 2754 953 2803 LIBER
1000 2755 1103 2802 IX.

233 2874 319 2905 CAP.
336 2884 361 2905 1.
406 2876 423 2915 ξ
438 2878 458 2907 2
482 2876 532 2907 Ad
544 2876 628 2916 cujus
639 2880 884 2920 emolumentum]

191 2923 549 2958 Amiciss.1nihiJa1ms
562 2927 710 2961 Palmer.
723 2930 775 2971 cuj
783 2940 818 2961 us
831 2940 883 2962 me

938 2881 1015 2912 olim
1033 2879 1206 2911 familiaris
1222 2877 1443 2916 consuetudo,
1463 2888 1551 2909 nunc
1564 2888 1631 2909 me-

939 2931 1055 2970 moria,
1073 2931 1236 2971 delectat,
1262 2929 1421 2961 censebat
1448 2930 1630 2970 reponend.
