2101 3419
432 353 547 396 1056
743 362 999 396 accensus
1034 363 1314 397 ΕΒιΤιοΝυΜ
1347 364 1561 398 Jusrrm.

430 460 526 499 relio
544 459 693 499 Victori
710 460 844 501 addita
861 461 1053 513 Epitome.
1091 461 1288 515 Lugduni,
1306 475 1370 515 ap.
1388 463 1410 503 J
1414 462 1477 502 oh.
1496 461 1874 502 Frellonium.-—Ca-

433 522 504 562 tal.
523 521 574 561 de
588 523 626 561 la
644 523 751 563 Bibl.
769 524 823 562 du
841 524 929 563 Duc
949 524 999 563 de
1018 525 1198 563 valuere.

486 583 589 630 1569
616 585 842 636 Gryphiana
861 597 925 625 tx.
948 592 983 626 8.
1004 587 1196 637 Lugduni.
1215 586 1368 626 Recusa
1385 599 1433 625 ex
1452 596 1556 626 v111.

486 651 590 692 1570
617 647 788 686 Coloniae
804 647 971 700 Agripp.
994 655 1032 689 8.
1086 649 1227 689 Justini
1246 663 1294 689 ex
1324 650 1458 700 Trogo
1486 647 1674 700 Pompeio
1704 647 1877 699 historia,

431 708 654 748 fidelissima
686 711 947 761 recognitione
977 725 1080 751 nunc
1111 711 1322 763 postremo,
1363 712 1518 752 collatis
1546 713 1596 750 ad
1628 717 1803 751 autorem
1834 719 1876 752 et

431 772 586 810 Graecis
605 778 645 810 et
663 773 808 813 Latinis
836 774 1039 821 historicis,
1058 775 1230 826 pristinae
1264 775 1413 814 veritati
1446 774 1636 814 restituta.
1688 773 1875 824 Adjectae

432 840 523 873 sunt
542 841 729 885 praeterea
747 842 786 875 et
816 838 1056 876 Monarchiae
1075 838 1122 876 ad
1142 839 1290 877 calcem
1320 837 1406 876 libri
1436 837 1566 888 hujus,
1585 840 1662 876 &c-
1700 837 1875 876 Coloniae

431 896 677 949 Agrippinae,
696 898 798 948 apud
820 900 1074 939 Gualtherum
1097 900 1314 940 Fabricium
1331 907 1371 939 et
1387 902 1450 940 Jo.
1471 899 1722 951 Gymnicum.

488 966 589 1004 1572
618 960 800 999 Londini.
839 968 878 1002 8.
949 964 972 1002 J
977 963 1091 1001 ustiui
1128 976 1175 1001 ex
1220 963 1342 1014 Trogi
1380 962 1555 1012 Pompeii
1591 961 1750 1000 historia
1785 959 1871 999 libri

431 1032 587 1061 XL1111.
615 1035 727 1073 supra
745 1023 995 1074 plurimorum
1010 1024 1195 1063 editiones
1214 1024 1417 1063 doctorum
1433 1023 1635 1062 hominum
1652 1035 1772 1074 opera
1790 1034 1875 1060 cas-

430 1083 656 1134 tigatissimi.
694 1086 793 1124 Cum
809 1086 1073 1125 eruditissimis
1091 1087 1285 1125 scholiolis
1303 1095 1343 1125 et
1361 1086 1594 1137 argumentis
1608 1085 1693 1135 jam
1710 1084 1876 1135 primum

430 1154 521 1197 apte
541 1160 611 1185 suo
630 1148 713 1186 loco
734 1148 931 1198 dispositis
949 1154 988 1187 et
1007 1149 1165 1188 insertis.
1218 1148 1452 1198 Adjecimus
1471 1147 1776 1187 monarchiarum
1795 1159 1877 1185 om-

430 1209 535 1246 nium
570 1210 753 1256 tabulam,
785 1224 831 1249 ex
870 1210 1029 1250 fideliss.
1066 1211 1379 1262 historiographis
1415 1211 1617 1262 diligenter
1656 1209 1873 1249 collectam.

430 1270 610 1318 Londini,
629 1284 699 1322 per
719 1272 930 1312 Henricum
951 1275 1513 1327 Bymaemam—Briiggemann
1534 1278 1544 1294 ‘
1560 1272 1694 1320 View,'
1723 1275 1802 1311 διο.
1835 1284 1875 1322 p.

430 1332 522 1377 706.

486 1400 586 1439 1573
615 1395 847 1447 Gryphiana
867 1409 914 1436 x.
932 1404 994 1438 1⁶2.
1047 1398 1223 1437 Justinus
1242 1404 1282 1438 et
1309 1399 1396 1437 Sex.
1429 1398 1529 1437 Aur.
1556 1398 1706 1443 Victor,
1734 1395 1874 1435 additis

428 1456 521 1495 Eliae
540 1457 669 1496 Vincti
688 1459 726 1496 in
744 1459 940 1498 Victorem
959 1460 1073 1498 notis.
1100 1460 1279 1511 Lugduni
1297 1461 1402 1511 apud
1422 1461 1577 1511 Gryph.

485 1519 589 1562 1576
607 1521 776 1559 Coloniae
785 1521 954 1573 Agripp.
971 1527 1009 1560 8.
1037 1523 1059 1561 J
1064 1522 1234 1561 ustiniex
1244 1523 1362 1573 Trogi
1377 1522 1552 1574 Pompeii
1566 1521 1742 1561 Historiis
1752 1527 1875 1559 exter-

428 1580 488 1619 nis
507 1583 612 1621 Libri
632 1593 757 1623 XLIV.
776 1585 1075 1634 Cuiadjecimus
1097 1585 1407 1625 monarchiarum
1427 1585 1600 1623 omnium
1617 1583 1789 1623 tabulam
1826 1597 1874 1622 ex

428 1643 661 1684 fidelissimis
676 1645 843 1685 historiis
861 1647 1089 1686 collectam:
1118 1654 1157 1686 et
1175 1647 1368 1698 epitomen
1398 1647 1504 1686 Sexti
1531 1647 1680 1686 Aurelii
1709 1645 1875 1685 Victoris

427 1706 478 1745 de
498 1707 577 1746 vita
595 1713 634 1746 et
654 1709 825 1747 moribus
844 1709 1012 1748 omnium
1037 1711 1167 1760 Impp.
1187 1709 1332 1748 Omnia
1350 1723 1440 1748 cum
1460 1709 1638 1756 Scholiis,
1656 1707 1875 1759 Argumen-

429 1768 492 1816 tis,
510 1775 549 1807 ct
568 1770 705 1810 Indice
724 1784 853 1810 rerum
870 1778 909 1810 et
928 1772 1135 1810 verborum
1153 1771 1469 1823 locupletissimo.
1506 1771 1681 1811 Coloniae
1702 1770 1873 1822 Agripp-

426 1831 530 1881 apud
552 1832 726 1872 haeredes
747 1833 913 1873 Arnoldi
931 1834 1348 1874 Birckmanni.—Bibl.
1377 1837 1584 1886 Argentor.

485 1899 584 1938 1577
613 1895 790 1934 Londiui.
810 1903 848 1936 8.
875 1897 1071 1947 Repetitio
1090 1897 1153 1936 ed.
1177 1903 1293 1941 1572.

483 1962 580 1998 1581
612 1958 845 2009 Antverpiae.
869 1965 930 1999 12.
950 1972 1039 1998 cum
1059 1961 1148 1999 Sex.
1166 1958 1267 1998 Aur.
1287 1959 1461 1999 Victore.

699 2109 856 2149 AETAS
885 2110 954 2151 IV.
980 2109 1594 2160 BONGARSIo-MODIANA‚

1010 2219 1028 2252 1
1035 2217 1057 2254 5
1064 2213 1287 2254 81-1668,

430 2326 454 2353 a
481 2314 568 2354 Jac.
587 2314 812 2366 Bongarsio,
841 2316 907 2367 qui
943 2316 1086 2356 Matth.
1111 2317 1351 2358 Berueccero
1379 2319 1428 2358 ad
1450 2320 1591 2360 Justini
1620 2321 1731 2372 praef.
1761 2325 1870 2361 ‘sos-

427 2376 571 2426 pitator
586 2377 729 2416 Justini
759 2379 921 2417 unicus'
959 2378 1112 2427 dicitur,
1133 2387 1173 2419 et
1202 2383 1341 2421 Franc.
1376 2383 1524 2422 Modio.
1560 2385 1630 2423 llle
1663 2384 1821 2436 quidem
1849 2398 1872 2424 e

426 2439 594 2489 Cujacii,
614 2440 791 2487 Puteani,
824 2441 986 2492 aliisque
1020 2455 1085 2481 sex
1117 2443 1247 2483 codd.
1266 2447 1366 2484 Mss.
1385 2446 1584 2497 diligenter
1603 2448 1762 2494 collatis,
1799 2448 1871 2487 ad-

426 2501 548 2539 hibita
568 2502 682 2541 etiam
700 2502 845 2542 Aldina
863 2503 1041 2552 Asulaui,
1061 2507 1254 2557 vulgatam
1270 2509 1499 2556 emendavit,
1519 2516 1559 2549 et
1576 2511 1675 2549 notis
1695 2510 1872 2549 doctissi-

427 2564 497 2601 mis
518 2564 735 2616 tabulisque
755 2566 1032 2619 chronologicis
1063 2569 1288 2621 scriptorem
1307 2571 1509 2611 illustravit
1525 2586 1536 2617 ;
1565 2572 1633 2611 sed
1663 2579 1702 2611 et
1731 2573 1870 2612 intem-

424 2626 573 2676 pestivo
587 2628 818 2667 emendandi
839 2630 970 2669 studio
987 2631 1171 2682 abreptus
1191 2633 1413 2684 aliquando,
1430 2636 1493 2675 J0.
1515 2635 1708 2674 Scheffero
1717 2635 1872 2686 judice,

426 2688 465 2726 in
483 2690 596 2739 pejus
616 2695 763 2729 textum
782 2691 1022 2733 immutavit:
1054 2694 1117 2734 hic
1137 2708 1226 2734 vero
1245 2697 1429 2735 correctis
1449 2697 1676 2736 recensionis
1696 2699 1867 2749 Bongar-

426 2750 543 2790 sianae
567 2752 796 2803 quibusdam
826 2755 922 2794 locis
940 2770 987 2796 ex
1009 2759 1108 2798 Mss.
1132 2759 1397 2806 Fuldensibus‚
1416 2765 1455 2799 et
1473 2760 1866 2800 animadversionibus

423 2811 578 2863 additis,
598 2815 696 2856 bene
726 2815 775 2856 de
808 2817 958 2859 sustine
983 2819 1138 2861 meritus
1167 2826 1238 2861 est.
1294 2821 1490 2875 Principes
1522 2822 1590 2862 hos
1622 2822 1712 2862 dein
1743 2824 1866 2863 secuti
