2174 3424
476 304 562 346 648

480 409 564 439 buit.
609 407 740 440 Herod.
766 416 832 440 vn.
852 410 905 440 69.
938 407 993 440 An
1013 407 1104 440 forte
1125 417 1177 440 re-

479 458 649 490 scribend.
663 458 696 489 h.
712 458 854 501 hfilias?
874 459 977 490 Bern.
999 459 1074 490 Vox
1089 459 1178 499 regis

480 514 532 540 est
543 519 561 540 a
574 509 662 540 mala
675 519 786 548 mauu,
796 518 858 540 nec
872 510 956 541 Mss.
971 509 1079 541 Codd.
1089 510 1178 540 Bon-

482 559 582 600 garsii
605 560 695 591 illam
722 565 920 602 agnoscunt,
942 561 993 592 uti
1016 570 1080 593 nec
1112 561 1178 592 duo

482 610 579 641 Voss.
595 610 703 642 Codd.
729 610 830 642 Gron.

527 660 696 700 Regalibns
720 660 853 701 nuptiis]
880 661 937 692 Sic
958 659 1019 692 inf.
1043 669 1124 691 xm.
1147 663 1178 693 6.

485 714 517 742 4.
540 715 577 742 et
597 711 676 743 Tac.
697 710 765 751 Ag.
781 714 814 744 6.
834 712 845 750 ‘¹
860 711 1056 750 Domitiam,
1071 711 1180 752 splen-

488 761 577 792 didis
606 761 777 792 natalibus
807 765 929 801 ortam,
958 761 1023 792 sibi
1044 760 1179 801 junxit;

486 812 589 852 idque
613 811 862 843 matrimonium
893 811 936 842 ad
966 811 1096 851 majora
1133 810 1181 840 ni-

488 862 576 893 tenti
612 861 717 893 decus
754 871 794 893 ac
826 862 929 893 robur
961 860 1048 892 fuit.’
1105 860 1181 891 Hoc

488 916 646 953 spectans
660 916 696 943 et
710 913 821 953 Lycus
842 922 895 952 ap.
910 913 988 944 Seu.
1012 911 1120 943 Herc.
1142 912 1182 942 F.

490 965 565 993 345.
588 963 597 979 ‘
615 962 693 993 Una
715 962 776 993 sed
801 967 934 994 nostras
956 966 1072 1002 potest
1099 962 1185 993 Fun-

491 1012 572 1043 dare
587 1011 689 1051 vires,
707 1012 829 1053 juncta
854 1013 959 1052 regali
975 1011 1049 1043 face
1072 1012 1187 1042 Thala-

492 1062 621 1103 misque
634 1063 791 1102 Megara3
827 1061 930 1093 ducet
953 1071 972 1092 e
997 1071 1121 1102 genere
1137 1061 1187 1091 in-

493 1113 583 1153 clyto
600 1112 744 1144 Novitas
769 1113 915 1144 colorem
940 1111 1077 1144 nostra.'
1120 1112 1189 1142 De-

494 1163 559 1194 beo
588 1163 700 1194 locum
726 1163 816 1194 hunc
847 1162 971 1194 indicio
997 1162 1074 1193 nob.
1107 1161 1188 1193 Alb.

495 1214 626 1254 Sebisii,
663 1214 756 1255 cujus
793 1213 935 1245 sublime
960 1213 1128 1254 judicium
1155 1217 1192 1243 et

496 1264 672 1294 meliorum
710 1268 863 1295 autorum
901 1268 1060 1294 accurata
1090 1262 1192 1293 lectio

496 1323 587 1354 saepe
603 1314 656 1344 liic
668 1314 763 1344 nobis
773 1312 922 1345 subsidio
935 1312 1045 1346 fuere.
1069 1313 1126 1344 Ita
1139 1323 1193 1353 ap.

498 1365 644 1406 Appian.
683 1367 758 1396 436.
794 1364 828 1395 d.
866 1365 952 1396 Cato
988 1362 1195 1395 vociferatur

497 1416 506 1431 ‘
531 1415 674 1455 imperia
703 1415 815 1455 parari
843 1414 1039 1454 nuptiarum
1068 1413 1194 1445 lenoci-

499 1465 585 1496 niis.’
608 1466 706 1496 Rern.

543 1516 561 1555 ξ
598 1518 636 1546 15
682 1513 856 1555 Zophyrus]
895 1513 1025 1544 Graecis
1061 1513 1195 1544 Herod.

502 1565 596 1596 Plut.
618 1566 628 1582 ⁴
644 1563 830 1605 Zopyrus;'
863 1576 886 1594 π
908 1564 940 1594 in
965 1569 999 1603 φ.
1031 1563 1080 1594 Ut
1095 1572 1150 1594 111.
1166 1566 1197 1594 4.

503 1616 511 1631 ‘
530 1614 743 1653 Palantlius,'
760 1614 816 1654 qui
833 1615 932 1645 aliter
953 1618 1006 1645 est
1030 1615 1039 1631 ‘
1058 1614 1198 1644 Phalan-

504 1665 605 1704 thus,'
617 1670 650 1695 et
668 1665 700 1696 in
712 1665 869 1705 Prologis
884 1665 893 1681 ‘
905 1664 1002 1695 Poeni
1014 1664 1022 1677 '
1038 1665 1047 1682 ‘
1061 1663 1199 1694 Phoeni’

505 1715 686 1746 dicuntur:
711 1720 790 1747 sunt
806 1720 918 1746 autem
936 1724 955 1745 a
972 1714 1200 1746 Phoenicibus.

507 1765 610 1804 Bong.

550 1814 706 1855 Zopyrus]
726 1814 782 1846 Sic
797 1814 885 1845 enim
906 1813 1037 1845 Herod.
1053 1823 1108 1845 111.
1127 1816 1202 1845 153.

510 1869 544 1895 et
561 1875 653 1906 seqq.
678 1865 773 1895 Plut.
800 1864 931 1904 Apopli.
956 1865 1040 1904 Reg.
1066 1873 1096 1895 c.
1124 1866 1204 1894 3.et

511 1916 564 1946 alii
582 1915 614 1946 id
631 1925 752 1946 nomen
767 1915 931 1953 scribunt,
944 1914 1102 1954 Ζώπυρος;
1118 1915 1206 1944 Bon-

513 1967 652 2006 garsius,
677 1976 740 1997 nec
763 1966 862 2004 male,
888 1966 1050 2006 Zephyrus
1073 1975 1091 1996 e
1120 1966 1204 1996 Mss.

512 2017 691 2057 expressit.
725 2015 854 2047 Affines
879 2017 968 2046 enim
994 2017 1104 2047 literae
1129 2020 1209 2046 suut

512 2079 535 2096 π
561 2071 595 2097 et
618 2072 652 2106 φ,
668 2076 825 2107 saepeque
849 2070 1022 2097 mutantur
1044 2065 1206 2096 invicem:

514 2121 554 2148 ut
579 2118 588 2134 ‘
603 2116 788 2157 tropaeum’
816 2120 852 2147 et
875 2117 884 2132 ‘
901 2115 1112 2156 trophaeum!
1155 2114 1212 2146 Sic

517 2177 573 2198 111.
597 2170 628 2198 4.
647 2170 698 2198 12.
721 2166 730 2183 ‘
747 2165 956 2206 Palanthus,’
978 2166 1035 2207 qui
1060 2165 1133 2196 aliis
1158 2168 1212 2195 est

516 2221 526 2236 ‘
554 2218 786 2250 Phalanthus!
840 2218 1000 2249 Ceterum
1028 2217 1105 2248 huic
1132 2216 1213 2248 faci-

520 2268 594 2299 nori
610 2277 675 2299 non
692 2268 840 2299 absimile
858 2267 936 2309 quid
962 2267 1066 2299 habet
1081 2267 1170 2299 Flor.
1188 2276 1213 2298 1.

521 2321 552 2349 7.
570 2321 601 2349 6.
626 2318 722 2348 Bern.

565 2372 582 2411 ς
601 2373 641 2402 16
667 2368 851 2409 Transfugoe
864 2369 967 2408 titulo,
980 2370 1048 2410 Esou]
1069 2369 1161 2400 Saxo
1177 2377 1218 2400 11.

523 2432 557 2462 p.
574 2425 626 2454 22.
643 2422 717 2452 init.
742 2424 751 2439 ‘
768 2423 805 2452 Τ.
824 2426 848 2452 t.
867 2421 1025 2462 oppidum
1043 2421 1130 2462 petit
1142 2420 1163 2451 :'
1186 2430 1221 2453 ν.

527 2483 561 2513 p.
576 2475 629 2503 88.
653 2475 706 2502 50.
732 2472 741 2489 ‘
756 2471 960 2502 Trotlionem
977 2475 1003 2502 t.
1023 2475 1049 2502 t.
1066 2469 1221 2511 petens:'

529 2532 602 2554 xiv.
628 2533 662 2564 p.
677 2524 752 2554 252.
765 2525 818 2554 45.
841 2523 850 2539 ‘
867 2522 906 2553 T.
924 2525 950 2552 t.
967 2521 1111 2553 Olavum
1136 2520 1223 2562 peti-

527 2571 603 2604 vit!

572 2624 590 2663 ξ
614 2625 653 2654 17
689 2622 726 2653 In
751 2621 840 2661 regni
860 2620 1025 2662 petitione]
1059 2621 1117 2652 Ita
1138 2630 1224 2652 unns

531 2674 634 2704 etiam
656 2683 698 2704 ex
725 2673 808 2703 Mss.
836 2672 978 2703 nostris:
1004 2671 1060 2702 alii
1082 2675 1141 2702 aut
1161 2680 1226 2701 sor-

533 2724 616 2754 tione
642 2727 698 2754 aut
723 2722 885 2753 sortitione
911 2732 972 2762 pro
995 2721 1143 2762 petitione
1170 2721 1227 2751 ha-

533 2774 633 2805 bent:
657 2774 740 2805 adeo
751 2780 789 2805 ut
801 2774 934 2805 omnino
947 2772 1081 2814 legend.
1093 2776 1226 2813 putem:

534 2825 568 2855 in
583 2835 612 2855 r.
627 2825 806 2856 sortitione.-
837 2825 993 2864 maxime,
1007 2833 1084 2855 cum
1100 2828 1134 2854 et
1149 2828 1229 2854 ante

540 2875 684 2906 dixerit:
715 2876 724 2893 ‘
746 2875 818 2916 Ipsi
848 2875 954 2914 igitur
982 2874 1069 2905 viam
1092 2874 1230 2905 invene-

542 2929 633 2965 runt,
648 2935 714 2967 qua
728 2924 770 2956 de
785 2934 819 2956 se
841 2924 1008 2965 judicium
1027 2924 1179 2965 religioni
1196 2928 1232 2956 et

935 314 1077 346 NOTAE
1109 316 1372 349 VARlORUM
1405 317 1457 348 IN

1226 407 1372 441 fortunae
1389 410 1664 452 committerent‚'
1687 413 1752 443 &c.
1784 409 1922 443 DIodiuo.

1227 459 1284 490 Ita
1298 460 1381 492 Mss.
1396 460 1525 493 fatente
1541 467 1576 493 et
1590 462 1719 501 Modio,
1735 461 1790 502 qui
1807 467 1922 493 tamen

1226 509 1388 541 sortitione
1403 510 1536 551 legend.
1557 512 1755 551 contendit3
1777 512 1923 543 maxime

1229 569 1304 591 cum
1319 569 1351 590 n.
1378 562 1409 591 3.
1427 560 1520 592 dicat
1541 561 1696 594 Auctor:
1720 563 1730 579 ‘
1744 561 1839 602 Ipsi‚'
1860 564 1924 594 &c-

1227 611 1354 641 Verum
1369 610 1432 642 hoe
1454 611 1563 651 ipsum
1588 612 1743 653 Zopyrus
1769 612 1865 653 queri
1888 620 1925 642 se

1229 659 1420 698 simulat‚in
1436 661 1529 701 regni
1547 662 1714 702 petitione
1727 672 1793 692 non
1807 661 1926 692 virtuti

1230 714 1264 739 et
1275 709 1407 749 judicio
1422 710 1607 749 hominum,
1620 711 1678 742 sed
1693 711 1845 751 auspicio
1861 720 1930 741 sor-

1230 760 1338 800 tique,
1361 760 1466 791 fuisse
1490 761 1612 793 locum.
1657 761 1711 792 Ad
1727 762 1800 792 haec
1822 762 1848 792 si
1872 771 1930 793 va-

1230 810 1301 841 leat
1324 811 1515 841 emendatio
1542 811 1662 852 Modii,
1677 816 1839 853 sequetur
1861 820 1931 842 sor·

1231 860 1386 892 titionem
1401 861 1549 902 aliquam
1568 862 1695 892 virtute
1712 865 1747 892 et
1762 861 1932 892 hominum

1228 910 1358 951 judicio
1374 911 1462 952 regi:
1488 911 1580 952 quod
1597 916 1716 943 contra
1733 916 1796 943 est.
1830 912 1839 928 ‘
1853 911 1933 942 Sors

1234 961 1353 992 deerat
1382 961 1423 992 ad
1446 971 1564 1002 parurn
1592 960 1753 1001 idone0s‚'
1782 960 1830 991 ait
1852 961 1935 991 Tac.

1236 1010 1278 1042 A.
1304 1019 1387 1042 xm.
1414 1014 1468 1042 29.
1501 1011 1510 1029 ‘
1527 1012 1628 1043 Sorte
1653 1015 1688 1042 et
1713 1020 1798 1042 urna
1824 1019 1935 1041 mores

1237 1070 1302 1091 non
1319 1061 1581 1101 discernuntur,'
1604 1062 1658 1093 Id.
1675 1062 1720 1092 H.
1734 1071 1783 1093 1v.
1798 1064 1830 1092 7.
1854 1061 1937 1093 Qui-

1239 1111 1315 1141 dam
1331 1111 1486 1152 impressi
1499 1112 1640 1152 portione
1655 1112 1786 1152 legunt,
1797 1121 1857 1152 pro
1871 1120 1937 1153 quo

1238 1162 1389 1194 Sichard.
1405 1162 1439 1193 in
1456 1163 1519 1194 Ed.
1543 1163 1648 1194 Basil.
1669 1163 1840 1203 partitione
1856 1162 1939 1193 mal·

1241 1213 1301 1251 let,
1317 1217 1434 1243 contra
1451 1218 1599 1244 mentem
1622 1212 1783 1244 Auctoris
1800 1218 1834 1244 et
1850 1221 1940 1244 com-

1242 1263 1426 1302 petitorum
1443 1264 1550 1303 regni.
1572 1264 1756 1294 Berneccer.
1792 1262 1940 1294 Quidam

1243 1312 1396 1353 impressi
1411 1313 1538 1345 habent
1555 1314 1704 1354 portioni.
1730 1314 1768 1345 F.
1784 1313 1861 1344 olim
1879 1321 1942 1353 per

1244 1364 1479 1403 compendium
1512 1363 1577 1395 fuit
1606 1364 1768 1404 scriptum
1794 1362 1946 1403 postione,

1245 1424 1305 1455 pro
1314 1416 1534 1454 postulatione;
1546 1420 1581 1446 et
1594 1415 1701 1446 videri
1715 1415 1829 1454 debet,
1840 1414 1946 1455 quod-

1245 1474 1321 1495 nam
1347 1475 1428 1496 vere
1455 1466 1500 1497 sit
1523 1465 1663 1504 Justini‚
1685 1465 1759 1503 hoc,
1779 1474 1835 1504 au,
1855 1463 1945 1505 quod

1246 1524 1336 1546 nunc
1364 1515 1504 1555 legitur,
1525 1515 1686 1556 petitione.
1731 1514 1820 1545 Nam
1846 1514 1949 1545 alter·

1248 1568 1362 1595 utrum
1380 1569 1433 1595 est
1450 1565 1660 1604 glossatoris,
1673 1569 1720 1603 et,
1734 1564 1761 1594 si
1779 1573 1889 1594 meum
1899 1563 1949 1594 in·

1250 1620 1433 1655 terponere
1450 1615 1616 1656 judicium
1641 1615 1760 1654 debeo,
1775 1615 1809 1645 id
1825 1614 1950 1655 ipsum,

1250 1665 1337 1706 quod
1354 1665 1386 1695 iu
1404 1670 1502 1696 textu
1521 1666 1621 1697 hodie
1638 1670 1824 1706 comparet.
1846 1664 1952 1702 Sches.

1251 1715 1378 1747 Mirum
1402 1716 1458 1757 qui
1473 1716 1537 1747 hoc
1553 1716 1624 1747 viro
1637 1716 1740 1746 docto
1752 1715 1901 1756 potuerit
1916 1715 1951 1746 in

1252 1771 1400 1797 mentem
1432 1767 1557 1798 venire.
1591 1767 1600 1784 ‘
1629 1767 1755 1798 Petere
1784 1765 1952 1807 regnum,'

1252 1815 1261 1832 ‘
1279 1815 1539 1856 magistratuni,’
1563 1815 1690 1847 Latinis
1713 1816 1871 1847 dicuntur
1896 1814 1954 1857 qui

1255 1866 1311 1897 illa
1329 1866 1494 1897 ambiunt.
1542 1866 1609 1897 Sed
1630 1866 1702 1907 quis
1728 1875 1873 1907 unquam
1898 1874 1957 1896 au-

1255 1916 1343 1947 divit
1377 1916 1574 1947 candidatos
1624 1917 1634 1934 ‘
1662 1915 1859 1957 postulare‚’
1897 1920 1957 1947 aut

1257 1971 1265 1984 ’
1283 1965 1459 2006 flagitare‚’
1482 1967 1721 2007 magistratus?
1755 1967 1863 1997 Recte
1886 1966 1958 1998 Cic.

1260 2018 1350 2050 Phil.
1365 2027 1404 2050 11.
1420 2018 1537 2049 scribit
1557 2020 1566 2036 ‘
1586 2016 1724 2059 petere'
1746 2018 1958 2048 consulatum

1260 2067 1294 2098 in
1310 2068 1410 2098 laude
1427 2068 1520 2108 poni,
1536 2069 1545 2085 ‘
1562 2078 1679 2108 rogare
1691 2067 1700 2081 '
1717 2077 1797 2099 vero
1814 2068 1848 2098 in
1864 2067 1959 2099 vitio.

1263 2118 1297 2149 Si
1312 2119 1320 2135 ‘
1338 2117 1475 2158 rogare'
1502 2118 1535 2149 in
1559 2119 1638 2149 vitio
1654 2119 1803 2159 ponitur,
1816 2118 1894 2159 quid
1917 2117 1960 2150 de

1262 2168 1271 2185 ‘
1290 2168 1462 2208 postulare
1473 2166 1481 2180 ⁹
1496 2167 1710 2199 existimanti.
1725 2168 1767 2198 sit
1783 2177 1897 2198 omnes
1913 2167 1963 2197 in-

1265 2217 1437 2257 telligunt.
1462 2217 1569 2247 Groev.
1614 2218 1705 2248 Saxo
1729 2226 1811 2249 xm.
1837 2228 1871 2258 p.
1886 2220 1963 2249 243.

1265 2270 1319 2298 24.
1343 2267 1352 2284 ‘
1376 2267 1406 2298 A
1423 2277 1489 2308 quo
1512 2277 1546 2298 se
1569 2267 1602 2298 in
1619 2267 1715 2308 regni
1729 2268 1893 2309 petitione
1910 2277 1965 2298 su-

1268 2321 1424 2358 peratum
1439 2317 1604 2348 videbat!

1313 2368 1330 2408 ς
1354 2370 1395 2398 19
1418 2368 1578 2398 Hortatur
1591 2367 1644 2408 ne]
1667 2367 1718 2399 Ne
1744 2371 1797 2399 est
1820 2367 1854 2398 in
1880 2366 1967 2398 anti-

1274 2419 1448 2461 quioribus
1465 2419 1543 2450 edd.
1560 2419 1666 2451 Bech.
1684 2420 1766 2461 Maj.
1778 2419 1868 2451 Sich.
1886 2429 1967 2461 quo-

1274 2469 1373 2501 modo
1388 2470 1525 2501 Terent.
1548 2470 1583 2501 in
1606 2470 1734 2510 Hecyr.
1755 2469 1765 2486 ‘
1782 2469 1910 2500 Hortor
1924 2477 1968 2499 ne

1275 2520 1470 2561 cujusquam
1497 2519 1682 2552 miserens?
1718 2519 1827 2559 Bong.
1856 2522 1969 2549 tamen

1275 2570 1393 2601 maluit
1407 2580 1487 2607 non‚·
1509 2569 1704 2610 subaudita,
1717 2574 1795 2600 ante
1810 2569 1906 2608 illud,
1919 2573 1970 2600 ut.

1282 2620 1384 2652 Vorst.
1426 2620 1524 2652 Junt.
1540 2629 1673 2661 quoque
1688 2629 1726 2651 ne
1742 2629 1813 2660 prae
1831 2628 1867 2650 se
1888 2618 1970 2650 fert.

1278 2671 1386 2702 Graev.

1318 2722 1336 2762 ξ
1359 2724 1398 2752 21
1426 2720 1587 2761 Consulto]
1620 2721 1705 2752 Mss.
1731 2720 1857 2752 habent
1881 2730 1921 2752 ex
1943 2731 1971 2752 c.

1276 2771 1366 2813 quod
1390 2771 1535 2812 praefero
1551 2772 1707 2813 vulgatis,
1723 2773 1803 2814 quia
1817 2773 1903 2804 solet
1919 2772 1976 2803 ad—

1278 2822 1360 2854 dere
1389 2833 1495 2864 praep.
1526 2823 1664 2863 Noster,
1687 2833 1787 2865 quam
1814 2824 1976 2855 omittunt

1281 2872 1348 2912 alii,
1364 2872 1452 2913 quod
1466 2875 1502 2903 et
1517 2881 1609 2913 supr.
1624 2873 1750 2904 notavi.
1771 2872 1877 2910 Schef.

1322 2923 1340 2963 ς
1363 2925 1405 2954 22
1427 2923 1479 2954 Ad
1497 2922 1665 2964 postremo]
1697 2922 1754 2955 Al.
1781 2923 1844 2955 Ed.
1869 2923 1919 2956 Ac
1943 2933 1976 2965 p.
