2174 3424
430 323 515 365 794

431 425 484 457 Sic
497 436 628 468 quoque
639 426 788 458 nonnulli
802 426 890 458 inter
900 426 1025 460 Justini
1038 436 1126 458 com-

430 476 593 516 pilatores
606 477 774 518 legerunt.
803 477 890 508 Voss.
933 477 1029 508 Istud
1049 477 1127 508 Cili-

431 526 510 556 ciam
526 527 686 559 vitiosum
702 537 775 558 esse
786 528 858 567 jarn
875 527 931 566 alii
948 527 1104 558 viderunt
1120 538 1128 558 :

431 586 508 607 nam
534 577 665 616 pridem
694 577 885 618 perdomita
910 577 1023 609 fuerat
1052 578 1126 609 haec

432 627 621 668 provincia.
665 628 868 659 Universum
896 628 986 658 hunc
1015 628 1125 658 locum

432 677 496 708 sibi
520 681 712 718 suspectum
734 677 781 708 ait
808 686 881 707 esse
907 677 1131 717 Bongarsius.

433 726 580 759 Quidam
598 737 651 768 ap.
678 728 843 758 Bernecc.
872 727 1008 767 legebat
1033 728 1128 767 Cyre-

432 787 511 814 πεπυ
543 777 591 809 Is.
614 778 754 808 Vossius
780 777 929 818 Syriam
963 787 1055 817 vere,
1094 777 1128 807 ni

433 827 545 860 fallor.
580 828 692 860 Faber.
754 828 897 859 Ciliciam
933 827 1129 858 Alexander

435 878 709 919 occuparatjam
725 882 815 910 ante.
859 878 970 910 Quam
988 877 1030 908 ob
1052 886 1129 908 cau-

435 937 503 959 sam
521 938 582 968 pro
597 928 741 959 Ciliciam
753 926 905 958 Freinsh.
921 927 1054 966 legend.
1070 935 1129 966 pu-

434 981 486 1008 tat
504 978 655 1018 Cyrenen.
702 977 766 1008 Sed
783 986 892 1017 neque
918 977 980 1007 hoc
1005 980 1131 1016 potest.

435 1028 526 1058 Nam
550 1028 708 1068 Cyrenen
736 1026 880 1058 obtinuit
898 1027 1030 1057 demum
1047 1026 1129 1057 Pto-

434 1078 584 1114 lemaeus,
601 1081 638 1108 ut
661 1086 702 1108 ex
720 1084 803 1107 xm.
817 1079 848 1106 6.
867 1078 918 1107 10.
934 1076 1048 1107 videre
1064 1080 1129 1106 est.

437 1128 581 1159 Rectius
596 1127 699 1167 igitur
713 1126 860 1165 videtur,
883 1125 972 1166 quod
995 1125 1131 1156 Vossius

435 1178 570 1219 legend.
588 1182 699 1218 putat,
715 1177 908 1217 Syriamque.
932 1177 1046 1207 Vorst.

480 1230 531 1269 §3
559 1229 610 1259 Ex
631 1227 785 1268 serpente]
820 1227 894 1257 Liv.
918 1235 1021 1257 xxvr.
1038 1228 1087 1257 19.
1101 1228 1132 1256 6.

437 1277 500 1309 ιΡ.
527 1278 626 1309 Corn.
652 1277 766 1317 Scipio
794 1276 926 1306 rettulit
948 1274 1071 1305 famam
1098 1274 1132 1305 in

439 1328 629 1359 Alexandro
645 1328 770 1368 Magno
787 1327 878 1367 prius
900 1326 1085 1366 vulgatam,
1100 1329 1135 1356 et

439 1378 591 1409 vanitate
611 1382 646 1408 et
662 1377 778 1408 fabula
793 1386 920 1417 parem,
943 1376 1061 1416 anguis
1076 1375 1134 1405 im-

438 1428 547 1459 manis
583 1428 763 1459 concubitu
798 1425 1032 1467 conceptum?
1067 1428 1133 1457 διο.

441 1478 525 1509 Ead.
555 1476 627 1508 fere
653 1476 766 1517 Agell.
794 1485 858 1508 vu.
880 1479 910 1507 1.
941 1476 1069 1506 Similia
1091 1475 1134 1506 de

441 1527 594 1567 Augusto
608 1527 789 1558 Suetonius
806 1529 858 1558 94.
875 1529 907 1557 8.
931 1526 1062 1556 Fabula
1078 1526 1136 1556 illa

441 1577 484 1608 de
498 1577 665 1617 Scipionis
682 1583 757 1608 ortu
773 1578 908 1617 peperit
923 1577 1021 1608 aliam
1038 1575 1135 1606 fabu-

440 1628 508 1658 lam
532 1627 574 1658 de
597 1637 699 1668 specu
717 1627 750 1658 in
769 1627 976 1666 Linternino,
994 1626 1051 1657 ubi
1070 1635 1138 1656 ma-

443 1687 502 1709 nes
538 1678 608 1717 ejus
646 1677 819 1708 custodire
847 1676 949 1708 draco
980 1677 1139 1717 traditur,

443 1727 532 1758 Plin.
551 1736 628 1758 xv1.
644 1730 697 1758 44.
715 1737 766 1767 pr.
790 1728 889 1759 Bern.

487 1778 504 1817 ξ
520 1781 539 1808 6
563 1776 673 1817 Stupri
688 1776 887 1817 compertam]
912 1775 967 1807 Ita
984 1776 1056 1807 Liv.
1069 1785 1137 1807 vn.

443 1830 475 1859 4.
490 1831 521 1859 4.
544 1828 553 1844 ‘
569 1827 701 1858 Nullius
715 1827 828 1867 probri
847 1826 1068 1867 compertus.’
1094 1827 1139 1858 Et

443 1877 468 1909 f.
498 1878 572 1918 ejus
602 1877 789 1908 imitatione
818 1877 899 1908 Tac.
927 1876 970 1908 A.
997 1886 1021 1908 1.
1047 1880 1080 1908 3.
1105 1879 1137 1908 6.

443 1927 601 1958 ‘Nullius
631 1931 744 1957 tamen
771 1925 892 1967 flagitii
922 1926 1141 1967 compertus!

446 1978 579 2008 Bernec.
624 1977 698 2008 Liv.
722 1985 819 2008 xxii.
839 1979 892 2008 57.
915 1977 1031 2007 ‘Dum
1056 1977 1139 2007 Ves-

445 2026 532 2057 tales
564 2026 672 2066 stupri
697 2026 904 2065 compertae.’
959 2025 1060 2056 Aliud
1087 2029 1140 2056 est

445 2076 585 2117 ‘stupro
610 2079 788 2115 comperta
799 2078 818 2112 ;’
842 2085 907 2116 quo
923 2075 1018 2115 Sulp.
1040 2075 1140 2106 Seve-

448 2135 505 2156 rus
522 2125 628 2156 ntitur
645 2125 736 2156 Hist.
750 2125 784 2155 S.
796 2127 825 2155 1.
840 2127 893 2156 38.
916 2125 994 2156 Vid.
1011 2130 1140 2156 nostras

447 2176 480 2206 in
499 2176 591 2206 ilhnn
608 2175 730 2206 Notas.
758 2175 856 2206 Vorst.

492 2227 509 2266 ξ
525 2228 546 2257 ὓ
570 2225 734 2265 Originem
745 2225 938 2266 divinitatis]
961 2226 999 2257 F.
1012 2226 1143 2266 originis

447 2276 654 2307 divinitatem.
678 2276 783 2306 Grou.

493 2327 511 2366 ς
526 2327 545 2356 7
570 2325 774 2365 Irzgred.85c.]
797 2324 916 2356 AElian.
931 2334 997 2356 xu.
1007 2325 1049 2356 de
1062 2326 1142 2359 Nat.

451 2375 563 2405 Aninl.
574 2377 606 2405 6.
630 2373 870 2412 Καὶ’ολυμπιὰς
883 2373 914 2405 δὲ
928 2373 1023 2405 ἔκειτο
1033 2376 1144 2415 γυμνὴ,

451 2424 472 2462 ἡ
494 2424 629 2455 τεκοῦσα
649 2423 705 2454 τὸν
727 2425 782 2454 τοῦ
805 2424 886 2462 Διὸς,
912 2425 950 2457 ὥς
976 2425 1145 2467 ἐκόμπαζεν

454 2474 545 2513 αὐτὴ,
561 2473 610 2505 καὶ
625 2474 736 2505 ἐκεῖνος
747 2472 850 2513 ἔλεγε.

500 2526 543 2555 Ut
559 2525 742 2555 Hammonis
755 2524 878 2565 filium]
899 2524 940 2556 Τὸ
955 2528 990 2557 ut
1013 2525 1146 2558 videtur

452 2574 667 2615 expungend.
692 2574 790 2606 Sebis.
834 2575 1001 2615 Hammon,
1022 2576 1148 2608 rectius

453 2625 597 2664 Ammon,
609 2625 704 2657 Jovis
718 2625 751 2655 in
769 2625 875 2666 Libya
891 2631 1149 2666 cognomentum

454 2680 517 2712 est,
533 2675 573 2706 ab
591 2675 698 2706 arenis
713 2675 745 2706 ei
767 2676 923 2715 inditum,
949 2687 1087 2718 quarum
1104 2678 1151 2708 in-

457 2735 538 2764 gens
563 2726 659 2756 isthic
673 2726 784 2766 copia.
830 2727 923 2757 Mela
937 2736 962 2758 1.
980 2730 1009 2759 8.
1033 2728 1150 2768 Olym-

457 2775 566 2815 piadis
581 2774 739 2806 festivum
762 2776 977 2816 rescriptum,
1003 2787 1067 2818 quo
1091 2777 1151 2809 filii

451 2826 668 2866 jactantiam,
689 2827 698 2843 ⁴
710 2826 858 2866 genitum
881 2836 916 2858 sc
930 2827 1042 2868 Jove‚‘
1060 2834 1150 2860 retu-

879 332 1020 363 NOTAE
1054 332 1319 364 VARIORUM
1355 333 1405 364 IN

1178 426 1241 467 dit,
1268 426 1420 466 Agellius
1436 435 1517 457 xm.
1540 429 1571 458 4.
1593 425 1709 457 refert.
1754 425 1872 457 Corin·

1178 477 1266 508 thios
1282 476 1476 508 Alexandro
1489 481 1633 508 statuam
1643 476 1740 508 Jovis
1752 480 1873 507 ornatu

1179 527 1267 558 intra
1286 528 1386 558 Altini
1404 528 1592 567 dedicasse,
1607 526 1713 558 tradit
1725 527 1826 557 Paus.
1839 535 1873 557 v.

1178 578 1311 618 longius
1328 588 1347 609 a
1364 577 1421 609 fin.
1444 578 1574 608 Bernec.

1222 631 1275 670 §8
1302 629 1442 669 Censori]
1465 628 1542 660 Vid.
1568 632 1688 660 notata
1712 627 1755 658 ad
1773 636 1824 658 lx.
1840 629 1874 658 2.

1179 682 1210 710 9.
1234 679 1283 710 Id.

1222 729 1275 768 §9
1297 728 1349 759 An
1370 737 1471 758 omnes
1490 726 1703 765 interfectores
1722 727 1877 768 parentis]

1179 777 1293 809 Homo
1309 777 1486 817 insigniter
1510 776 1637 816 fatuus,
1657 776 1713 817 qui
1728 786 1763 807 se
1780 777 1875 816 bipa-

1180 831 1265 858 trem
1290 827 1408 857 haberi
1437 827 1597 867 postulet.
1641 828 1689 857 At
1719 826 1798 856 boni
1826 826 1876 856 illi

1179 876 1411 916 nugivenduli,
1448 875 1647 907 Hammonis
1680 874 1878 915 Antistites‚

1179 925 1286 965 magis
1315 925 1506 966 sapiebant,
1534 929 1582 964 et,
1610 925 1637 956 si
1667 924 1748 966 quid
1777 924 1875 955 bonae

1179 976 1301 1006 mentis
1317 975 1350 1006 in
1376 975 1518 1007 cerebro
1539 974 1724 1006 Alexandri
1744 973 1877 1011 fuisset,

1179 1025 1347 1056 hominem
1373 1025 1415 1056 ad
1438 1026 1618 1056 sanitatem
1645 1030 1876 1063 revocassent,

1181 1075 1237 1115 qui
1253 1074 1388 1105 intimas
1412 1073 1541 1105 Africae
1563 1074 1760 1104 solitudines
1776 1082 1877 1114 pene-

1182 1129 1309 1156 trasset
1329 1130 1367 1155 ut
1393 1134 1429 1155 se
1445 1124 1640 1156 lactandum
1665 1129 1701 1155 et
1717 1123 1877 1154 deluden-

1182 1175 1261 1206 dum
1287 1176 1488 1206 somniorum
1509 1173 1738 1206 venditoribus
1763 1173 1879 1214 propi-

1182 1229 1290 1256 naret.
1314 1225 1394 1256 Fab.

1226 1276 1243 1315 ς
1261 1277 1300 1305 10
1327 1274 1463 1305 Tertiam
1474 1273 1744 1313 interrogationem
1757 1283 1880 1313 poscen-

1185 1324 1227 1364 ti]
1252 1325 1314 1355 Est
1339 1324 1397 1365 qui
1426 1325 1534 1355 Tertia
1562 1324 1804 1362 interrogatione
1832 1323 1878 1353 le-

1186 1373 1283 1413 gend.
1311 1383 1353 1404 ex
1381 1374 1445 1405 Ms.
1462 1378 1600 1405 censet:
1624 1373 1791 1414 quomodo
1807 1371 1878 1404 fere

1184 1424 1266 1456 Tac.
1282 1423 1347 1455 An.
1364 1432 1418 1455 111.
1431 1427 1481 1455 16.
1496 1427 1527 1456 4.
1542 1423 1637 1454 Alius
1651 1428 1687 1454 et
1701 1424 1882 1465 sequentia

1186 1480 1298 1505 mutat
1325 1474 1392 1505 ita:
1417 1474 1523 1505 Tertia
1546 1473 1790 1512 interrogatione
1812 1483 1882 1514 pos-

1187 1525 1269 1555 centi
1290 1524 1451 1555 victoriam
1474 1524 1607 1555 omnium
1633 1524 1789 1563 bellorum,
1811 1533 1882 1564 pos-

1185 1573 1348 1604 sessionem
1364 1577 1518 1604 terrarum
1528 1574 1597 1604 clari
1608 1575 1823 1614 respondetur.-
1838 1583 1882 1605 ne

1187 1624 1318 1664 phrasis
1334 1624 1400 1655 ista
1421 1633 1485 1654 non
1502 1622 1665 1655 offendat.
1708 1624 1717 1640 ‘
1731 1623 1883 1654 Interro-

1191 1674 1283 1714 gatio
1295 1673 1304 1687 '
1319 1684 1464 1713 namque
1481 1683 1548 1704 non
1571 1673 1626 1704 hic
1653 1673 1807 1714 ἐρώτησις,
1823 1673 1883 1704 sed

1189 1724 1339 1765 ἐρώτημα,
1354 1725 1386 1755 h.
1399 1734 1430 1756 e.
1445 1734 1513 1756 non
1528 1729 1626 1755 actus
1641 1724 1885 1765 interrogandi,

1189 1774 1248 1807 sed
1264 1779 1369 1815 caput
1384 1774 1658 1814 interrogationis
1675 1778 1737 1805 est.
1779 1773 1821 1805 Τὸ
1832 1773 1886 1814 ζη-

1190 1823 1335 1863 τούμενον
1355 1825 1505 1865 appellat
1531 1824 1633 1856 Diod.
1650 1833 1740 1855 xvu.
1757 1827 1809 1855 51.
1826 1824 1884 1855 nbi

1190 1874 1295 1906 fusius
1304 1875 1375 1906 haec
1386 1874 1576 1915 explicatur
1588 1874 1740 1905 historia.
1786 1874 1886 1905 Cete-

1189 1934 1262 1956 rum
1276 1924 1473 1956 Atticismus
1484 1929 1549 1963 est,
1560 1934 1635 1956 cum
1648 1924 1751 1956 verba
1763 1929 1885 1966 regunt

1189 1975 1399 2006 accusativos
1415 1976 1468 2005 vel
1484 1984 1553 2005 suae
1574 1974 1723 2016 originis,
1736 1979 1775 2006 nt
1796 1975 1805 1991 ‘
1819 1984 1885 2006 coe·

1190 2033 1273 2055 nare
1309 2024 1463 2063 coenam‚’
1502 2025 1512 2041 ‘
1527 2033 1676 2064 pugnare
1713 2023 1884 2065 pugnam,’

1189 2074 1199 2090 ‘
1214 2074 1379 2105 somniare
1399 2074 1585 2110 somnium,'
1603 2075 1718 2106 Plaut.
1742 2075 1884 2116 ‘jurare

1185 2122 1444 2164 jusjurandnm‚'
1467 2125 1540 2155 Cic.
1565 2126 1627 2155 δῖε.
1648 2125 1701 2154 vel
1730 2129 1884 2165 cognatae

1191 2172 1462 2213 significationis,
1473 2179 1511 2205 nt
1521 2174 1652 2204 ‘lucere
1668 2173 1799 2214 facem,’
1811 2175 1820 2192 ‘
1833 2184 1887 2206 ce-

1192 2222 1311 2253 renmz'
1335 2224 1344 2239 ‘
1363 2223 1490 2263 garrire
1509 2224 1639 2264 nugas‚'
1661 2224 1888 2266 Plant.‘png-

1192 2282 1273 2304 nare
1301 2273 1441 2314 praelia‚'
1464 2274 1614 2314 ‘garrire
1637 2274 1790 2315 libe110s‚’
1816 2274 1887 2306 Ho-

1193 2329 1257 2357 rat.
1290 2324 1485 2366 ‘qniescere
1512 2322 1685 2363 somnum‚'
1715 2323 1889 2355 ‘substre-

1194 2385 1276 2417 pere
1292 2373 1420 2413 verba‚'
1436 2373 1538 2414 Apul.
1580 2374 1635 2405 Sic
1652 2374 1765 2415 ἐρωτᾷν
1780 2373 1887 2414 ἐρωτή-

1193 2439 1288 2466 ματα,
1301 2427 1334 2457 h.
1350 2434 1379 2456 e.
1395 2426 1588 2464 interrogare
1609 2424 1651 2466 (5.
1668 2434 1744 2456 cnm
1761 2426 1888 2456 Nostro

1194 2475 1330 2517 poscere)
1340 2475 1610 2513 interrogationes,
1618 2474 1636 2504 d
1643 2474 1704 2506 ixit
1716 2475 1889 2506 AEschines

1196 2528 1230 2558 in
1255 2525 1404 2566 Ctesiph.
1429 2530 1464 2555 et
1490 2524 1582 2555 Plut.
1606 2524 1639 2554 in
1665 2524 1775 2555 Colot.
1798 2523 1890 2557 Add.

1196 2576 1366 2608 Vechneri
1383 2574 1596 2606 Hellenolex.
1612 2584 1645 2614 p.
1662 2576 1735 2606 154.
1759 2575 1892 2606 Bernec.

1199 2626 1344 2656 Videtur
1360 2623 1489 2655 Auctor
1504 2623 1679 2663 scripsisse
1694 2624 1830 2656 Tertiam
1844 2625 1891 2656 in-

1199 2675 1437 2714 terrogationem
1461 2673 1600 2713 ponenti,
1627 2678 1665 2704 ut
1694 2674 1767 2705 Cic.
1792 2684 1816 2706 1.
1848 2674 1892 2706 de

1202 2727 1301 2758 Orat.
1332 2727 1384 2756 22.
1422 2725 1431 2742 ‘
1449 2724 1535 2755 Mihi
1568 2732 1656 2754 nuuc
1684 2733 1755 2764 vos,
1783 2725 1894 2766 inquit

1202 2777 1356 2813 Crassus,
1430 2773 1721 2815 quaestiuncnlam,
1752 2773 1794 2805 de
1827 2785 1894 2816 qua

1201 2837 1275 2860 meo
1292 2825 1458 2858 arbitratu
1482 2825 1609 2866 loquar,
1635 2824 1758 2865 ponitis
1770 2825 1792 2856 ?'
1839 2826 1894 2859 Id.
