2101 3419
632 343 827 375 JUST1N1
861 344 955 374 Lm.
988 345 1135 375 xvnr.
1168 345 1273 376 ων.
1305 335 1347 376 5.
1622 334 1707 377 887

266 439 486 472 structionem
498 438 605 476 verbi,
619 438 706 481 quod
718 447 958 480 nonnunquam

264 491 393 523 faciunt
409 492 511 522 etiam
535 489 738 522 Latinissimi
753 489 958 530 scriptores?

265 541 368 580 Schef.

298 590 485 630 Renovaret]
496 590 563 623 Jun
569 593 592 622 t.
603 592 736 621 renovet.
761 589 810 620 Ut
822 598 957 630 respon-

263 640 356 680 deat,
383 640 472 682 quod
496 640 658 681 sequitur,
681 641 726 678 τῷ
760 639 957 671 6ο(,·ειιη·ειῐ.’

265 690 370 722 Groev.
403 691 490 723 Quia
500 690 654 731 sequitur
665 699 743 720 mox
761 689 958 729 ‘occurrat,’

262 741 386 779 malim,
399 745 437 771 ut
448 741 469 772 J
474 744 544 771 unt.
557 740 672 780 habet,
683 743 816 771 renovet.
841 740 954 772 Vorst.

306 790 410 822 Oculis
429 791 504 830 ejus,
525 790 595 830 fisa]
627 790 700 822 Cic.
726 799 776 822 νι.
801 791 893 822 Fam.
920 793 952 822 l.

263 839 274 858 ‘
284 839 384 871 Oculi
401 844 526 880 augent
539 839 703 880 dolorem,
717 849 779 871 nec
795 844 953 871 avertere

257 898 278 920 a
289 889 430 920 miseriis
443 889 682 929 cogitationem
695 889 832 921 sinunt!
854 890 953 921 Bern.

300 939 376 979 §12
400 939 505 970 Elissa
529 939 687 970 ministros
712 939 909 979 migrationis
933 950 953 971 a

254 998 329 1028 rege
353 988 461 1019 missos
488 988 631 1029 navibus]
669 989 837 1021 Nimirum
868 994 951 1021 tem—

255 1040 348 1080 plum
363 1038 536 1079 Herculis,
551 1039 593 1070 ad
614 1040 704 1081 quod
728 1039 878 1072 Acerbas
902 1050 952 1072 sa-

255 1089 374 1120 cerdos
388 1087 466 1129 fuit,
478 1089 640 1129 Palaetyri
657 1094 692 1122 et
707 1090 740 1120 in
754 1091 950 1122 continente

253 1137 339 1170 fuit:
368 1143 418 1179 ut,
441 1148 515 1170 cum
543 1140 654 1170 Elissa
679 1140 721 1171 ad
746 1139 889 1172 fratrem
912 1150 949 1172 se

254 1188 402 1228 migrare
423 1189 512 1220 velle
537 1189 721 1230 simularet,
738 1200 857 1221 navem
872 1200 950 1222 con-

253 1239 415 1270 scendere
430 1249 572 1271 necesse
587 1240 753 1272 habuerit.
799 1241 878 1273 vid.
894 1250 948 1273 xl.

254 1292 306 1321 10.
325 1293 374 1321 ll.
390 1294 423 1321 et
439 1290 481 1321 ad
497 1300 573 1322 eum
590 1291 612 1322 l.
629 1292 748 1323 Notas.
777 1291 851 1325 Vor.

295 1340 467 1372 Involucris
487 1341 639 1382 involuta]
672 1342 762 1373 Puto
784 1342 949 1374 involucris

253 1398 328 1421 esse
363 1391 518 1431 glossam,
544 1395 581 1422 et
614 1392 776 1432 scriptum
806 1402 825 1423 a
854 1393 946 1426 Just.

251 1440 447 1480 segestribuffi
470 1445 528 1472 aut
548 1441 718 1481 segestriis.
747 1442 869 1474 Faber.
904 1443 945 1485 Ε.

251 1495 364 1531 potest
380 1495 487 1522 totum
503 1491 634 1523 abesse.
657 1491 760 1529 Scluff.

294 1541 312 1581 ᾗ
328 1543 368 1571 13
384 1541 550 1581 Acer-bam]
569 1538 718 1573 Gronov.
733 1550 782 1573 Ν.
796 1543 846 1573 10.
859 1541 946 1575 obs.

250 1590 360 1631 ipsum
375 1591 524 1631 Trogum
540 1590 707 1622 Adherban
724 1591 850 1622 dixisse
866 1601 945 1623 con-

244 1640 344 1681 jicit:
366 1641 401 1672 id
425 1640 511 1672 enim
533 1651 655 1672 nomen
676 1642 843 1673 Punicum
859 1651 946 1684 esse,

249 1690 371 1722 Graeca
386 1691 636 1723 terminatione.
672 1692 775 1723 Vnrst.

294 1740 380 1782 ciet]
402 1742 441 1773 F.
453 1742 545 1773 ciens.
562 1743 706 1773 Bernec.
728 1741 838 1773 Scrib.
850 1742 942 1774 ciens.

247 1791 358 1824 Faber.
380 1791 851 1832 Bernecc.suspicatureiens;
864 1792 942 1833 quia

247 1842 411 1883 praecedit
432 1844 442 1860 ‘
456 1841 608 1882 deflens‚'
623 1843 737 1874 credo.
773 1843 846 1884 Ego
861 1844 942 1874 mal-

246 1893 313 1924 lem
327 1892 387 1924 ciet
401 1896 431 1923 et
446 1895 527 1931 orat,
544 1897 581 1924 ut
603 1891 840 1932 significentur
863 1893 942 1933 duo,

245 1942 335 1984 qnod
351 1947 387 1974 et
406 1942 618 1982 compellarit
639 1952 715 1973 eum
739 1943 883 1985 nomine,
905 1948 941 1975 et

245 2003 365 2034 preces
381 1993 423 2024 ad
439 2002 515 2024 eum
531 1992 672 2024 fuderit.
696 1992 800 2032 Schef.

288 2045 305 2085 §
321 2048 359 2076 15
383 2044 489 2075 Sacris
500 2044 663 2085 Herculis]
688 2043 856 2076 Institutis
874 2045 939 2087 pri·

242 2105 332 2126 mum
340 2095 381 2126 ab
391 2095 516 2132 Iromo,
525 2095 605 2135 Tyri
613 2104 704 2136 rege,
712 2095 784 2137 (qui
792 2095 824 2126 in
834 2095 939 2127 sacris

242 2145 376 2187 Regum
389 2146 480 2177 libris
504 2147 513 2163 ‘
526 2145 661 2177 Chiram
671 2145 679 2159 ’
695 2145 862 2187 vocatur,)
874 2146 937 2178 sub

240 2196 275 2227 id
289 2201 430 2237 tempus,
443 2206 507 2237 quo
521 2196 679 2227 Salomon
692 2196 935 2238 Hierosolymis

240 2247 441 2288 imperabat.
478 2247 615 2288 Joseph.
644 2246 762 2288 Antiq.
791 2257 873 2279 vul.
903 2251 934 2281 2.

238 2297 307 2329 Sed
325 2303 434 2329 tamen
450 2306 547 2328 sacra
571 2296 730 2328 Herculis
754 2301 790 2328 et
805 2307 934 2328 manse-

239 2352 319 2379 runt
339 2348 437 2388 Tyri:
461 2351 496 2378 et
520 2346 600 2378 inde
624 2351 744 2387 postea
769 2348 933 2379 translata

239 2402 317 2429 sunt
332 2398 458 2431 Gades.
480 2397 594 2429 Strab.
610 2407 667 2429 111.
683 2397 774 2430 Just.
790 2405 888 2429 xuv.
902 2402 932 2430 5.

238 2451 269 2480 2.
291 2448 420 2480 Bernec.
464 2447 636 2487 Intellige,
660 2456 728 2478 non
751 2446 932 2488 sacrificia,

238 2499 327 2540 quod
344 2499 520 2530 ridiculum
537 2502 602 2537 est,
624 2497 683 2529 sed
707 2502 931 2539 sacramenta,

235 2549 400 2591 symbola,
410 2548 582 2590 mysteria,
597 2551 660 2580 &c.
684 2547 761 2580 Fab-

281 2599 368 2631 CAP.
384 2608 419 2631 v.
455 2599 472 2639 ᾗ
488 2601 507 2629 2
524 2598 672 2629 Sacerdos
685 2597 790 2638 Jovis]
812 2598 931 2630 Sacer-

236 2648 351 2680 dotem
365 2648 506 2682 Junonis
527 2648 575 2679 ait
596 2647 700 2679 fuisse
726 2648 862 2679 Servius
886 2649 928 2680 ad

236 2708 261 2730 1.
275 2699 348 2730 AEn.
363 2701 435 2730 447.
456 2698 491 2729 id
515 2697 604 2739 quod
620 2702 656 2729 et
671 2707 713 2729 ex
728 2698 802 2738 ipso
818 2699 927 2740 Virgi-

235 2749 279 2780 lio
291 2749 468 2790 colligitur.
491 2748 591 2780 Unde
602 2752 686 2789 puto
699 2758 752 2789 ap.
764 2750 927 2782 Nostrum

236 2808 368 2840 quoque
393 2798 561 2829 scribeud.
584 2798 718 2829 Junom's
741 2808 802 2839 pro
826 2800 927 2841 Jovis,

234 2848 419 2889 vitiumque
457 2851 566 2878 ortum
606 2857 648 2879 ex
687 2848 926 2890 compendiosa

233 2898 430 2940 scriptione.
467 2897 570 2936 Schef.

1052 438 1190 470 Deorum
1215 440 1349 481 monitu]
1373 438 1414 472 In
1439 439 1539 481 impr.
1560 441 1705 482 quodam

1009 488 1134 530 legitur
1149 489 1225 521 Dei.
1270 491 1315 521 Et
1339 500 1420 522 sane
1445 489 1512 522 fuit
1535 490 1702 522 Sacerdos

1007 539 1105 570 unius
1121 539 1229 579 Jovis,
1248 541 1302 571 vel
1323 540 1475 580 Jnnonis,
1498 547 1536 572 ut
1560 540 1603 572 ab
1629 540 1704 581 ipsa

1008 589 1106 620 unica
1121 589 1268 620 monitus
1280 589 1382 621 fuisse
1398 590 1567 622 videatur.
1611 590 1703 623 Quid

1007 647 1088 679 ergo
1104 639 1131 669 si
1149 639 1278 671 Noster
1294 640 1432 680 scripsit
1445 640 1524 671 Deae
1538 640 1702 671 commoni-

1007 688 1063 722 tu?
1095 689 1147 721 Id.

1050 739 1200 771 Comitem
1214 749 1246 771 se
1274 739 1386 770 Elissoe
1406 740 1578 780 sociumque
1595 739 1702 779 fortu-

1003 798 1052 820 πα]
1072 789 1222 830 praebuz't]
1258 790 1357 821 Vett.
1388 790 1466 821 edd.
1497 799 1572 821 cum
1601 791 1699 823 Jnnt.

995 837 1136 876 fortunae
1150 839 1254 880 offert.
1299 838 1398 872 Quod
1424 844 1460 871 et
1484 840 1640 871 Britanni
1664 840 1699 871 in

1003 888 1134 921 duobus
1151 889 1249 922 codd.
1266 894 1437 930 repertum
1460 890 1581 922 merito
1605 900 1699 922 rece·

1001 943 1135 980 perunt.
1168 938 1313 971 Inferius
1326 940 1446 972 iidem:
1470 940 1700 982 ‘Hortatique

1001 993 1091 1029 sunt,
1106 993 1144 1021 ut
1160 989 1279 1021 urbem
1294 989 1340 1020 ibi
1356 989 1568 1021 conderent.’
1593 990 1701 1023 Groev.

1001 1038 1043 1069 In
1073 1040 1172 1072 Junt.
1201 1039 1377 1080 sociumque
1404 1039 1566 1078 sortunoe;
1607 1041 1698 1081 quod

1000 1089 1081 1120 mihi
1099 1090 1196 1120 valde
1209 1090 1335 1130 placet.
1358 1090 1429 1131 [Sc.
1437 1089 1582 1128 fortunae
1596 1095 1699 1122 antea

1000 1138 1185 1180 abfueran]
1222 1140 1334 1171 Faber.
1388 1139 1492 1180 Angli
1518 1150 1586 1171 una
1615 1150 1699 1173 voce

1000 1190 1145 1231 auctius,
1179 1190 1350 1231 sociumque
1375 1190 1517 1229 soriunae
1552 1191 1699 1232 proebuit.

999 1240 1110 1273 Quam
1139 1241 1220 1273 lect.
1248 1245 1330 1282 puto
1354 1241 1547 1282 genuinam.
1591 1242 1697 1273 Certe

999 1300 1060 1322 cur
1087 1291 1287 1332 synonymia
1314 1292 1365 1323 uti
1391 1291 1423 1323 h.
1448 1292 1470 1323 l.
1495 1296 1531 1322 et
1555 1292 1699 1323 comitem

997 1341 1169 1382 sociumque
1184 1342 1332 1373 scribere
1353 1342 1509 1375 ,lustinus
1524 1342 1696 1384 debuerit,

997 1390 1084 1421 ratio
1100 1396 1154 1422 est
1170 1392 1272 1423 nulla.
1307 1391 1356 1423 At
1371 1401 1450 1423 vero
1466 1392 1580 1423 socium
1587 1393 1696 1431 fortu-

996 1450 1045 1471 ηας
1060 1441 1310 1481 elegantissime
1327 1442 1472 1474 vocabat
1493 1452 1569 1474 eum
1585 1453 1696 1474 sacer-

997 1490 1124 1523 dotem.
1181 1492 1238 1523 Sic
1268 1502 1293 1524 1.
1331 1497 1362 1524 5.
1399 1493 1502 1526 habet
1541 1495 1550 1511 ‘
1564 1494 1693 1526 socium

997 1541 1143 1582 coeptis.’
1171 1542 1276 1581 Schef.

1039 1592 1056 1632 ς
1078 1594 1097 1622 4
1121 1592 1194 1623 Mos
1214 1596 1283 1624 erat
1308 1594 1444 1634 C'ypriss,
1463 1594 1601 1634 virgines
1621 1597 1694 1627 ante

995 1642 1131 1682 nuptias,
1148 1644 1218 1684 &oq
1240 1643 1397 1675 Lactant.
1423 1644 1538 1676 Divin.
1563 1644 1649 1676 Inst.
1666 1654 1691 1677 1.

997 1695 1047 1725 1⁷.
1084 1693 1093 1710 ‘
1105 1694 1219 1725 Venus
1234 1699 1352 1725 auctor
1366 1693 1560 1725 mulieribus
1576 1695 1608 1725 iu
1626 1695 1693 1736 Cy-

994 1752 1058 1783 pro
1074 1743 1173 1774 moris
1195 1743 1282 1775 illius
1305 1743 1381 1784 fuit,
1403 1754 1447 1776 ne
1470 1744 1543 1775 sola
1563 1748 1691 1785 praeter

994 1792 1073 1824 alias
1095 1793 1253 1824 mulieres
1279 1793 1449 1834 impudica
1478 1798 1515 1824 et
1543 1794 1690 1826 virorum

992 1848 1158 1883 appetens
1175 1843 1370 1876 videretur.'
1414 1843 1584 1876 Armeniis
1599 1845 1690 1876 simi-

991 1893 1058 1924 lem
1080 1892 1154 1924 fere
1177 1903 1305 1924 morem
1328 1893 1447 1925 tribuit
1461 1893 1575 1926 Strab.
1593 1903 1647 1926 Χι.
1662 1895 1688 1927 f.

991 1948 1028 1975 et
1050 1943 1154 1985 Lydis
1178 1944 1309 1975 Herod.
1334 1953 1360 1975 1.
1382 1947 1436 1976 93.
1461 1944 1544 1975 item
1567 1944 1687 1976 AElian.

990 2003 1041 2026 ιν.
1056 1995 1098 2026 V.
1116 1994 1161 2025 H.
1183 1997 1212 2026 1.
1228 1993 1366 2025 Punic1s
1381 1994 1457 2025 Val.
1471 1994 1521 2025 M.
1534 2002 1575 2026 11.
1590 1997 1621 2025 6.
1638 1997 1688 2026 15.

990 2044 1208 2076 Phoenicibus
1238 2044 1282 2077 D.
1322 2043 1410 2085 Aug.
1448 2044 1522 2075 Civ.
1552 2053 1603 2076 1v.
1634 2047 1687 2075 10.

987 2096 1152 2127 Theodor.
1183 2095 1274 2127 Hist.
1306 2095 1399 2126 Eccl.
1428 2104 1454 2127 1.
1482 2097 1513 2127 8.
1551 2095 1683 2126 Bernec.

987 2146 1122 2177 Morem
1145 2145 1234 2176 hunc
1256 2145 1290 2176 in
1316 2145 1392 2186 ipsa
1417 2144 1536 2177 Africa
1561 2154 1618 2176 eas
1641 2145 1685 2176 ad

987 2202 1144 2236 posteros
1167 2195 1392 2227 transmisisse
1414 2199 1558 2236 apparet
1572 2205 1614 2226 ex
1631 2205 1684 2236 eo,

985 2246 1076 2287 quod
1093 2246 1169 2277 Val.
1183 2246 1231 2276 M.
1248 2254 1288 2277 11.
1305 2248 1335 2276 6.
1354 2248 1405 2277 15.
1429 2245 1560 2285 scribit,
1575 2245 1683 2277 Siccae

985 2297 1019 2327 in
1034 2296 1153 2328 Africa
1165 2296 1281 2327 fanum
1297 2306 1369 2327 esse
1382 2296 1537 2337 Veneris,
1548 2297 1581 2327 in
1595 2297 1683 2338 quod

983 2356 1019 2377 se
1041 2351 1206 2378 matronae
1232 2347 1452 2387 contulerint,
1474 2351 1577 2388 atque
1602 2346 1681 2378 inde

983 2398 1210 2438 procedentes
1227 2397 1267 2428 ad
1296 2402 1463 2438 quaestum
1487 2397 1585 2429 dotes
1607 2407 1682 2430 cor-

981 2448 1074 2490 poris
1089 2447 1210 2489 injuria
1225 2447 1470 2479 contraxerint.
1496 2448 1565 2478 Vor-

1025 2496 1178 2537 Statutz's]
1202 2497 1240 2528 F.
1256 2497 1358 2528 statis.
1383 2497 1492 2529 Gron.

1025 2547 1221 2586 Libomenta,
1235 2546 1305 2586 ἔξω]
1329 2547 1416 2577 Saxo
1432 2556 1487 2577 111.
1504 2556 1536 2587 p.
1551 2549 1604 2578 42.
1622 2550 1674 2579 18.

981 2597 992 2615 ‘
1008 2597 1112 2628 Foeda
1132 2597 1263 2637 superis
1279 2596 1465 2627 libamenta
1477 2596 1663 2637 persolvit.’

1025 2649 1042 2688 ξ
1064 2650 1084 2679 6
1106 2647 1218 2686 AEgre,
1239 2646 1309 2686 Sym]
1331 2646 1384 2678 Id.
1413 2655 1461 2679 Vl.
1487 2657 1520 2688 p.
1542 2649 1595 2678 99.
1620 2650 1675 2680 43.

978 2700 988 2717 ‘
998 2697 1349 2729 Perseverantissimis
1362 2697 1506 2728 omnium
1517 2697 1674 2739 precibus

978 2747 1108 2780 victus:

1020 2800 1037 2840 ς
1063 2801 1082 2829 7
1106 2796 1350 2838 Interpellasset]
1378 2796 1435 2829 Sic
1459 2797 1588 2829 Auctor
1609 2798 1672 2831 ite-

977 2860 1050 2882 rum
1073 2856 1138 2879 xv.
1163 2851 1195 2880 3.
1218 2850 1250 2879 3.
1273 2852 1309 2879 et
1333 2856 1431 2881 κων.
1452 2850 1483 2880 4.
1504 2850 1556 2881 20.
1593 2850 1671 2881 Ele-

976 2904 1095 2942 ganter
1120 2899 1213 2931 Curt.
1234 2901 1329 2931 v1.6.
1350 2901 1399 2930 14.
1441 2899 1516 2931 ‘Ne
1536 2900 1569 2931 in
1587 2901 1671 2932 sedi-
