2101 3419
656 369 850 400 JUSTINI
890 370 983 400 [AB.
1018 370 1129 399 xxi.
1162 369 1270 399 (mr.
1301 358 1341 398 1.

277 464 436 496 Διονύσιος
462 462 512 502 ἣν,
534 463 550 494 ὁ
573 465 629 501 τῆς
654 462 794 496 Σικελίας
810 462 900 504 ἄρξας
916 462 971 501 ἔτη

276 514 308 554 μ’
334 516 415 546 δυοῖν
438 514 617 546 ἀποδέοντα.
670 514 818 554 Syncell.
844 514 970 545 Chron.

1637 356 1722 398 903

1025 473 1057 503 p.
1071 466 1145 494 258.
1169 461 1329 494 Δοινύσιος
1344 462 1483 494 Σικελίας
1494 461 1637 503 τύραννος
1650 460 1723 493 ἀπέ-

1025 516 1094 545 θανε
1106 513 1260 554 κρατήσας
1275 512 1330 551 ἔτη
1343 512 1393 551 ιη’.
1419 515 1499 554 Leg.
1516 512 1579 550 λη’.

776 870 995 919 LIBER
1039 867 1202 916 XXI.

317 1015 403 1047 CAP.
421 1017 450 1046 l.
488 1016 505 1056 ξ
524 1018 540 1046 1
559 1015 736 1046 Maximum
751 1017 826 1045 natu
842 1013 969 1056 exfiliis

273 1066 350 1106 ejus,
363 1065 484 1096 nomine
499 1065 702 1106 Dionysium]
739 1063 807 1096 Alii
824 1065 968 1104 scripto-

273 1126 326 1147 res
341 1116 493 1147 dicerent
515 1116 524 1132 ‘
538 1116 672 1147 nomine
701 1120 736 1146 et
762 1116 872 1156 ipsum
888 1115 968 1146 Dio-

273 1166 403 1206 nysium
418 1166 440 1204 ;’
463 1166 519 1207 qui
542 1170 577 1197 et
592 1166 676 1207 ipse,
701 1170 739 1196 ut
756 1169 865 1206 pater,
888 1165 968 1196 Dio-

1022 1014 1123 1044 lutare
1137 1011 1276 1053 potentia
1291 1008 1383 1049 qius?
1427 1008 1511 1042 Quis
1525 1018 1590 1039 non
1605 1007 1721 1039 videat

1022 1064 1087 1103 leg.
1103 1059 1338 1103 potentiaejtts?
1381 1059 1447 1091 Sed
1462 1059 1592 1100 anacii
1608 1069 1721 1089 ernen-

1022 1114 1192 1145 dationem
1210 1112 1333 1153 probat
1359 1110 1492 1142 Auctor
1518 1111 1592 1149 ipse
1609 1119 1650 1140 11.
1670 1112 1721 1140 10.

1022 1168 1053 1196 2.
1075 1165 1083 1181 ‘
1098 1164 1209 1195 aetatis
1232 1162 1444 1203 privilegium
1458 1160 1466 1173 ’
1488 1160 1585 1199 dicit,
1607 1162 1616 1176 ι
1631 1159 1721 1200 quod

271 1217 385 1257 nysius
409 1216 593 1248 dicebatur.
636 1217 681 1247 Et
703 1216 752 1247 ita
766 1217 855 1248 Just.
872 1216 966 1254 alibi,
1017 1217 1087 1257 jus,
1104 1219 1138 1247 et
1153 1215 1234 1246 ordo
1252 1212 1423 1251 nascendi,
1446 1216 1482 1243 et
1509 1216 1630 1242 natura
1647 1211 1722 1251 ipsa

271 1266 518 1306 ‘Fratremque
546 1265 636 1305 regis
663 1269 699 1296 et
726 1265 835 1305 ipsum
868 1264 967 1296 Aria-

272 1315 402 1347 rathem
428 1315 583 1347 nomine.’
628 1317 673 1347 Et
689 1325 761 1346 XLI.
776 1319 808 1346 5.
830 1315 839 1332 ‘
856 1315 969 1356 Hujus

272 1364 361 1396 filius
377 1370 412 1397 et
429 1375 606 1397 successor
632 1367 739 1407 regni,
758 1365 906 1397 Arsaces
934 1371 969 1398 et

271 1415 345 1456 ipse
370 1416 527 1448 nomine.’
573 1417 628 1448 Sic
659 1426 734 1448 XLI.
764 1419 797 1448 4.
820 1418 829 1433 ‘
852 1418 968 1449 Morte

271 1466 450 1507 Theodoti,
474 1471 566 1498 metu
592 1468 769 1507 liberatus,
796 1478 872 1499 cum
898 1467 967 1499 filio

275 1517 359 1557 ejus,
373 1521 408 1548 et
423 1517 496 1558 ipso
511 1518 702 1556 Theodoto,
726 1517 836 1549 foedus
853 1528 892 1549 ac
909 1529 968 1559 pa-

273 1576 346 1598 cem
363 1566 465 1598 fecit)
509 1567 577 1599 Ubi
598 1568 607 1584 ‘
621 1572 656 1599 et
682 1569 756 1608 ipso
769 1568 968 1600 'l'heodoto'

271 1617 317 1648 id.
335 1618 425 1648 valet
441 1627 492 1656 ac,
520 1618 575 1659 qui
592 1619 693 1649 etiam
709 1618 900 1649 Theodotus
917 1619 966 1650 di-

272 1668 426 1700 cebatur.
470 1669 517 1700 Et
535 1678 623 1700 XLII.
638 1672 670 1700 4.
694 1670 703 1686 ‘
716 1670 761 1701 Et
777 1670 850 1710 ipse
864 1670 967 1701 Phra-

272 1718 370 1750 hates
388 1719 546 1750 nomine.’
570 1719 649 1750 Fab.

315 1771 332 1810 ᾧ
355 1773 376 1801 2
399 1769 555 1800 Naturam
581 1770 660 1811 ejus]
695 1769 857 1812 Plerique
881 1776 966 1803 vett.

270 1824 417 1852 naturam
445 1821 510 1860 ejus
535 1831 576 1851 ex
595 1831 658 1861 quo
674 1824 794 1851 natura>
812 1821 867 1859 jus
882 1820 967 1852 fecit

271 1871 403 1902 Doctor
413 1881 505 1903 meus
515 1871 588 1903 Jac.
600 1871 756 1911 Cujacius
770 1871 811 1901 ad
824 1872 861 1903 L,
872 1875 901 1903 5.
919 1873 965 1903 D.

271 1920 314 1951 de
326 1921 450 1960 Paetis,
461 1930 559 1962 quem
571 1920 639 1951 vid.
665 1921 767 1951 Error
779 1921 854 1952 hinc
866 1926 965 1953 natus

270 1976 335 2003 est.
373 1972 412 2003 Iu
429 1976 513 2003 vett.
529 1971 624 2002 libris
638 1971 867 2012 diphthongus
884 1975 965 2004 scri-

270 2021 360 2052 bitur
375 2021 499 2052 litteris
516 2022 681 2061 separatis
696 2032 742 2053 ae.
788 2022 872 2053 Cum
885 2032 965 2061 ergo

274 2071 310 2102 in
329 2072 435 2103 veteri
450 2076 540 2103 esset
555 2076 685 2103 ‘naturae
701 2073 770 2111 jus,
792 2073 965 2113 negligens

269 2121 461 2162 exscriptor
475 2127 588 2153 natura
596 2123 658 2162 ejus
669 2123 863 2163 exscripsit,
876 2124 966 2164 quod

269 2170 392 2202 deinde
419 2172 527 2203 audax
557 2178 731 2204 corrector
757 2173 966 2212 supraducta

267 2221 357 2253 linea
386 2223 592 2264 emendavit,
628 2228 667 2255 ut
703 2224 876 2263 legeretur
910 2236 964 2257 na-

268 2274 372 2303 turam
394 2272 469 2312 ejus.
514 2273 554 2303 Id
589 2277 626 2304 et
657 2274 713 2304 alii
743 2279 864 2314 postea
895 2285 963 2306 ma-

262 2322 330 2363 jori
355 2323 456 2354 etiam
480 2323 622 2354 audacia
645 2328 819 2355 mutarunt
841 2326 874 2356 in
899 2336 963 2357 ma-

267 2376 371 2404 turam
397 2376 520 2404 aetatem
545 2373 620 2412 ejus.
674 2374 844 2406 Similibus
874 2386 964 2406 men-

268 2424 321 2455 dis
346 2424 512 2457 infectum
536 2426 713 2464 Senecam,
730 2427 880 2458 ostendit
904 2428 964 2458 mi-

267 2475 369 2508 hiel.
397 2480 432 2507 et
464 2477 602 2508 doctiss.
637 2477 700 2507 Vir
733 2478 811 2508 Nic.
854 2478 965 2509 Faber

269 2525 326 2557 lib.
347 2526 390 2557 de
417 2527 474 2558 Ira
494 2536 533 2559 11.
548 2530 601 2558 30.
625 2527 682 2558 ubi
705 2528 848 2568 legitur:
873 2529 881 2545 ‘
895 2529 961 2559 Pa-

271 2581 325 2607 ter
351 2581 425 2615 est;
448 2581 579 2608 tantum
609 2576 752 2618 profuit,
775 2582 813 2608 ut
839 2578 886 2608 illi
904 2579 962 2609 do-

269 2628 380 2659 nanda
410 2629 530 2669 injuria
556 2630 629 2670 ejus
658 2630 701 2660 sit
715 2629 736 2660 :'
766 2640 841 2661 cum
864 2631 897 2661 in
922 2631 960 2661 li-

269 2678 338 2709 bris
351 2679 436 2710 Mss.
453 2679 497 2711 sit
523 2682 559 2710 ut
582 2679 632 2710 illi
652 2680 746 2710 etiam
767 2681 885 2719 injuria
899 2681 962 2720 ejus

268 2729 330 2767 εἰί,ν
344 2738 442 2760 nemo
469 2739 535 2761 non
557 2729 697 2761 doctiss.
713 2730 785 2761 viro
802 2731 963 2762 assentia-

270 2783 326 2809 tur
340 2779 405 2819 leg.
419 2778 543 2818 injuriae
557 2780 613 2819 jus
627 2780 679 2812 sz't.
723 2781 769 2812 Et
786 2790 810 2811 I.
827 2781 870 2812 de
886 2782 962 2812 Cle-

269 2833 374 2860 ment.
391 2832 441 2862 19.
453 2831 461 2847 ‘
478 2830 562 2862 Cum
578 2831 680 2862 liceat
692 2831 863 2862 innoxium
877 2831 962 2869 aliis,

270 2883 306 2909 et
318 2879 360 2910 ob
373 2880 436 2912 hoc
451 2890 617 2921 securum,
646 2883 825 2913 salutarem
843 2886 962 2922 poten-

270 2929 351 2961 tiam
367 2931 439 2972 ejus
455 2932 629 2965 tractare!
674 2933 771 2965 Vett.
790 2932 897 2965 Codd.
913 2942 961 2964 sa-

1022 1267 1179 1307 gentibns
1195 1264 1314 1296 dedit!
1356 1264 1402 1294 Et
1427 1271 1546 1293 xxxv.
1560 1264 1591 1293 3.
1608 1264 1639 1292 7.
1664 1272 1720 1292 vo-

1024 1322 1081 1349 cat
1115 1317 1191 1358 ‘jus
1222 1313 1397 1356 gentium!
1442 1312 1542 1344 Unde
1572 1312 1720 1343 libenter

1023 1368 1240 1399 emendarem
1283 1367 1394 1397 locum
1428 1364 1485 1396 lib.
1513 1372 1589 1395 xm.
1620 1367 1652 1394 5.
1686 1366 1718 1394 9.

1022 1421 1032 1436 ⁴
1047 1419 1197 1450 Quorum
1214 1416 1323 1456 major
1337 1415 1519 1453 Phraates,
1535 1423 1627 1445 more
1641 1424 1720 1454 gen-

1023 1467 1079 1506 tis,
1094 1467 1192 1497 heres
1209 1465 1304 1506 regni
1320 1465 1341 1494 :'
1364 1469 1402 1496 nt
1426 1465 1612 1504 legeremus
1638 1473 1720 1494 more

1020 1517 1173 1557 gentium,
1190 1516 1242 1546 vel
1258 1515 1335 1554 jure
1353 1515 1517 1554 gentium.-
1541 1514 1719 1554 imperitus

1023 1567 1181 1599 librarius
1197 1566 1349 1607 projore,
1365 1570 1400 1596 ut
1416 1564 1612 1596 scribebant
1623 1565 1720 1596 Vett.

1023 1617 1171 1658 conjecit
1198 1617 1263 1656 leg.
1280 1625 1384 1646 more.-
1407 1614 1487 1646 inde
1510 1624 1593 1645 more
1614 1614 1720 1653 genti-

1019 1679 1090 1700 um:
1107 1667 1243 1699 tandem
1257 1676 1338 1697 more
1348 1665 1463 1704 gentis.
1489 1673 1570 1695 xvx.
1583 1666 1613 1694 2.
1629 1667 1660 1694 8.
1675 1664 1719 1694 de

1020 1720 1229 1751 Ptolemaeo:
1253 1718 1262 1734 ‘
1277 1717 1312 1748 Is
1337 1720 1458 1747 contra
1476 1715 1533 1756 jus
1557 1714 1720 1754 gentium,

1021 1770 1158 1801 minimo
1174 1772 1256 1799 natu
1273 1777 1316 1798 ex
1330 1766 1421 1806 filiis,
1446 1770 1527 1796 ante
1543 1764 1720 1795 infirmita-

1021 1826 1102 1859 tem,
1118 1828 1259 1860 regnum
1285 1816 1488 1855 tradiderat,
1514 1816 1651 1856 ejusque
1668 1815 1719 1846 rei

1021 1870 1148 1911 populo
1177 1868 1340 1899 rationem
1371 1866 1571 1897 reddiderat
1586 1864 1606 1896 :'
1642 1875 1718 1906 quae

1021 1925 1190 1962 postrema
1207 1919 1311 1950 verba
1326 1917 1477 1949 notanda
1496 1920 1586 1954 sunt,
1610 1921 1648 1948 ut
1669 1916 1718 1947 in-

1021 1970 1224 2011 telligamus,
1248 1977 1363 2009 regem
1389 1971 1508 1998 contra
1529 1966 1585 2006 jus
1607 1971 1642 1996 et
1667 1975 1719 1997 re-

1020 2026 1141 2061 ceptos
1164 2029 1276 2050 mores
1300 2017 1379 2048 nihil
1403 2017 1529 2058 absque
1552 2025 1718 2047 consensu

1018 2072 1136 2114 populi
1173 2072 1333 2102 innovare
1368 2078 1480 2110 posse.
1555 2069 1644 2099 Nam
1682 2072 1718 2099 et

1021 2133 1157 2156 xxxtx.
1175 2126 1206 2154 3.
1221 2125 1254 2154 3.
1278 2131 1354 2153 cum
1371 2119 1509 2161 AEgypti
1525 2119 1640 2159 regina
1656 2120 1718 2150 mi-

1020 2185 1137 2206 norem
1154 2174 1259 2205 fiiium
1283 2182 1396 2213 regem
1424 2170 1538 2202 facere
1560 2171 1677 2211 vellet,
1698 2180 1719 2202 a

1023 2225 1149 2266 populo
1166 2223 1384 2264 compellitur
1403 2222 1563 2262 majorem
1578 2222 1716 2261 eligere.

1020 2276 1152 2308 Herod.
1182 2284 1250 2306 V11.
1277 2277 1308 2305 2.
1335 2273 1395 2313 ait,
1426 2271 1621 2312 νομιζόμενον
1643 2271 1717 2303 εἶναι

1019 2326 1093 2368 πρὸς
1107 2325 1229 2357 πάντων
1243 2323 1415 2365 ἀνθρώπων,
1436 2323 1490 2354 τὸν
1503 2322 1718 2364 πρεσβύτατον

1017 2378 1077 2414 τὴν
1104 2376 1202 2418 ἀρχὴν
1227 2374 1322 2415 ἔχειν.
1368 2374 1491 2414 Neque
1517 2374 1573 2404 lex
1603 2373 1718 2404 divina

1022 2428 1201 2470 quicquam
1218 2426 1349 2467 patitur
1373 2424 1601 2465 primogenito
1618 2424 1715 2455 dero-

1022 2479 1114 2520 gari:
1144 2478 1336 2509 Deuteron.
1364 2484 1445 2506 XXI.
1474 2477 1525 2505 14.
1570 2475 1633 2506 Jus
1659 2485 1716 2505 au-

1019 2534 1087 2560 tem
1103 2533 1234 2560 naturae
1251 2536 1327 2558 esse
1337 2526 1394 2566 jus
1410 2525 1575 2566 gentium,
1598 2530 1715 2557 notum

1016 2585 1070 2611 est
1085 2589 1127 2610 ex
1143 2579 1307 2611 Jctorum
1322 2576 1418 2607 libris
1430 2576 1464 2617 (ᾧ
1478 2579 1530 2606 ll.
1542 2575 1656 2607 Instit.
1671 2576 1715 2608 de

1018 2631 1099 2661 Rer.
1114 2628 1228 2659 Divis.
1251 2631 1287 2658 et
1312 2627 1399 2666 §42
1414 2625 1448 2656 d.
1466 2630 1488 2657 t.
1512 2627 1521 2643 ‘
1533 2626 1617 2658 Jure
1633 2635 1713 2666 gen-

1018 2679 1117 2718 tium,
1133 2677 1166 2708 id
1184 2681 1251 2715 est,
1272 2676 1351 2717 jure
1367 2675 1513 2707 naturali
1528 2675 1549 2707 :’
1573 2676 1650 2717 quia
1666 2686 1712 2708 sc.

1017 2731 1027 2748 ‘
1039 2729 1203 2761 naturalis
1221 2728 1308 2759 ratio
1323 2727 1357 2758 id
1374 2727 1462 2757 inter
1478 2736 1594 2758 omnes
1610 2727 1714 2758 homi-

1016 2790 1077 2811 nes
1093 2777 1298 2810 constituit:’
1321 2778 1386 2818 §L
1414 2777 1528 2809 Instit.
1555 2777 1598 2808 de
1625 2778 1712 2810 Jure

1018 2831 1102 2862 Nat.
1117 2830 1220 2862 Gent.
1249 2834 1285 2860 et
1302 2826 1392 2869 Civ.)
1423 2828 1495 2860 Cic.
1513 2837 1570 2859 111.
1585 2831 1615 2859 5.
1642 2827 1712 2861 Off.

1016 2881 1161 2920 ‘Neque
1191 2887 1270 2909 vero
1295 2878 1357 2909 hoc
1385 2877 1492 2908 solum
1521 2881 1655 2917 natura,
1677 2878 1710 2910 id

1017 2934 1082 2970 est,
1092 2930 1168 2971 jure
1186 2927 1361 2970 gentium‚'
1376 2929 1439 2960 &Q
1482 2928 1538 2960 De
1565 2929 1710 2970 Dionys.
