2174 3424
548 360 745 392 JUSTINI
781 360 873 389 ΜΒ.
907 359 957 390 11.
991 361 1097 390 cAP.
1127 351 1168 391 9.

149 454 265 486 notiss.
279 453 409 495 lapsum
426 463 513 494 esse,
536 454 752 495 crediderim,
769 464 844 486 cum

149 505 274 535 nullam
295 503 364 544 huj.
391 504 512 535 erroris
539 514 675 536 causam
702 505 846 537 videam.

154 554 240 586 Voss.
281 554 409 585 Mirum
425 555 516 596 quod
532 554 638 586 filium
663 555 847 595 Pisistrati,

150 604 208 646 qui
230 608 308 645 post
329 609 463 646 patrem
485 606 699 646 tyrannidem
725 605 848 644 tenuit,

148 655 158 672 ‘
174 654 347 685 Dioclem'
363 659 483 687 vocat:
509 665 572 688 nec
596 660 740 696 apparet
764 665 848 696 quos

150 707 286 735 secutus
301 704 345 736 sit
359 710 525 737 auctores.
556 705 754 737 Herodotus
768 714 848 736 sane

151 758 188 786 et
200 754 416 796 Thucydides
439 766 540 787 unum
555 756 661 787 filium
677 756 849 787 Pisistrati

150 806 160 824 ‘
176 806 433 847 Hipparchum‚'
462 809 605 839 alterum
632 809 642 826 ‘
655 806 847 849 Hippian1‚'

152 860 295 895 vocaut;
332 861 368 888 et
395 857 405 874 ‘
431 857 685 899 Hipparchum’
713 857 849 898 quidem

151 907 259 945 illum,
285 908 343 949 qui
368 907 433 939 fuit
456 907 670 940 interfectus.
715 908 850 939 Videsis

154 956 284 988 Herod.
300 966 335 988 v.
352 962 388 989 et
399 958 553 998 Thucyd.
569 967 620 989 Vl.
648 958 750 990 Vorst.

194 1005 345 1046 Stuprata
359 1007 491 1047 virgine,
504 1017 524 1037 a
539 1006 647 1045 fratre
671 1007 782 1047 puellm
803 1008 852 1038 in·

154 1055 324 1096 terficilur]
342 1057 464 1088 Frater
481 1057 537 1087 ille
554 1056 620 1088 fuit
635 1057 854 1097 Harmodius,

155 1106 364 1148 quiquidem
387 1107 515 1138 socium
538 1106 657 1138 habuit
685 1106 853 1147 Aristogi-

157 1160 249 1196 tona,
273 1161 312 1187 ut
334 1165 376 1186 ex
401 1156 503 1188 modo
530 1156 631 1188 dictis
662 1156 854 1187 auctoribus

157 1209 313 1246 apparet.
355 1205 423 1236 Sed
438 1215 504 1237 nou
531 1205 574 1236 ob
600 1206 768 1246 virginem
784 1210 854 1236 stu-

157 1259 304 1296 pratam,
319 1256 379 1287 sed
398 1256 464 1286 alio
490 1255 591 1286 modo
617 1255 752 1296 indigne
781 1265 856 1287 eam

157 1305 318 1342 habitam,
330 1309 365 1337 et
377 1305 514 1347 quidem
527 1305 618 1346 qnod
635 1316 654 1336 a
666 1305 857 1336 ministerio

159 1354 315 1396 gestandi
350 1355 383 1387 iu
416 1355 679 1386 Panathenaicis
719 1355 858 1387 canistri

160 1405 317 1436 submota
351 1414 414 1445 per
456 1405 694 1445 Hipparchum
732 1405 858 1446 fuerat,

161 1455 318 1496 quodque
339 1455 446 1494 ipsum
463 1455 598 1495 virginis
614 1455 754 1486 fratrem
771 1456 859 1486 Har-

160 1503 309 1535 modium
337 1504 554 1544 Hipparchus
582 1504 624 1535 de
653 1509 771 1545 stupro
801 1514 860 1545 ap-

162 1554 320 1594 pellarat,
343 1553 565 1586 interfectum
592 1555 680 1585 hunc
711 1555 862 1595 prodidit

161 1603 312 1644 Thucyd.
336 1613 387 1635 w.
414 1614 433 1635 a
449 1614 515 1645 quo
542 1614 605 1636 nec
629 1604 770 1635 Aristot.
795 1605 862 1635 dis-

164 1657 286 1694 crepat
310 1663 345 1685 v.
377 1654 481 1686 Polit.
509 1657 562 1685 10.
618 1654 667 1686 At
695 1655 799 1685 Plato
826 1655 860 1685 in

163 1703 363 1743 Hipparcho
389 1713 431 1735 ne
460 1704 547 1735 hanc
578 1704 715 1745 quidem
745 1714 861 1735 veram

165 1752 267 1784 caedis
292 1753 484 1794 Hipparchi
511 1764 646 1785 cansam
662 1753 766 1785 fnisse
783 1764 861 1785 cen-

164 1806 238 1841 set;
261 1803 413 1843 quamvis
430 1804 530 1844 vulgo
543 1805 722 1844 eajactata
738 1803 861 1835 fuerit:

165 1851 227 1882 sed
242 1852 330 1893 quod
346 1853 468 1884 nobilis
483 1853 620 1894 quidam
638 1853 863 1884 Harmodium

165 1903 274 1943 primo
309 1907 345 1934 et
377 1902 646 1944 Aristogitonem
685 1904 864 1944 sapientiae

166 1962 265 1985 causa
279 1953 463 1985 admiratus
490 1959 595 1994 atque
622 1957 770 1985 sectatus
785 1953 866 1985 fuis-

166 2007 232 2044 set,
255 2009 334 2044 post
358 2013 440 2035 vero
468 2004 668 2045 Hipparcho
692 2004 868 2035 familiaris

167 2053 278 2084 factus
294 2053 388 2084 eosd.
412 2054 660 2086 contemsisset.
705 2054 868 2085 Ceterum

168 2102 211 2133 de
226 2102 416 2143 Hipparchi
430 2102 542 2134 studio
557 2103 744 2143 literarum,
759 2102 868 2144 deque

170 2162 283 2184 amore
299 2154 369 2193 ejus
384 2153 418 2183 iu
442 2153 610 2192 literatos,
625 2153 729 2183 multa
743 2152 776 2182 in
793 2152 869 2183 eod.

168 2203 314 2242 Dialogo
329 2203 442 2241 Plato,
458 2212 501 2233 ex
525 2211 633 2243 eoque
655 2202 774 2234 AElian.
789 2211 871 2234 vm.

169 2253 211 2285 V.
230 2253 275 2285 H.
290 2256 321 2285 2.
336 2256 587 2284 commemorat.
616 2253 718 2284 Vorst.

212 2304 230 2343 §
252 2305 272 2334 2
295 2302 556 2342 Alter...teneret]
580 2302 659 2333 Non
684 2302 772 2334 male
795 2302 869 2334 haec

170 2357 362 2393 congruunt
388 2362 465 2384 cnm
487 2353 682 2383 narratione
702 2353 871 2394 Thucydi-

173 2401 238 2442 dis,
263 2403 322 2443 qui
347 2402 406 2434 lib.
436 2411 486 2434 VI.
515 2401 642 2433 diserte
674 2402 771 2443 dicit,
803 2412 871 2434 non

171 2451 420 2492 Hipparchum,
435 2456 474 2483 ut
496 2451 653 2493 plerique
677 2452 871 2493 opinantur,

173 2502 233 2533 sed
254 2502 430 2542 Hippiam,
453 2503 511 2543 qui
534 2507 617 2533 natu
638 2501 743 2534 fuerit
767 2504 874 2534 maxi-

171 2561 244 2583 mus
259 2552 306 2583 fil.
322 2553 508 2592 Pisistrati,
524 2552 755 2593 principatum
780 2557 876 2583 tenu-

173 2601 260 2633 isse:
283 2602 434 2643 itemque
459 2612 535 2633 cum
551 2602 748 2634 narratione
765 2602 874 2633 Hero-

175 2650 259 2689 doti,
284 2651 342 2692 qui
366 2651 601 2692 Hipparchum
623 2651 800 2683 Pisistrati
826 2651 874 2683 fil.

176 2701 385 2743 Hippiaeque
412 2701 543 2743 tyranni
557 2700 712 2741 fratrem,
723 2703 766 2733 ab
782 2701 877 2733 Aris-

177 2751 328 2791 togitone
365 2755 401 2782 et
431 2751 619 2783 Harmodio
656 2751 877 2783 interfectum

178 2801 307 2833 scribit.
361 2802 488 2833 Mirum
516 2806 642 2842 autem,
671 2802 773 2843 quod,
799 2812 876 2834 cnm

178 2859 244 2881 non
268 2851 380 2891 ipsum
411 2856 588 2892 tyrannum
617 2852 780 2893 Hippiam
819 2853 879 2884 sed

179 2897 319 2931 fratrem
345 2900 419 2941 ejus
449 2901 686 2943 Hipparchum
712 2900 880 2943 Aristogi-

1505 350 1591 392 675

894 458 951 486 ton
975 459 1009 486 et
1027 453 1232 486 Harmodius
1256 453 1519 495 interfecissent,
1534 464 1591 486 eos

893 510 1007 536 tamen
1043 504 1196 536 Athenas
1231 505 1409 545 tyrannide
1445 504 1592 535 liberare

894 559 1032 585 conatos
1059 558 1216 585 auctores
1239 554 1410 592 scribunt,
1434 555 1593 595 quodque

895 603 1025 644 effigies
1052 604 1119 635 illis
1143 613 1249 635 aeneae
1275 607 1413 635 statntae
1441 603 1595 644 fuerunt,

896 665 971 696 quae
987 655 1029 686 ad
1046 659 1200 695 tempora
1215 664 1318 696 nsque
1344 654 1473 686 Xerxis
1498 655 1598 685 dura—

896 715 975 736 vere
990 715 998 744 ;
1023 715 1166 746 cumque
1183 705 1225 736 ab
1241 705 1303 735 hoc
1320 705 1353 735 in
1370 704 1524 735 Pei-siam
1539 704 1598 735 de-

898 760 1044 797 portatae
1073 755 1230 795 fuissent,
1254 765 1274 785 a
1295 755 1441 786 Seleuco
1461 753 1598 784 demum

897 806 933 836 in
963 805 1122 846 pristinas
1152 805 1250 836 sedes
1289 808 1368 835 sunt
1396 808 1597 843 reportatae.

898 856 995 887 Inter
1006 855 1197 896 fragmenta
1213 855 1321 886 Alcaei
1335 859 1387 885 est
1403 853 1540 894 aliquod
1557 863 1600 884 ex

899 917 965 948 quo
982 911 1139 947 apparet,
1155 911 1366 947 quantopere
1392 904 1434 935 dc
1452 904 1601 944 Hippar-

900 957 964 988 cho
979 957 1094 988 occiso
1112 956 1333 987 Athenienses
1356 954 1517 995 gratulati
1531 951 1602 983 fue-

901 1007 980 1038 rint.
1036 1007 1149 1037 Verba
1172 1006 1245 1036 haec
1271 1009 1362 1043 sunt,
1393 1003 1454 1035 sed
1478 1003 1602 1034 Latine

903 1066 1018 1087 versa:
1041 1056 1050 1073 ‘
1067 1057 1107 1087 In
1122 1056 1224 1097 myrti
1249 1065 1340 1086 ramo
1364 1054 1512 1095 gladium
1530 1064 1605 1094 ges-

903 1107 997 1148 tabo,
1012 1107 1098 1138 sicut
1113 1107 1320 1138 Harmodius
1332 1111 1368 1138 et
1380 1105 1606 1145 Aristogiton,

904 1167 979 1189 curn
1013 1161 1192 1199 tyrannum
1230 1157 1444 1195 occiderunt,
1480 1161 1528 1195 et,
1567 1161 1606 1186 ut

905 1207 1052 1239 Athenae
1069 1207 1224 1248 aequabili
1235 1207 1312 1247 jure
1326 1211 1516 1246 uterentur,
1528 1205 1608 1236 effe·

907 1262 1040 1289 cerunt.
1092 1257 1298 1288 Charissime
1323 1256 1503 1295 Harmodi,
1526 1265 1608 1286 non-

908 1308 986 1338 dum
1001 1316 1037 1337 es
1053 1311 1215 1346 mortuus,
1229 1306 1288 1337 sed
1305 1306 1340 1337 in
1364 1306 1543 1337 beatorum
1559 1307 1607 1336 in-

909 1357 989 1388 sulis
1007 1360 1040 1388 te
1056 1357 1151 1387 aiunt
1166 1355 1263 1392 esse,’
1277 1357 1340 1388 &c.
1370 1356 1475 1387 Vorst.

951 1408 969 1447 ᾧ
992 1410 1011 1438 3
1046 1407 1109 1442 Qui
1130 1417 1200 1437 cum
1221 1416 1277 1446 per
1303 1409 1456 1437 tormenta
1478 1405 1611 1436 conscios

909 1456 1002 1487 coedis
1033 1456 1189 1487 nominare
1215 1454 1393 1494 cogeretur]
1430 1455 1514 1486 Mss.
1544 1454 1611 1485 mei

910 1511 1107 1537 constanter
1134 1506 1284 1536 abnuunt
1308 1504 1345 1535 τὸ
1367 1504 1474 1536 caedis:
1500 1514 1611 1545 neque

911 1555 992 1586 mihi
1017 1565 1057 1586 eo
1082 1564 1166 1595 opus
1194 1554 1247 1585 liic
1273 1554 1423 1586 videtur.
1468 1554 1613 1592 Nonius,

912 1606 921 1623 ‘
940 1605 1029 1636 Scins
1050 1609 1086 1635 et
1108 1604 1244 1635 conscius
1266 1604 1329 1634 hoc
1352 1602 1540 1642 differunt,'
1564 1604 1614 1633 in-

913 1655 999 1696 quit,
1015 1655 1023 1671 ‘
1035 1654 1122 1696 quod
1138 1654 1219 1684 scius
1234 1663 1363 1692 secum,
1380 1653 1519 1684 conscius
1536 1662 1613 1684 cum

913 1704 979 1735 alio
1003 1704 1083 1734 scius
1103 1703 1185 1734 est?
1221 1702 1310 1734 unde
1338 1702 1492 1743 sequitur
1517 1703 1617 1734 abso·

913 1754 984 1784 lute
1001 1758 1096 1784 recte
1110 1753 1210 1793 poni:
1234 1752 1428 1792 praesertim
1445 1762 1521 1783 cum
1537 1753 1616 1783 talis

914 1807 967 1834 est
983 1803 1102 1842 oratio,
1117 1813 1191 1843 quae
1208 1812 1250 1833 ex
1277 1802 1450 1842 praecedd.
1467 1808 1502 1834 et
1517 1812 1615 1844 seqq.

914 1853 1025 1883 lucem
1042 1853 1200 1892 accipere
1221 1856 1350 1893 potest.
1385 1852 1472 1883 Mod.
1520 1852 1616 1883 Mod.

916 1912 1032 1934 vocem
1049 1903 1142 1933 coedis
1156 1912 1233 1933 suos
1249 1902 1334 1932 Mss.
1350 1905 1546 1932 constanter
1561 1902 1618 1932 ab·

916 1962 1022 1984 nuere
1037 1953 1143 1984 dicit:
1167 1961 1230 1983 nec
1247 1956 1300 1982 est
1317 1961 1396 1982 sane
1412 1952 1618 1984 necessaria.

917 2004 1049 2034 Bernec.
1093 2002 1160 2043 Ap.
1177 2002 1335 2033 Vincent.
1357 2011 1464 2042 prave
1488 2001 1619 2032 editum

917 2058 971 2084 est
985 2053 995 2070 ‘
1011 2053 1184 2084 consocios
1200 2052 1326 2092 caedis,’
1340 2056 1376 2083 et
1391 2051 1468 2082 dein
1484 2052 1492 2068 ‘
1507 2058 1620 2082 utrum

917 2104 1038 2144 aliquis
1056 2103 1098 2134 de
1115 2103 1280 2134 consociis
1296 2101 1514 2143 superesset.’

961 2154 978 2194 ξ
1002 2156 1022 2183 4
1047 2153 1208 2188 Quaerentz'
1228 2156 1372 2193 tyranno,
1386 2161 1426 2183 an
1441 2151 1540 2182 adhuc
1565 2151 1623 2181 ali-

919 2203 971 2242 qui
985 2203 1096 2233 conscii
1107 2206 1219 2241 essent,
1230 2202 1383 2233 neminem
1395 2202 1443 2232 ait
1454 2200 1623 2241 superesse]

919 2252 961 2283 In
975 2252 1222 2294 antiquioribus
1233 2251 1324 2293 typis
1333 2252 1504 2292 expressis
1513 2251 1623 2282 Codd.

920 2308 1092 2343 postrema
1119 2313 1201 2334 casu
1217 2306 1312 2334 recto
1335 2307 1371 2333 et
1398 2301 1503 2333 verbo
1525 2301 1623 2332 finito

921 2361 1083 2392 expressa
1108 2353 1329 2393 reperiuntur
1353 2352 1386 2383 h.
1414 2351 1535 2382 modo:
1564 2352 1625 2382 Ne-

921 2413 982 2443 mo,
1006 2404 1066 2443 ait,
1091 2407 1242 2444 superest,
1267 2413 1356 2443 quem
1383 2403 1516 2443 amplius
1544 2403 1624 2433 mori

919 2453 1055 2492 gestiam
1069 2462 1158 2493 quum
1179 2453 1280 2493 ipsum
1294 2455 1473 2493 tyrannum.
1508 2452 1625 2483 Vorst.

923 2502 1088 2542 Impressi
1115 2502 1249 2543 quidam
1277 2502 1405 2533 habent
1428 2500 1541 2541 reliqui
1564 2509 1626 2540 pro

924 2553 1032 2593 aliqui.
1085 2554 1132 2584 Et
1157 2553 1308 2594 sequitur
1333 2553 1368 2583 in
1396 2551 1628 2592 responsione,

925 2603 1073 2634 neminem
1087 2612 1253 2643 superesse,
1267 2602 1358 2643 quod
1384 2601 1544 2632 convenit
1560 2610 1627 2631 non

927 2662 1005 2684 cum
1039 2652 1048 2670 ‘
1079 2651 1176 2683 esse'
1207 2651 1418 2692 simpliciter,
1454 2650 1513 2681 sed
1552 2659 1629 2681 cum

927 2702 937 2720 ‘
966 2702 1135 2743 reliquum
1166 2700 1264 2733 esse.'
1321 2699 1470 2731 Vidend.
1508 2700 1629 2740 igitur,

929 2761 1040 2783 annon
1071 2751 1246 2792 scripserit
1275 2750 1367 2782 Just.
1396 2760 1437 2781 an
1473 2750 1547 2781 adh.
1581 2759 1630 2780 re-

929 2803 1005 2842 liqui
1020 2801 1116 2842 aliqui
1132 2811 1160 2833 c.
1177 2811 1204 2832 e.
1242 2800 1436 2831 Potuerunt
1453 2808 1532 2831 sane
1550 2800 1632 2831 scri-

931 2852 983 2884 bae
999 2851 1121 2883 stolide
1137 2851 1283 2882 alterum
1310 2849 1512 2881 vocabulum
1530 2858 1631 2890 prop-

932 2906 985 2934 ter
1012 2900 1280 2940 similitudinem,
1305 2903 1344 2932 ut
1372 2908 1633 2940 supervacuum,
