2101 3419
363 328 448 370 920

364 432 474 464 mam.'
498 432 598 463 Bern.

406 486 456 515 Ne
479 485 628 516 discessus
648 494 720 516 suus
738 485 866 525 adjungi
889 485 1058 526 parricidio

358 534 476 575 posset]
500 534 591 567 Quid
615 539 667 566 est
693 546 806 576 quaeso
831 537 980 568 discessus
1004 538 1059 568 ad-

353 586 505 625 jungitur
516 584 712 625 parricidio?
734 592 769 618 et
785 587 826 618 ad
843 597 942 629 quem
955 587 1059 619 debet

362 634 481 666 referri
499 635 532 666 id
558 635 686 676 adjungi
708 636 832 678 posset?
853 647 873 668 a
900 648 966 679 qno
992 647 1058 668 non

362 686 467 717 debet
494 696 594 727 posse
622 687 783 728 adjungi?
807 698 885 719 num
915 688 957 720 ab
985 689 1057 720 aliis

362 747 423 778 per
439 747 610 768 sermones
627 743 662 769 et
678 739 834 779 convitia,
846 739 872 770 si
890 738 1056 777 dicerent,

361 797 434 818 eam
447 788 494 819 sic
511 788 701 819 deseruisse
715 789 883 827 maritum,
899 790 985 820 sicut
1001 799 1058 820 ne-

360 847 420 878 pos
436 838 562 869 occidit
577 837 683 869 filium
701 839 793 879 ejus?
826 839 905 870 Non
922 839 1057 870 videtur

361 891 540 927 tantopere
570 888 717 919 sollicita
743 888 848 920 fuisse
875 889 917 920 de
952 888 1055 920 fama.

359 938 405 968 Et
423 944 533 969 tamen
549 939 648 969 aliter
660 939 783 980 exponi
800 939 905 970 verba
921 939 986 970 ista
1000 948 1059 970 ne·

361 994 501 1029 queunt.
555 989 595 1020 In
625 989 711 1020 Mss.
748 994 801 1021 est
833 991 965 1021 discessu
993 1000 1058 1030 suo,

360 1049 459 1079 quam
489 1040 568 1071 lect.
609 1045 693 1080 puto
725 1050 852 1071 veram.
910 1041 1054 1070 Sensus:

360 1089 510 1121 Precata
527 1096 580 1121 est
601 1100 697 1129 uxor,
719 1100 762 1121 ne
789 1090 881 1121 abire
905 1100 941 1121 se
968 1100 1058 1121 com·

360 1140 515 1179 pelleret,
530 1141 609 1181 quia
621 1146 808 1181 vereretur,
819 1141 971 1172 discessu
985 1151 1057 1179 suo,

360 1199 386 1220 s.
417 1199 477 1229 pei·
503 1189 684 1220 discessum
710 1200 816 1227 suum,
840 1189 991 1221 futurum
1019 1195 1058 1221 ut

358 1239 432 1279 ipse
450 1250 541 1280 aeger
556 1240 759 1281 adjungatur
773 1241 842 1273 filio
864 1251 926 1281 per
951 1241 1058 1281 parri-

359 1290 485 1320 cidium
510 1291 661 1330 nepotis,
684 1291 717 1322 h.
734 1301 764 1322 e.
790 1295 826 1321 ut
850 1291 1058 1331 Agathocles

358 1340 430 1379 pari
450 1339 547 1371 modo
572 1340 798 1371 interficiatur
813 1351 832 1371 a
847 1345 973 1381 nepote
988 1351 1058 1381 suo,

359 1389 446 1420 sicut
476 1389 518 1420 ab
558 1399 598 1420 eo
634 1389 834 1422 interfectus
861 1390 927 1422 fuit
955 1391 1055 1422 filius.

359 1440 464 1478 Scltef.
510 1441 601 1472 Nihil
618 1441 672 1472 hic
688 1442 832 1473 novand.
879 1443 1057 1473 Sententia

359 1495 432 1521 est:
458 1490 511 1521 Ne
527 1490 693 1522 discessus
719 1502 797 1523 suus
824 1497 893 1523 tam
910 1493 1057 1524 detesta-

358 1540 435 1570 bilis
462 1545 553 1571 esset
579 1545 614 1572 et
638 1541 823 1573 haberetur
850 1551 889 1573 ac
914 1543 1057 1583 parrici-

358 1589 451 1620 dium
469 1591 613 1630 nepotis.
660 1591 745 1623 Haec
760 1591 832 1633 ipsa
846 1592 949 1624 verba
961 1602 1055 1633 seqq.

360 1640 547 1681 explicant,
581 1642 590 1658 ‘
623 1645 658 1672 et
687 1646 757 1673 tam
795 1642 960 1682 cruente,'
990 1645 1054 1675 διε.

362 1691 470 1722 Groev.

403 1743 419 1782 ς
437 1745 456 1772 8
481 1742 552 1773 Non
568 1751 723 1783 prosper-(v
738 1746 871 1782 tantum,
891 1745 944 1775 sed
959 1744 1056 1776 omnis

359 1790 508 1831 sortunoe]
528 1792 605 1824 Qua
618 1802 721 1823 causa
736 1794 744 1810 ‘
759 1794 931 1824 consortia
942 1803 1054 1825 rerum

358 1845 580 1876 secundarum
607 1844 909 1886 adversarumque'
941 1846 1057 1886 conju·

360 1896 415 1935 gia
431 1894 589 1925 dicuntur
603 1895 725 1925 Tacito
740 1904 795 1926 111.
819 1897 871 1926 34.
888 1898 920 1926 6.
965 1896 1055 1928 Quo-

358 1944 460 1976 modo
486 1944 610 1975 Porcia
634 1945 742 1976 Bruto
765 1946 775 1962 ⁴
791 1955 827 1976 se
845 1945 985 1983 datam,'
1007 1946 1055 1976 iu-

360 1996 447 2036 quit,
468 1995 477 2012 ‘
501 2004 566 2026 non
594 1995 695 2026 sicuti
726 1995 879 2035 pellices,
901 1995 943 2026 ad
971 1995 1054 2026 lecti

358 2050 491 2077 tantum
521 2050 557 2076 et
586 2055 712 2076 mensae
740 2046 966 2077 consortium:
993 2046 1054 2077 sed

358 2095 462 2126 etiam
493 2095 534 2126 ad
560 2104 793 2136 prosperorum
821 2095 1054 2127 adversorum-

361 2155 427 2187 que
443 2145 672 2177 societatem:’
703 2146 798 2176 Plut.
826 2146 858 2176 in
887 2146 997 2177 Bruto
1021 2156 1053 2178 c.

360 2199 413 2227 19.
459 2195 571 2227 Aliter
599 2194 774 2235 Plancina,
796 2195 805 2212 ‘
827 2199 1008 2236 segregata
1035 2205 1054 2226 a

359 2247 502 2279 marito’
525 2247 764 2288 periclitante:
789 2245 874 2278 Tac.
889 2255 945 2277 111.
959 2249 1009 2277 15.
1022 2248 1053 2276 2.

359 2298 456 2329 Bern.

407 2348 448 2378 Et
461 2347 673 2388 exsequiarum
685 2345 829 2388 officium]
843 2346 927 2377 Mss.
941 2345 1054 2386 plures

359 2397 488 2428 liabent
517 2401 552 2428 ut
580 2406 645 2428 crs.
671 2396 772 2437 quod,
795 2397 875 2438 quia
904 2397 1054 2426 rationes

360 2448 551 2488 emphatice
568 2448 740 2488 proponit,
761 2451 796 2478 et
823 2456 974 2478 seorsum
990 2447 1056 2476 sin-

361 2499 457 2539 gulas
473 2499 632 2538 insinuat,
658 2503 740 2538 puto
765 2496 1054 2528 accommodatius

359 2549 437 2580 huic
467 2548 619 2589 negotio,
654 2555 689 2579 et
718 2545 920 2588 praeferend.
972 2545 1056 2576 Vult

359 2599 449 2629 enim
474 2608 557 2630 uxor
580 2607 699 2629 causas
724 2595 920 2627 remanendi
935 2604 1056 2636 graves

360 2657 394 2682 et
411 2651 533 2682 multas
549 2650 640 2680 dare.
665 2647 771 2686 Sches.

404 2702 458 2741 §9
480 2699 584 2740 Senis]
609 2700 742 2738 Nempe
767 2701 820 2729 95.
843 2706 947 2728 annos
973 2696 1060 2737 nati,

354 2751 458 2791 juxta
475 2750 612 2781 Lucian.
638 2749 671 2779 in
685 2747 870 2779 Macrobiis
888 2747 950 2778 sub
962 2747 1055 2778 init.:

359 2804 412 2832 72.
431 2810 531 2831 annos
555 2799 675 2831 tribuit
703 2799 736 2830 ei
765 2797 867 2829 Diod.
898 2806 976 2830 xxi.
1004 2800 1056 2828 12.

361 2851 614 2882 exercitissimis
644 2850 840 2883 auctoribus
867 2848 996 2879 Timaeo
1021 2853 1057 2879 et

360 2902 466 2932 Callia
480 2901 713 2941 Syracusanis,
735 2905 770 2931 et
785 2898 889 2930 fratrc
907 2898 1056 2939 Agatho-

815 338 955 370 NOTAE
987 338 1251 371 VARioRUM
1285 340 1337 371 IN

1109 433 1169 465 elis
1186 433 1372 465 Antandro.
1400 434 1495 465 Rern.

1152 485 1227 524 §10
1248 484 1344 523 AEgri
1372 483 1467 523 senis]
1489 483 1596 513 Plane
1621 485 1698 522 post
1722 482 1804 521 «egri

1109 543 1238 566 comma
1263 540 1316 566 est
1341 535 1546 575 ponendum,
1570 534 1657 575 quod
1686 539 1720 564 et
1744 534 1802 564 ab·

1109 587 1218 618 sentia
1234 586 1481 627 conjunctionis
1510 587 1668 626 ostendit,
1689 591 1723 617 et
1739 597 1804 617 em·

1109 637 1221 677 phasis
1236 637 1269 668 h.
1286 637 1307 668 1.
1325 636 1475 677 requirit.
1502 636 1604 674 Schef.
1646 637 1743 669 Junt.
1758 646 1805 668 se-

1107 688 1156 719 nis
1169 688 1258 726 oegri.
1282 688 1396 719 Graev.
1463 683 1466 686 ⁴

1151 737 1238 768 CAP.
1251 746 1307 769 111.
1335 739 1352 778 ξ
1365 740 1381 768 1
1398 737 1540 777 Pyrrhus
1553 736 1711 776 adsersus]
1725 736 1803 767 vid.

1107 786 1199 818 Plut.
1214 788 1250 818 in
1266 787 1338 828 ejus
1354 787 1423 819 Vit.
1438 790 1490 819 45.
1513 793 1548 818 et
1561 788 1662 819 Paus.
1677 788 1710 818 iu
1726 787 1803 818 Att.

1109 837 1166 878 qui
1181 847 1256 868 eum
1273 837 1415 877 primum
1439 837 1731 877 Carthaginienses
1755 838 1802 868 in-

1108 888 1179 918 sula
1205 887 1341 928 fugasse
1359 887 1530 927 referunt3
1553 889 1702 927 tandem,
1726 898 1802 919 cum

1107 937 1151 968 ob
1168 938 1304 969 crudele
1326 939 1503 978 imperium
1520 949 1538 969 a
1554 939 1651 970 sociis
1667 939 1803 969 desere-

1108 992 1213 1024 retur,
1228 988 1262 1018 οὐ
1277 987 1435 1027 δυνάμενος
1449 991 1571 1029 κρατεῖν
1582 989 1732 1029 Σικελίας,
1744 990 1803 1020 ὥσ-

1107 1048 1163 1077 περ
1189 1038 1259 1069 νεὼς
1279 1039 1493 1079 ταραχθείσης,
1516 1048 1654 1070 vocatus
1681 1050 1699 1070 a
1724 1040 1803 1081 suis,

1107 1087 1242 1118 Italiam
1259 1090 1412 1128 repetiit,
1433 1090 1542 1120 navali
1559 1090 1678 1130 proelio
1699 1090 1730 1120 in
1748 1090 1803 1121 iti-

1108 1146 1189 1167 nere
1213 1147 1232 1168 a
1255 1138 1587 1179 Carthaginiensibus
1612 1145 1801 1180 superatus·

1107 1187 1265 1224 Bongurs.

1150 1239 1167 1278 ξ
1183 1240 1203 1268 2
1227 1238 1330 1270 Sicuti
1343 1239 1458 1271 dictum
1471 1239 1534 1280 est]
1556 1249 1690 1272 xxvtu.
1707 1243 1738 1272 2.
1751 1244 1802 1272 11.

1108 1288 1205 1320 Bern.

1152 1339 1168 1379 ᾧ
1192 1341 1210 1369 3
1234 1338 1354 1370 Heleno
1374 1339 1462 1381 filio]
1485 1340 1579 1371 Plut.
1607 1340 1641 1371 in
1671 1341 1802 1381 Pyrrho

1108 1391 1159 1419 17.
1182 1398 1247 1419 non
1274 1389 1371 1429 hunc,
1401 1389 1460 1420 sed
1486 1389 1731 1430 Alexandrum,
1754 1390 1803 1421 ait

1107 1448 1150 1469 ex
1176 1439 1326 1470 Lanassa
1350 1440 1548 1481 Agathoclis
1572 1439 1642 1471 filia
1666 1449 1802 1481 suscep·

1106 1494 1189 1520 tum.
1211 1490 1319 1529 Bong.

1150 1540 1167 1580 ξ
1184 1544 1201 1570 5
1226 1540 1276 1570 Ab
1297 1541 1418 1571 Italicis
1438 1540 1529 1571 sociis
1542 1540 1665 1581 venere]
1688 1540 1718 1572 A
1733 1541 1802 1572 Ta·

1105 1589 1245 1620 rentinis
1259 1594 1294 1621 et
1310 1590 1529 1622 Samnitibus.
1564 1592 1655 1623 Plut.
1670 1591 1803 1632 Pyrrho

1105 1642 1158 1671 52.
1182 1640 1282 1671 Bern.

1148 1691 1202 1731 §6
1226 1691 1436 1732 Incertasque,
1463 1693 1533 1733 fic]
1555 1693 1644 1724 Saxo
1672 1701 1746 1725 xiv.
1768 1702 1802 1733 p.

1104 1742 1177 1771 344.
1206 1743 1258 1772 89.
1281 1742 1290 1758 ‘
1309 1742 1380 1772 Rex
1405 1743 1563 1784 quidnam
1589 1743 1801 1784 potissimum
1858 1759 1870 1769 .

1104 1796 1221 1832 ageret
1235 1792 1410 1824 incertus.’

1148 1842 1165 1882 ς
1187 1844 1206 1871 8
1229 1843 1322 1874 AEslu
1342 1843 1560 1884 periculorum]
1582 1843 1660 1875 vid.
1687 1847 1801 1876 notam

1106 1892 1148 1922 ad
1169 1900 1218 1922 xl.
1236 1895 1286 1923 13.
1303 1896 1334 1924 3.
1379 1894 1434 1924 Ita
1461 1894 1602 1926 Petron.
1625 1894 1635 1910 ‘
1652 1894 1743 1925 Dum
1766 1894 1801 1924 in

1104 1942 1168 1973 hoc
1197 1941 1365 1974 dictorum
1401 1948 1487 1975 aestu
1529 1948 1621 1976 totus
1662 1943 1804 1976 incedo.'

1105 1991 1273 2023 Ammian.
1299 2001 1360 2024 xv.
1384 1994 1393 2011 ‘
1412 1995 1452 2026 In
1479 1994 1541 2026 hoc
1567 1999 1653 2026 aestu
1678 1995 1801 2026 mentis

1102 2041 1285 2082 aucipitiS.'
1306 2043 1405 2075 Bern.

1147 2093 1200 2133 §9
1222 2092 1251 2123 A
1274 2093 1387 2124 Sicilia
1401 2092 1517 2133 abiret]
1541 2094 1639 2134 Cum,
1657 2093 1698 2125 ad
1712 2093 1801 2125 insu-

1103 2142 1171 2173 lam
1195 2148 1406 2183 respectans,
1428 2144 1607 2175 comitibus
1634 2145 1701 2175 suis
1728 2145 1801 2176 dix-

1104 2194 1205 2224 isset:
1231 2196 1240 2211 ‘
1258 2193 1289 2224 0
1307 2195 1453 2235 qualem,
1476 2194 1588 2233 amici,
1606 2195 1801 2234 palaestram

1106 2244 1437 2284 Carthaginiensibus
1458 2249 1494 2276 et
1516 2245 1675 2275 Romanis
1701 2244 1801 2276 relin-

1105 2293 1264 2335 quimusl’
1287 2294 1381 2326 Plut.
1403 2294 1525 2335 Pyrrh.
1540 2297 1591 2325 52.
1616 2295 1713 2327 Idem.
1757 2294 1799 2325 In

1106 2344 1190 2375 Mss.
1214 2347 1267 2375 est
1291 2343 1378 2375 abire
1391 2347 1431 2376 et.
1474 2345 1635 2385 Suspicor
1650 2345 1728 2377 lect.
1744 2354 1801 2376 ve-

1106 2403 1175 2425 ram
1191 2403 1264 2425 esse
1280 2393 1405 2425 abierat.
1433 2394 1547 2426 Schef.

1148 2445 1214 2475 Pro
1229 2444 1308 2475 victo
1319 2444 1449 2485 fugere]
1473 2445 1483 2462 ‘
1499 2445 1565 2477 Qui
1581 2445 1726 2485 recedit,
1750 2443 1803 2476 fu-

1106 2503 1185 2535 gere
1201 2493 1351 2525 creditur
1362 2493 1384 2525 :'
1409 2494 1504 2525 Curt.
1520 2503 1577 2526 111.
1592 2498 1623 2525 8.
1641 2498 1692 2526 12.
1709 2495 1718 2511 ‘
1731 2495 1801 2526 Pro

1105 2544 1221 2584 victo,'
1257 2544 1290 2575 h.
1319 2553 1350 2576 e.
1379 2548 1538 2585 tanquam
1564 2544 1689 2576 victus.
1745 2545 1801 2576 Ita

1106 2603 1214 2625 xxnv.
1236 2596 1267 2625 7.
1295 2597 1326 2625 5.
1347 2594 1357 2611 ‘
1374 2594 1505 2625 Milites
1532 2594 1576 2625 ad
1601 2594 1803 2635 occupanda

1105 2644 1217 2676 onmia
1230 2654 1291 2686 pro
1306 2644 1490 2675 victoribus
1505 2643 1742 2685 vagabantur,’
1767 2644 1801 2676 h.

1106 2706 1136 2728 e.
1160 2701 1317 2737 tanquam
1333 2696 1361 2726 si
1382 2700 1496 2727 essent
1518 2696 1676 2727 victores.
1719 2695 1800 2727 Sen.

1106 2747 1177 2778 Vit.
1207 2747 1308 2778 Beat.
1336 2749 1387 2776 lo.
1410 2744 1434 2777 f.
1459 2747 1468 2763 ‘
1491 2746 1618 2777 Laxam
1645 2750 1800 2776 catenam

1106 2797 1224 2836 trahit,
1247 2806 1311 2828 non
1326 2797 1396 2837 jam
1413 2796 1510 2834 liber,
1533 2796 1591 2826 sed
1610 2799 1723 2826 tamen
1739 2804 1801 2835 pro

1105 2848 1235 2881 ubero!
1279 2839 1350 2882 obn
1370 2838 1447 2879 hiel
1468 2842 1533 2885 als
1551 2838 1651 2889 step.
1703 2848 1798 2879 Suet.

1106 2900 1195 2940 Aug.
1211 2901 1264 2931 2⁴.
1280 2901 1311 2931 4.
1334 2901 1342 2916 ‘
1360 2898 1408 2929 Ut
1430 2897 1589 2939 equitem,
1613 2897 1801 2937 relegatum
