2101 3419
481 392 728 423 REcENsUs
766 391 1045 422 Eni'rioNuM
1080 391 1290 422 JUSTINI.
1494 381 1605 422 1061

168 492 207 529 in
240 491 354 540 cnjus
387 490 613 541 praefatione
644 489 765 529 multa
799 490 977 535 curatius,
1010 489 1221 539 praesertim
1252 488 1300 525 de
1328 486 1417 525 edd.
1439 487 1607 538 antiquis

170 554 393 605 disputavit.

226 617 324 657 1668
354 617 558 655 Graeviana
581 628 610 654 1.
634 617 769 655 minor.
800 616 940 656 Justini
966 614 1217 652 Historiarum
1238 613 1323 650 libri
1341 624 1464 651 XLIV.
1485 626 1531 650 ex
1551 626 1608 650 re-

167 681 345 718 censione
365 681 519 719 Joanuis
541 681 696 730 Georgii
717 679 878 724 Graevii,
894 692 982 716 cum
1001 678 1172 727 ejusdem
1195 677 1294 715 notis
1314 684 1351 714 et
1371 676 1610 715 animadver-

172 743 357 781 sionibus.
411 743 586 792 Trajecti
604 743 653 780 ad
674 743 865 780 Rhenum.
889 747 949 780 19.

219 807 443 856 —Tanaq.
477 805 586 842 Fabri
621 817 650 843 Ι.
687 811 721 844 8.
756 807 813 843 M.
848 804 1000 843 Juniani
1033 803 1173 843 Justini
1207 803 1365 840 historia
1398 815 1444 839 ex
1477 804 1607 852 Trogo

166 870 374 919 Pompeio:
404 868 596 907 recensuit
627 875 663 906 et
695 867 979 906 emendationes
1009 867 1161 905 addidit
1187 867 1341 916 Tanaq.
1369 867 1503 903 Faber.
1526 867 1609 905 Sal-

166 933 278 970 muri.

223 995 325 1041 1669
353 994 642 1033 Amstelodami.
670 994 730 1034 16.
756 995 895 1034 Justini
926 993 1179 1032 Historiarum
1201 1007 1247 1030 ex
1266 993 1397 1043 Trogo
1422 992 1607 1042 Pompeio

166 1057 270 1095 Libri
290 1068 415 1095 XLIV.
436 1057 567 1094 Editio
591 1058 807 1095 novissima.
838 1057 1134 1102 Amstelodami,
1155 1056 1257 1107 apud
1276 1057 1338 1094 Jo.
1360 1056 1607 1094 Janssonium

165 1133 186 1158 a
208 1121 435 1170 Waesberge
454 1127 492 1157 et
512 1120 664 1158 viduam
685 1121 801 1158 Elizei
821 1121 1090 1171 Weyerstraet.

222 1183 324 1227 1670
351 1183 541 1234 Lugduni.
567 1190 626 1223 12.
649 1184 739 1233 maj.
763 1191 785 1223 2
807 1184 893 1221 voll.
914 1197 950 1221 e.
972 1183 1072 1221 notis
1094 1182 1245 1220 selectis
1266 1182 1480 1220 Variorum.

222 1247 318 1290 1671
349 1247 498 1296 Tanaq.
519 1247 633 1285 Fabri
654 1258 706 1284 II.
729 1253 764 1286 8.
788 1247 965 1286 Salmuri.

221 1310 320 1353 1673
350 1311 640 1348 Amstelodami.
666 1318 725 1350 12.
746 1324 833 1348 cum
854 1311 954 1349 notis
974 1312 1024 1348 Is.
1046 1310 1185 1348 Vossii.
1210 1311 1334 1347 Amst.
1354 1323 1416 1359 ap.
1439 1310 1605 1348 Elzevir.

218 1396 269 1402 —
290 1374 441 1423 Lipsiae.
472 1379 507 1412 8.
541 1375 681 1413 Justini
712 1376 749 1412 in
784 1375 962 1413 historias
997 1374 1234 1424 Philippicas
1272 1373 1393 1423 Trogi
1433 1374 1608 1423 Pompeii

166 1437 413 1486 epitomarum
447 1437 533 1475 libri
564 1449 684 1475 XLIV.
716 1452 763 1476 ex
796 1439 1013 1477 recensione
1045 1446 1083 1476 et
1114 1451 1200 1475 cum
1222 1438 1319 1474 notis
1339 1438 1427 1475 Joh.
1448 1437 1606 1475 Vorstii‚

167 1501 320 1550 Lipsiae,
341 1501 502 1551 impens.
523 1502 610 1539 Ern.
633 1503 781 1540 Golilii.

224 1562 323 1607 1674
352 1564 528 1602 Londini.
554 1572 613 1603 12.
636 1567 691 1602 M.
712 1565 864 1604 Juuiani
884 1565 1021 1603 Justini
1053 1578 1098 1602 ex
1128 1563 1246 1614 Trogi
1272 1563 1445 1614 Pompeii
1474 1563 1606 1602 Histo-

167 1627 229 1665 riis
249 1628 414 1665 externis
435 1628 538 1665 Libri
561 1639 686 1666 XLIV.

219 1714 272 1719 ——
291 1691 445 1729 Oxonii.
469 1696 503 1728 8.
523 1692 659 1729 Justini
679 1692 932 1730 Historiarum
952 1705 999 1728 ex
1018 1692 1146 1741 Trogo
1162 1690 1348 1740 Pompeio
1363 1689 1467 1728 Libri
1484 1700 1605 1727 XLIV.

167 1767 187 1791 e
220 1756 316 1792 Mss.
347 1755 531 1793 Codicum
564 1755 768 1793 collatione
801 1755 1000 1806 recogniti.
1030 1755 1184 1799 Oxonii,
1215 1767 1235 1791 e
1267 1754 1416 1791 theatro
1446 1754 1607 1792 Sheldo-

167 1818 291 1855 niano.

224 1882 324 1926 1675
355 1883 640 1922 Amstelodami.
666 1889 725 1921 12.
747 1881 851 1932 apud
872 1882 1035 1920 Elzevir.

222 1945 323 1990 1677
351 1947 515 1985 Parisiis.
536 1953 572 1984 4.
591 1947 764 1984 Justinus
784 1945 831 1982 de
852 1945 1030 1983 Historiis
1050 1944 1290 1996 Philippicis,
1307 1950 1345 1982 et
1362 1944 1477 1982 totius
1496 1957 1606 1982 muu-

167 2008 207 2046 di
237 2010 459 2060 originibus.
515 2010 832 2060 Interpretatione
857 2016 894 2047 et
920 2010 1021 2047 notis
1039 2009 1238 2047 illustravit
1257 2009 1394 2048 Petrus
1416 2009 1606 2058 Josephus

167 2073 302 2111 Cantel
320 2087 340 2111 e
360 2075 401 2112 S.
421 2076 455 2112 J.
476 2075 513 2111 in
535 2088 644 2112 usum
666 2073 864 2123 Delphini.
885 2073 1054 2119 Parisiis,
1075 2073 1178 2124 apud
1201 2073 1311 2112 Fred.
1335 2073 1525 2111 Lcouard.

222 2136 320 2180 1678
350 2138 531 2188 Upsaliae.
555 2143 590 2176 8.
610 2137 747 2175 Justini
767 2136 1010 2174 historiarum
1031 2137 1332 2187 Philippicarum
1351 2137 1473 2188 Trogi
1493 2138 1606 2174 Pom-

166 2199 245 2248 peii
263 2201 438 2250 Epitome
455 2215 464 2239 :
492 2201 679 2239 recensuit
698 2200 877 2251 novisque
897 2201 996 2239 notis
1016 2201 1217 2245 illustravit
1235 2202 1296 2239 Jo.
1318 2201 1607 2239 Schefferus.—-

166 2263 355 2301 I’raestans
374 2264 583 2301 admodum
603 2264 735 2309 editio,
757 2278 891 2302 recusa
908 2265 995 2302 eod.
1017 2278 1117 2302 anno

219 2348 272 2354 —
292 2327 507 2376 Hambnrgi
525 2333 563 2364 et
583 2326 798 2364 Amstelod.
823 2334 884 2366 12.

225 2387 326 2427 1680
354 2388 644 2427 Amstelodami.
667 2396 729 2428 12.
751 2403 799 2426 ex
817 2402 894 2427 rec.
917 2391 974 2427 M.
996 2391 1036 2427 Z.
1059 2390 1277 2427 Boxhornii.

226 2451 324 2490 1683
355 2453 559 2489 Graeviana
592 2464 621 2490 1.
654 2453 788 2500 major.
820 2454 962 2490 Justini
982 2454 1150 2491 historiae
1173 2453 1416 2503 Philippicae.
1473 2455 1529 2491 Ex
1551 2467 1607 2492 ree

170 2514 346 2551 censione
376 2515 436 2552 Jo.
459 2515 618 2564 Georgii
644 2515 803 2560 Graevii,
826 2528 911 2552 cum
943 2516 1116 2564 ejusdem
1145 2516 1476 2566 castigationibus.
1534 2518 1607 2555 His

170 2576 362 2614 accedunt
390 2577 547 2626 integrae
570 2583 671 2615 notae
699 2579 780 2615 Jac.
804 2579 1014 2629 Bongarsii‚
1037 2580 1170 2616 Franc.
1193 2579 1330 2623 Modii,
1352 2581 1491 2617 Matth.
1513 2581 1606 2617 Ber-

169 2640 332 2682 uecceri,
361 2641 410 2677 Is.
431 2641 568 2685 Vossii,
600 2641 750 2690 Tauaq.
782 2641 908 2686 Fabri,
938 2642 997 2679 Jo.
1020 2642 1175 2688 Vorstii‚
1196 2648 1234 2679 et
1264 2643 1324 2680 Jo.
1345 2642 1548 2689 Schefferi,
1569 2649 1607 2681 et

170 2702 341 2741 aliorum.
363 2703 539 2753 Lugduni
561 2705 644 2741 Bat.
664 2717 710 2741 ex
732 2703 834 2741 offic.
857 2703 1066 2742 Hackiaua.
1090 2711 1127 2743 8.

230 2765 329 2804 1684,
358 2767 514 2804 Oxonii.
537 2773 572 2805 8.
595 2767 753 2817 repetita
776 2781 822 2805 ex
843 2768 906 2804 illa
929 2766 1042 2810 1674.

228 2827 327 2867 1686
355 2830 569 2880 Rotomagi.
604 2830 662 2869 16.
691 2830 827 2869 Justini
848 2831 1102 2870 Historiarum
1123 2845 1168 2870 ex
1187 2832 1322 2883 Trogo
1342 2832 1521 2883 Pompeio
1542 2832 1604 2870 Li-
