2174 3424
617 303 813 334 JUSTIN!
847 303 940 333 [ΑΒ.
974 305 1037 333 ιν.
1070 306 1175 335 CAP.
1206 297 1246 336 5.

251 402 270 442 ᾧ
294 404 313 432 7
335 399 386 431 ΑΙ)
411 399 459 430 his
483 398 623 430 mittitur
645 397 799 438 Gylippus
813 398 905 435 solus,

207 453 260 482 sed
283 452 317 482 in
343 461 399 490 quo
421 450 523 481 instar
554 449 689 480 omnium
717 449 906 480 auxiliorum

208 504 290 543 erat]
311 503 378 533 Ms.
402 501 504 532 habet
519 500 562 532 A.
587 501 617 531 Ιι.
644 510 684 531 m.
711 500 753 530 G.
777 501 904 531 classem

206 551 505 583 Lacoedemoniornm
519 551 611 589 solus,
628 552 692 589 sed,
707 553 758 591 &a
802 551 903 591 Supr.

206 601 244 633 τὸ
252 603 331 632 solus
345 602 506 641 scriptum
522 605 575 630 est
587 610 606 630 a
619 600 756 631 librario
769 601 904 633 VAcA'r.

205 651 304 683 Adeo
331 656 367 682 ut
395 651 605 682 laborantem
633 654 668 680 et
694 650 841 681 hiulcum
879 652 902 682 l.

204 705 313 732 notet.
357 700 445 731 Illud
461 701 543 730 solus
556 699 590 730 in
606 699 688 731 lect.
715 699 805 740 vulg.
822 699 902 731 mihi

203 760 270 782 non
288 751 412 790 placet.
434 749 541 780 Boxh.

247 801 308 831 Sed
335 800 370 831 in
400 800 474 840 quo]
508 799 564 830 Ita
591 802 626 830 et
651 798 753 830 Oros.
780 808 821 830 11.
847 801 898 830 14.

202 851 297 882 Vett.
312 851 420 882 nostri
435 852 489 881 secl
503 860 584 890 qno;
606 849 630 881 f.
648 850 712 890 qui.
735 850 899 890 BongarS.

201 901 364 932 Testatur
387 901 495 939 Bong.
524 899 633 931 Codd.
658 900 742 931 Mss.
776 900 899 931 habere

200 951 255 981 sed
266 961 341 990 qno:
364 955 399 981 et
420 950 558 991 conjicit
584 950 720 990 legend.
746 959 818 980 esse
834 950 898 990 qui.

200 1002 308 1033 Bech.
332 1005 367 1032 et
389 1001 479 1032 Sich.
495 999 677 1031 ediderunt
697 1001 750 1030 sed
764 1000 896 1040 quidem.

200 1051 270 1082 Ubi
295 1052 416 1091 quidem
437 1055 634 1090 corruptum
658 1050 766 1082 videri
792 1052 899 1091 possit

209 1111 250 1131 ex
264 1101 316 1141 qni
330 1103 419 1132 idem.
444 1100 557 1132 Vorst.

243 1151 350 1182 Instar
373 1150 520 1190 omnium]
547 1150 643 1181 Unus
664 1151 752 1182 enim
775 1151 896 1192 Gylip-

198 1210 261 1241 pus
277 1206 409 1232 tantum
433 1205 581 1242 poterat,
603 1207 763 1243 quantum
788 1203 896 1234 multa

198 1251 248 1282 M.
276 1252 431 1283 militum.
455 1252 526 1284 Cic.
554 1253 652 1284 Brut.
685 1257 737 1284 51.
763 1254 773 1271 ‘
792 1254 893 1286 Plato

197 1301 278 1331 mihi
304 1312 387 1333 unus
411 1303 517 1333 instar
544 1307 597 1333 est
621 1303 790 1344 omniurn.{
820 1304 894 1337 Liv.

196 1360 329 1383 xxviii.
346 1355 397 1383 17.
430 1354 439 1369 ‘
458 1353 606 1383 Parvum
632 1353 738 1383 instar
754 1354 894 1386 eorum.'

196 1402 319 1442 virgil.
334 1412 398 1433 vu.
422 1403 475 1433 AE.
490 1405 564 1433 707.
587 1403 597 1420 ‘
620 1403 804 1444 Magnique
821 1404 894 1444 ipse

196 1453 336 1492 agminis
351 1452 480 1484 instar.'
506 1453 605 1483 Gron.

239 1504 256 1543 ᾧ
281 1505 301 1533 8
324 1503 358 1533 Is
368 1503 595 1542 auditogenere
606 1503 767 1544 belli,85·c.]
791 1502 893 1544 Angli

196 1561 239 1582 cx
253 1553 336 1583 Mss.
360 1553 393 1582 Is
403 1563 433 1583 a.
446 1552 478 1582 in
488 1552 597 1583 itinere
608 1552 755 1591 bellijam
764 1553 895 1584 inclina-

193 1605 225 1632 to
236 1605 331 1634 statu.
360 1602 427 1633 Vix
441 1602 483 1633 de
498 1602 640 1633 veritate
656 1603 807 1633 lectionis
820 1603 890 1644 huj.

194 1651 323 1683 dubito.
369 1652 457 1683 Nam
481 1652 514 1682 in
531 1652 619 1691 vulg.
645 1653 754 1683 nullus
776 1663 891 1685 sensus

194 1708 247 1733 est
263 1702 416 1734 idoneus.
461 1702 561 1735 Quod
577 1703 665 1733 enim
685 1704 767 1734 illud
785 1714 889 1744 genus

192 1752 287 1791 belli,
303 1757 360 1784 aut
377 1753 450 1793 quis
474 1753 530 1783 ille
556 1753 685 1784 status?
719 1753 768 1784 At
791 1757 892 1785 status

191 1802 262 1833 belli
273 1803 437 1833 inclinatus
450 1802 574 1834 dicitur
584 1803 767 1843 eleganter.
783 1804 887 1843 Schef.

190 1851 275 1892 Hnj.
299 1853 320 1883 l.
345 1852 615 1883 emendationem
634 1853 889 1893 pulcherrimam

190 1907 226 1933 et
250 1903 471 1934 certissimam
499 1903 658 1934 debemus
685 1904 889 1936 Oxoniensi-

188 1952 263 1984 bus.
310 1953 403 1984 Nihil
421 1954 542 1985 verius.
588 1954 715 1985 Merito
733 1955 889 1994 probavit

190 2013 325 2045 quoque
340 2004 465 2037 Scheff.
482 2006 498 2035 ὃ
513 2004 691 2046 μακαρίτης.
718 2006 824 2038 Groev.

232 2056 386 2087 Inclinato
410 2056 512 2096 statu]
549 2057 634 2088 Caes.
663 2066 687 2088 1.
709 2057 751 2088 B.
776 2057 814 2088 C.
832 2060 886 2089 52.

188 2105 198 2122 ‘
232 2106 382 2137 Fortuna
418 2116 454 2138 se
487 2106 712 2138 inclinaverat
725 2106 746 2138 :'
784 2107 886 2148 idque

188 2155 311 2187 Graeco
322 2166 414 2187 more
424 2156 594 2196 expressit
602 2156 743 2188 Hesiod.
755 2157 886 2198 Theog.

186 2207 261 2237 ⁷11.
284 2206 425 2244 Ἐκλίνθη
440 2206 472 2237 δὲ
484 2205 583 2246 μάχη.
613 2207 714 2238 Gron-

229 2257 269 2288 In
294 2258 430 2295 Groecz'a,
453 2257 522 2297 ἐγὼ]
553 2257 772 2299 Antiquiores
797 2258 884 2291 Edd.

184 2307 220 2337 in.
232 2307 400 2347 Graeciam,
415 2308 449 2338 in
463 2307 616 2339 Siciliam.
662 2309 747 2341 Quae
764 2309 885 2340 similia

183 2357 296 2389 forent
322 2359 352 2389 ei
376 2358 466 2400 quod
488 2368 562 2399 sup.
579 2368 633 2389 ιιι.
653 2362 683 2390 1.
701 2362 730 2390 l.
747 2360 885 2400 legitur,

181 2409 192 2426 ‘
210 2409 305 2440 Bello
321 2410 354 2440 in
371 2409 538 2441 Graeciam
560 2409 748 2441 infeliciter
762 2409 882 2450 gesto!

189 2459 264 2491 Vor.

226 2511 243 2550 ξ
267 2512 307 2541 10
342 2510 477 2540 Classem
498 2510 717 2542 Lacedoemone
738 2512 879 2553 arcessit]

182 2559 400 2601 Antiquiores
417 2559 505 2591 Edd.
521 2570 539 2591 a
555 2560 629 2591 Lac.
658 2560 757 2593 Quod
773 2562 880 2593 simile

183 2614 272 2640 esset
299 2609 331 2640 ei
347 2609 436 2650 quod
460 2619 535 2650 sup.
560 2619 612 2641 1v.
635 2613 665 2642 3.
693 2614 722 2642 1.
747 2612 880 2654 legitur,

182 2659 193 2676 ‘
226 2658 269 2690 ab
298 2659 475 2690 Himera:’
511 2660 714 2692 Nominibus
743 2673 878 2704 quoque

181 2709 311 2741 urbium
323 2721 451 2751 praepp.
464 2711 541 2742 addi
551 2712 814 2746 satisnsitatnm.
829 2716 878 2747 Id.

225 2760 243 2800 ᾗ
278 2763 316 2791 11
355 2761 593 2800 Demosthenen,
624 2762 693 2803 lisa]
725 2764 876 2805 Thucyd.

184 2818 247 2841 vn.
263 2812 294 2841 2.
311 2814 347 2841 et
363 2811 496 2851 reliqui.
520 2811 625 2850 Bong.

225 2859 312 2891 CAP.
330 2869 363 2892 v.
379 2862 395 2901 ξ
419 2863 438 2892 2
457 2861 602 2901 Censere]
620 2861 706 2904 Ang.
717 2865 878 2906 consulere,

1576 298 1660 338 711

958 398 1046 438 quod
1073 397 1192 429 doctus
1209 397 1471 439 Anglicanarum
1490 400 1659 432 Notarum

961 447 1090 478 Auctor
1127 453 1226 488 putat
1269 459 1344 479 esse
1388 450 1659 489 convenientius,

956 498 1112 538 quoniam
1153 499 1163 515 ‘
1188 499 1346 530 censere'
1384 499 1428 530 sit
1465 501 1658 539 superioris.

955 548 1021 578 Sed
1046 548 1056 565 ‘
1074 549 1269 579 consulere'
1307 559 1380 589 pro,
1410 549 1564 589 suadere,
1591 560 1657 582 non

954 598 1074 638 opinor
1092 597 1192 629 facile
1208 598 1365 629 inveniri.
1419 600 1533 632 Quare
1551 610 1570 630 a
1586 602 1658 632 vul-

954 652 1033 689 gata
1069 658 1137 680 non
1182 649 1316 680 recedo.
1362 648 1465 686 Schef.
1544 650 1654 681 Recte

953 697 1074 730 Scheff.
1124 700 1255 730 Censet-e
1269 699 1359 729 enim
1382 698 1511 729 Latinis
1528 705 1581 731 est
1598 705 1656 732 aut

951 747 984 778 in
996 752 1114 780 senatu
1130 753 1190 780 aut
1206 749 1239 779 in
1257 748 1422 780 concione
1445 751 1652 781 sententiam

951 798 994 829 de
1010 808 1057 837 re,
1085 798 1127 829 de
1143 808 1211 839 qua
1237 798 1506 837 deliberandum,
1528 799 1654 831 dicere.

950 849 1114 889 Superius
1131 857 1170 880 11.
1186 851 1217 880 7.
1242 849 1251 866 ‘
1268 848 1444 879 Sollicitus
1472 849 1579 888 igitur
1596 852 1654 881 So-

949 899 1017 939 lon,
1033 909 1073 930 ne
1088 904 1146 930 aut
1161 899 1308 930 tacendo
1322 909 1439 939 parum
1453 900 1652 939 reipublicae

948 951 1153 990 consuleret,
1168 954 1225 981 ant
1241 949 1410 980 censendo
1428 949 1517 981 sibi!
1542 950 1651 983 Groev.

991 999 1123 1039 Forent]
1160 1000 1214 1030 Ita
1229 999 1307 1030 boni
1331 1003 1491 1030 auctores
1512 1000 1655 1041 loquun-

947 1053 1024 1082 tur:
1061 1055 1097 1081 et
1120 1050 1275 1091 inprimis
1303 1050 1384 1081 Sall.
1412 1050 1492 1090 Jug.
1528 1053 1582 1082 21.
1620 1054 1653 1083 6.

946 1100 956 1117 ‘
969 1100 1003 1132 S.
1020 1101 1061 1131 P.
1078 1101 1120 1133 Q.
1135 1101 1174 1132 R.
1190 1100 1303 1131 verbis
1320 1100 1492 1138 nuntient,
1508 1101 1596 1132 velle
1613 1106 1651 1132 et

945 1159 1086 1180 censere
1102 1159 1158 1181 eos
1187 1150 1230 1181 ab
1254 1149 1355 1180 armis
1379 1150 1577 1182 discedere:
1603 1151 1652 1182 ita

945 1209 1048 1240 seque
1076 1201 1211 1241 illisque
1239 1200 1378 1241 dignum
1410 1199 1509 1232 fore.'
1546 1201 1648 1242 Vulg.

945 1249 1031 1281 Edd.
1048 1260 1121 1282 esse.
1151 1251 1261 1291 Bong.

987 1301 1004 1340 §
1039 1303 1057 1330 3
1096 1302 1371 1339 Perseverandum,
1400 1301 1469 1342 ‹isc-,J
1501 1301 1643 1333 Mallem

945 1349 992 1380 sic
1016 1349 1250 1391 distinguere:
1282 1353 1562 1391 perseverandum;
1585 1362 1650 1383 esse

943 1400 1038 1439 domi,
1065 1410 1141 1430 cum
1169 1401 1360 1440 praesertim
1387 1401 1535 1440 videam,
1563 1402 1648 1433 illud

943 1459 1008 1480 esse
1020 1450 1052 1480 in
1063 1450 1217 1491 quibusd.
1234 1451 1418 1492 repetitum
1436 1456 1515 1492 post
1528 1462 1647 1484 vocem

942 1499 952 1515 ‘
966 1499 1076 1531 bella.'
1100 1500 1204 1538 Schef.

984 1549 1034 1589 §4
1052 1550 1223 1581 Destitutoe
1237 1551 1317 1591 spei]
1337 1551 1408 1582 Liv.
1423 1561 1448 1583 1.
1466 1555 1518 1583 51.
1543 1553 1553 1570 ‘
1571 1553 1646 1584 Mo-

941 1598 1047 1630 rando
1064 1609 1159 1640 spem
1176 1600 1353 1632 destituit.'
1398 1601 1451 1633 Id.
1470 1610 1576 1633 xxvr.
1595 1605 1646 1635 18.

940 1650 949 1667 ‘
967 1650 1147 1681 Destituta
1171 1651 1385 1691 exspectatio
1397 1651 1418 1682 :’
1441 1656 1478 1683 et
1500 1652 1645 1685 Quintil.

940 1700 1042 1731 Deci.
1060 1709 1126 1732 xil.
1148 1701 1156 1716 ‘
1176 1701 1269 1731 Nihil
1296 1703 1434 1741 gravius
1457 1713 1558 1744 quam
1586 1703 1643 1735 de-

940 1750 1077 1781 stitutas
1097 1760 1173 1791 spes
1188 1754 1349 1792 torquet.’
1374 1752 1472 1783 Gron.

982 1801 999 1840 ᾗ
1016 1804 1034 1830 5
1054 1801 1097 1831 Et
1113 1801 1210 1831 animi
1225 1811 1255 1838 a,
1270 1801 1340 1841 ec]
1364 1802 1527 1833 Literulae
1544 1803 1642 1835 unius

938 1860 1002 1882 nec
1029 1852 1229 1891 mutatione,
1262 1856 1394 1883 tantum
1424 1853 1643 1895 trajectione,

939 1902 1076 1932 restitui
1106 1903 1240 1940 locum3
1278 1904 1371 1933 nullo
1407 1908 1466 1934 aut
1504 1904 1641 1936 turbido

938 1961 1037 1982 sensu
1054 1952 1218 1982 hactenus
1241 1952 1288 1983 ita
1314 1953 1499 1994 vulgatum,
1513 1958 1544 1985 et
1558 1966 1577 1985 a
1593 1956 1640 1986 ni-

937 2002 1021 2033 mia.-
1046 2003 1213 2043 quomodo
1237 2007 1273 2034 et
1299 2003 1409 2044 Bong.
1430 2004 1462 2034 in
1486 2005 1567 2036 Mss.
1584 2006 1640 2037 ha·

937 2053 1010 2085 beri
1037 2054 1226 2085 confirmat.
1272 2054 1353 2096 Ipse
1381 2055 1489 2087 edidit
1516 2060 1546 2088 et
1571 2057 1638 2088 ani-

935 2107 1030 2135 mata.
1052 2104 1157 2136 Bern.

980 2155 1025 2186 Et
1041 2155 1140 2186 animi
1158 2165 1177 2186 α
1197 2156 1317 2196 prioris
1331 2155 1476 2194 fortunae
1487 2158 1636 2199 procella]

936 2204 1040 2236 Liber
1068 2211 1184 2237 noster
1207 2207 1311 2238 habet
1330 2208 1481 2238 animala.
1525 2208 1594 2239 Alii
1617 2219 1637 2239 α

935 2257 1042 2288 nimia.
1086 2258 1251 2289 Rescribo
1267 2258 1304 2289 ab
1320 2259 1402 2289 irata
1415 2269 1464 2299 pr.
1483 2259 1516 2297 f.
1531 2270 1563 2299 p.
1598 2260 1636 2291 F.

936 2302 1050 2338 tamen
1066 2308 1156 2341 Just.
1173 2309 1309 2349 scripsit
1322 2309 1464 2340 animati.
1503 2310 1636 2350 Magni-

935 2358 1017 2389 tudo
1032 2359 1120 2389 enIm
1148 2364 1300 2399 acceptae
1328 2359 1433 2390 cladis
1455 2370 1546 2400 saepe
1564 2361 1634 2391 ani-

933 2417 1004 2438 mos
1034 2408 1077 2438 ad
1114 2408 1276 2439 ultionem
1313 2410 1484 2441 accendit.
1522 2411 1630 2441 Boaelz.

933 2460 1041 2490 Recte
1057 2460 1181 2499 legitur
1196 2463 1227 2490 et
1241 2460 1382 2499 animia,
1397 2462 1449 2499 ὅγε.
1472 2461 1545 2493 Liv.
1564 2470 1631 2493 vn.

931 2511 983 2540 15.
1017 2509 1026 2525 ‘
1049 2508 1212 2539 Alienatis
1243 2519 1262 2539 a
1296 2510 1459 2540 memoria
1488 2510 1630 2550 periculi

930 2559 1071 2590 animis.'
1097 2559 1195 2590 Gron.

974 2610 1017 2639 Et
1033 2608 1145 2648 animi]
1160 2609 1217 2639 Sic
1234 2609 1326 2639 clare
1341 2608 1455 2641 Juntae
1471 2609 1527 2650 qni
1545 2619 1624 2640 con-

928 2656 1065 2688 firmant
1101 2657 1306 2688 Bernecceri
1343 2658 1628 2692 emendationem.

929 2707 963 2737 Is
989 2708 1076 2737 enim
1094 2707 1220 2747 primus
1235 2708 1323 2738 hunc
1348 2709 1369 2738 l.
1393 2708 1441 2739 sic
1464 2709 1628 2749 restituit,

929 2765 1005 2787 cum
1023 2761 1125 2787 antea
1148 2757 1317 2796 legeretur
1339 2760 1369 2787 et
1394 2768 1413 2788 a
1432 2758 1541 2798 nimia,
1555 2765 1624 2801 aut,

929 2810 966 2837 ut
982 2806 1087 2845 Bong.
1103 2805 1272 2844 ediderat,
1286 2808 1316 2837 et
1331 2806 1480 2838 animata.
1505 2808 1623 2841 Graev.

970 2859 1015 2889 Et
1029 2858 1126 2890 animi
1150 2868 1169 2888 α
1192 2858 1309 2899 prioris
1323 2858 1465 2896 fortuna:
1475 2862 1624 2903 procella]
