2101 3419
397 375 507 416 xxvi

440 480 555 522 Clypei
581 481 717 522 argentei
743 481 795 518 xii,
817 485 849 519 7,
864 485 882 513 5
920 481 950 512 in
978 482 1093 524 clypeo

396 524 540 555 Hieronis
556 524 658 564 aquila
672 525 813 555 consedit
827 525 910 561 xxiii,
925 527 957 561 4,
973 528 1014 556 10

442 566 625 607 Coaequales
639 567 723 603 xxiii,
733 570 765 603 4,
781 570 802 598 9

441 608 614 650 Coagulum
629 610 696 650 quis
710 610 860 640 invenerit
874 609 938 648 xiii,
951 612 982 646 7,
999 612 1040 641 10

440 651 590 683 Coaluere
606 663 710 693 regum
731 652 853 694 justitia
866 653 971 684 Judaei
991 652 1092 688 xxxvi,

396 697 429 730 2,
444 697 485 725 16

441 736 574 768 Cocalus
589 736 704 778 primus
715 737 828 768 Siciliae
843 748 893 768 rex
910 737 952 774 iv,
967 739 998 774 2,
1014 741 1035 770 2

439 779 594 810 Coccinea
610 780 828 820 paludamenta
842 791 893 817 xx,
912 783 943 816 3,
959 783 979 811 8

441 821 540 852 Cocto
555 822 649 853 latere
665 833 784 854 murum
798 824 866 854 urbi
889 823 1094 854 circumdedit

397 865 421 905 i,
435 867 468 900 2,
486 868 505 895 5

440 907 673 944 Codomannus,
684 908 737 949 qui
748 913 857 950 postea
870 909 1030 939 Persarum
1041 918 1092 940 rex

397 954 430 980 et
444 949 557 979 Darius
573 961 602 986 x,
619 953 650 987 3,
667 954 685 982 7

441 992 561 1023 Codrus
575 1003 625 1023 rex
640 992 877 1024 Atheniensium
891 992 924 1032 ii,
939 996 971 1030 6,
988 995 1029 1025 19

440 1034 576 1065 Coelesta
592 1040 733 1075 portenta
748 1036 862 1071 xxxvii,
874 1038 907 1071 2,
926 1039 940 1066 1

440 1077 561 1108 Coelum
573 1088 711 1118 asperum
727 1079 761 1115 ii,
776 1082 806 1118 1,
825 1081 865 1110 13
889 1078 959 1108 coeli
975 1082 1094 1118 tempe-

397 1126 568 1150 ramentum
591 1121 624 1156 ii,
643 1124 671 1157 l,
690 1124 729 1152 10
760 1131 830 1151 eum
856 1121 882 1150 si
908 1125 1034 1160 queant,
1062 1120 1094 1149 in

397 1162 476 1193 coelo
500 1162 637 1203 posuisse
652 1164 783 1204 cupiunt
798 1174 827 1204 ν,
841 1166 874 1202 4,
890 1166 929 1194 15
961 1163 1000 1193 de
1016 1162 1094 1193 coelo

397 1205 507 1235 missus
531 1215 562 1244 v,
589 1208 622 1244 4,
646 1209 687 1237 10
726 1206 804 1236 coelo
833 1210 922 1235 tenus
949 1206 1095 1235 extollere

396 1248 474 1287 (hoc
499 1252 558 1288 est,
587 1248 626 1278 ad
655 1247 767 1279 coelum
797 1248 911 1290 usque)
941 1248 993 1285 xii,
1017 1252 1050 1285 6,
1074 1250 1094 1279 2

397 1290 534 1320 Freinsh.

440 1332 480 1361 ad
497 1332 624 1362 Coenam
639 1332 786 1364 invitatus
799 1332 883 1369 xviii,
898 1335 930 1369 2,
945 1335 978 1364 9.
1010 1331 1096 1369 xxiii,

398 1376 431 1413 3,
446 1377 477 1405 2.
500 1385 570 1411 xm,
587 1378 617 1411 l,
632 1378 652 1406 4

441 1417 564 1447 Coenari
578 1417 670 1453 xxxii,
684 1419 716 1453 4,
734 1420 775 1449 10

440 1459 529 1500 Coepi
545 1461 617 1500 (per
631 1458 872 1500 pleonasmum),
895 1469 965 1490 curn
991 1459 1095 1499 prohi-

396 1503 461 1532 beri
471 1503 613 1542 coepisset
624 1504 697 1543 (pro
710 1513 779 1533 cum
792 1501 1019 1543 prohiberetur)
1033 1502 1093 1537 xiv,

397 1549 428 1581 5,
444 1548 464 1576 9
480 1545 578 1585 (Vide
604 1551 637 1575 et
651 1545 769 1585 Ind.,in
784 1545 888 1586 Nep.)
903 1544 1007 1576 vorst.
1032 1554 1094 1574 coe-

398 1588 443 1627 pit
459 1597 582 1617 censere
598 1587 639 1624 iv,
655 1592 686 1623 5,
702 1591 722 1619 2
744 1587 900 1629 (censuit)
915 1586 1030 1618 Scheff.

442 1630 560 1670 Coeptis
573 1631 687 1661 socium
702 1640 855 1661 assumere
869 1630 891 1666 i,
904 1633 936 1665 6,
951 1633 968 1660 l
993 1633 1096 1669 coepta

398 1672 479 1702 bella
493 1672 616 1710 xxxviii,
630 1675 663 1710 4,
678 1675 698 1704 3
728 1682 829 1714 caprae
843 1678 1013 1714 coeptorum
1036 1672 1095 1701 du-

396 1725 447 1745 ces
464 1714 515 1751 vii,
531 1718 563 1750 2,
579 1718 599 1746 9

441 1756 591 1788 Coe'rcere
607 1756 800 1788 matrimonia
814 1756 859 1793 iii,
875 1759 907 1794 3,
925 1760 944 1789 8

440 1800 547 1831 Coetus
568 1799 768 1831 clandestinae
796 1799 1017 1841 conjurationis
1041 1810 1091 1836 xx,

396 1845 429 1878 4,
447 1845 486 1874 14

442 1885 561 1925 Cogere
577 1885 696 1926 aliquos
718 1884 750 1915 in
773 1895 881 1925 pacem
909 1884 1003 1920 xxxii,
1025 1887 1057 1920 4,
1075 1887 1094 1915 8

399 1934 522 1958 coactos
546 1927 625 1958 fame
658 1928 690 1958 in
710 1928 901 1959 deditionem
937 1926 1095 1967 compellit

399 1970 463 2005 xlii,
479 1973 510 2005 4,
527 1973 546 2000 2

442 2013 586 2052 Cogitare
603 2012 732 2052 imperia
746 2012 807 2049 xix,
821 2014 855 2048 2,
882 2015 903 2044 6
939 2012 998 2052 (ita
1014 2010 1095 2050 sere)

398 2056 529 2090 hostem,
546 2055 665 2084 fratrem
691 2055 753 2090 xlii,
770 2058 802 2089 4,
820 2058 838 2086 4
865 2054 1020 2095 (quamvis
1043 2053 1095 2083 alii

399 2097 492 2137 priori
522 2097 590 2126 loco
616 2103 623 2114 ¹
636 2096 795 2137 agitarent¹
821 2097 990 2127 rescribunt
1004 2107 1012 2133 3
1037 2106 1094 2126 nec

397 2139 489 2175 male,
506 2145 538 2168 ut
550 2139 687 2179 opinor).
703 2139 836 2180 cogitare
853 2150 914 2169 non
937 2139 1036 2168 minus
1062 2138 1094 2168 in

399 2182 541 2211 secundis
557 2182 694 2217 adversa,
711 2192 803 2221 quam
829 2181 860 2210 in
886 2182 1020 2212 adversis
1046 2191 1092 2210 se-

397 2225 501 2254 cunda
515 2225 595 2260 xxxi,
610 2227 642 2259 2,
659 2227 679 2256 2
703 2234 765 2253 non
776 2224 910 2263 cogitare
920 2223 963 2254 rei
980 2223 1094 2253 utilita-

398 2271 459 2296 tem
484 2266 563 2301 xxxi,
587 2270 618 2301 6,
647 2269 661 2297 1
707 2266 841 2306 cogitata
862 2277 908 2297 res
935 2266 996 2301 xxi,
1019 2268 1051 2301 4,
1072 2267 1092 2296 4

397 2309 497 2347 (Vide
520 2309 568 2340 Cl.
584 2309 713 2340 Bernec.
729 2308 809 2340 Caes.
833 2309 919 2340 Suet.
935 2311 988 2344 75,
1002 2310 1032 2339 8.
1048 2308 1094 2349 a.)

398 2350 539 2381 Freinsh.

441 2393 653 2434 Cogitationes
668 2392 789 2429 xxxviii,
807 2396 836 2428 l,
853 2396 873 2424 2

441 2436 576 2477 Cognati
591 2436 624 2469 ii.
642 2439 693 2472 11,
709 2440 739 2468 2.
762 2436 823 2471 xxi,
840 2439 872 2472 4,
887 2439 908 2467 8

441 2478 594 2519 Cognatio
611 2479 707 2509 Dario
726 2478 839 2518 juncta
864 2489 933 2509 cum
960 2477 1094 2518 pristinis

397 2521 518 2561 regibus
539 2521 633 2557 fuiti,
651 2524 702 2557 10,
720 2524 758 2553 13
796 2522 940 2560 cognatio
963 2521 1094 2551 Bubaris

397 2564 470 2603 (pro
486 2564 651 2603 affinitate)
667 2564 720 2600 vii,
735 2566 767 2599 4,
785 2567 799 2596 l
819 2564 921 2593 Vorst.
954 2563 1092 2603 cognati-

398 2607 465 2635 onis
480 2606 593 2636 fiducia
609 2606 672 2642 xlii,
687 2609 719 2642 4,
743 2609 762 2637 3
797 2606 964 2637 arctissima
978 2615 1093 2646 cogna-

397 2648 481 2678 tione
492 2649 621 2689 junctus
636 2648 727 2679 alicui
749 2648 812 2684 viii,
828 2652 860 2685 6,
876 2651 896 2680 4
933 2648 1092 2689 cognatio-

398 2700 470 2720 num
487 2692 608 2721 arbitria
622 2691 743 2727 xxxviii,
759 2694 791 2726 6,
807 2694 827 2723 2

441 2733 587 2773 Cognitio
606 2734 727 2763 virtutis
743 2732 936 2774 ignoratione
951 2733 1093 2763 vitiorum

399 2774 498 2805 minus
515 2775 651 2816 proficua
665 2776 697 2811 ii,
713 2779 745 2811 2,
764 2779 802 2807 15

442 2818 623 2857 Cognomen
644 2818 744 2853 xxxix,
761 2822 791 2855 l,
807 2821 838 2849 9.
860 2817 925 2855 xlii,
939 2820 971 2854 2,
987 2820 1006 2848 3

441 2859 688 2899 cognomentum
704 2861 764 2897 xxi,
780 2864 812 2896 6,
830 2864 844 2892 1

441 2902 667 2941 Cognominare
681 2904 753 2943 (pro
769 2902 943 2945 nominare)
958 2902 998 2940 ἰν,
1014 2903 1046 2939 2,
1064 2904 1093 2934 1-

402 2943 453 2979 vii,
472 2948 500 2980 l,
519 2947 547 2976 1.
571 2955 620 2981 xv,
638 2948 670 2982 2,
686 2947 723 2976 11
742 2944 878 2977 Freinsh.

1044 384 1204 415 INDEX

1186 480 1381 523 Cognoscere
1396 480 1469 522 (pro
1484 480 1609 524 rescire)
1622 480 1667 519 iii,
1677 483 1710 518 ⁵,
1722 485 1740 513 6
1764 492 1839 524 cog-

1142 535 1270 555 noscere
1283 524 1434 555 adulterio
1460 524 1594 565 aliquam
1620 536 1652 564 v,
1664 527 1696 560 2,
1712 528 1745 555 5.
1765 526 1839 562 xxii,

1144 571 1174 602 1,
1192 570 1232 598 13
1267 567 1393 608 cognito
1417 567 1495 608 (hoc
1518 571 1576 603 est,
1601 567 1655 597 ubi
1681 567 1840 608 cognitum

1142 608 1206 649 est)
1220 609 1254 645 ii,
1270 613 1302 646 5,
1319 612 1370 640 13.
1402 609 1494 645 xxvii,
1518 612 1550 645 3,
1563 613 1594 641 8.
1627 610 1720 646 xxxii,
1737 613 1767 646 1,
1785 613 1838 642 12.

1141 651 1235 687 xxxii,
1253 655 1284 688 3,
1303 654 1341 683 16
1361 651 1497 691 (Similia
1511 652 1582 683 vide
1597 652 1653 683 inf.
1679 652 1712 682 in
1735 652 1840 684 Petito

1141 700 1173 726 et
1188 693 1347 735 Quaesito)
1361 694 1499 725 Freinsh.

1185 737 1339 768 Cohibete
1353 737 1414 773 xxi,
1428 739 1462 773 4,
1477 740 1495 767 5

1185 779 1304 811 Cohors
1330 779 1413 820 regia
1449 779 1534 820 (Die
1547 778 1775 822 Leibgwardy)
1809 790 1842 818 v,

1143 825 1196 859 11,
1213 826 1233 854 9
1248 823 1356 853 cohors
1370 821 1542 852 Alexandri
1555 821 1628 858 xvii,
1643 825 1676 858 2,
1691 824 1712 853 2

1186 865 1277 896 coire
1287 875 1357 895 cum
1368 864 1547 905 aliquo(pro
1559 863 1738 895 societatem
1748 862 1843 906 inire)

1142 919 1173 945 v,
1190 911 1221 947 l,
1235 910 1255 938 8
1285 917 1341 948 pro
1368 909 1532 938 convenire
1558 907 1600 943 ix,
1615 910 1647 944 6,
1664 910 1681 938 1
1704 907 1843 938 Freinsh.

1143 951 1175 981 in
1189 951 1272 980 hunc
1288 950 1389 981 locum
1404 960 1451 980 res
1466 954 1513 980 tot
1527 949 1628 981 coiere
1648 949 1731 979 mirae
1748 950 1792 986 iv,
1808 952 1841 987 1,

1143 997 1163 1025 8
1185 993 1302 1023 coitura
1317 991 1432 1023 auxilia
1445 993 1583 1023 omnium
1592 992 1737 1023 adversus
1749 1002 1842 1023 unam

1142 1036 1250 1067 urbem
1265 1035 1338 1071 xxii,
1354 1040 1386 1071 5,
1400 1038 1421 1066 6

1186 1077 1298 1109 Colchi
1309 1078 1455 1108 Istrorum
1468 1077 1644 1108 conditores
1656 1077 1750 1113 xxxii,
1758 1079 1790 1113 3,
1801 1079 1840 1108 15

1187 1121 1298 1151 Colere
1312 1120 1462 1151 amicitias
1478 1121 1624 1156 utilitate,
1637 1130 1702 1150 non
1717 1120 1780 1150 fide
1793 1119 1839 1156 ix,

1144 1166 1176 1199 8,
1191 1166 1212 1194 9
1245 1163 1349 1193 hastas
1365 1173 1419 1204 pro
1434 1163 1505 1193 Diis
1519 1167 1638 1194 veteres
1663 1162 1764 1194 colere
1789 1172 1840 1192 so·

1145 1206 1191 1236 liti
1206 1205 1281 1241 xliii,
1297 1209 1329 1242 3,
1344 1209 1363 1237 3
1386 1206 1559 1246 sepulcrum
1583 1216 1638 1247 pro
1657 1205 1774 1246 templo
1789 1215 1843 1235 co-

1144 1248 1206 1279 lere
1221 1248 1323 1284 xxxvi,
1338 1252 1370 1284 2,
1386 1251 1406 1279 2
1430 1259 1502 1289 ager
1517 1259 1609 1279 manu
1624 1248 1726 1278 cultus
1739 1247 1793 1283 xii,
1808 1249 1842 1284 7,

1144 1294 1164 1322 7
1189 1290 1265 1321 culti
1282 1301 1378 1321 mores
1389 1291 1422 1327 ii,
1437 1294 1469 1326 2,
1487 1294 1526 1323 14
1558 1291 1669 1322 cultior
1681 1290 1754 1321 vitae
1769 1299 1842 1320 usus

1144 1333 1218 1369 xliv,
1235 1337 1266 1370 5,
1283 1336 1302 1364 8
1326 1333 1436 1364 cultior
1449 1334 1514 1364 vita
1529 1334 1604 1371 xvii,
1617 1336 1650 1370 3,
1666 1336 1706 1365 13
1729 1331 1842 1364 cultio-

1144 1386 1191 1406 res
1205 1376 1306 1406 victus
1320 1376 1404 1412 xviii,
1419 1380 1451 1411 6,
1467 1379 1487 1407 2

1188 1418 1323 1449 Collatio
1348 1418 1421 1458 (pro
1437 1416 1684 1459 comparatione)
1700 1416 1734 1454 ii,
1750 1419 1782 1453 2,
1800 1418 1841 1448 14

1144 1470 1199 1500 pro
1213 1461 1440 1492 contributione
1452 1471 1506 1492 seu
1519 1461 1691 1491 indictione
1706 1460 1807 1497 xvi,3,
1819 1462 1842 1491 9

1143 1503 1282 1533 Freinsh.

1189 1544 1346 1576 Collidere
1360 1545 1402 1581 iv,
1419 1548 1449 1581 1,
1466 1547 1506 1576 13

1188 1587 1342 1628 Colligere
1364 1587 1520 1618 infamiam
1537 1597 1553 1618 e
1568 1592 1698 1618 matrum
1722 1585 1844 1617 adulte-

1144 1629 1189 1660 rio
1201 1631 1273 1670 (pro
1284 1630 1414 1666 haurire,
1427 1629 1561 1670 trahere)
1573 1630 1618 1665 iii,
1627 1632 1660 1666 4,
1673 1632 1712 1661 10
1737 1639 1843 1660 vocem

1144 1678 1177 1703 et
1191 1673 1330 1713 spiritum
1346 1673 1423 1712 (hoc
1438 1678 1496 1709 est,
1509 1672 1662 1713 recipere)
1687 1671 1730 1707 vi,
1753 1675 1785 1708 8,
1802 1674 1841 1703 11

1144 1715 1170 1745 F
1172 1716 1282 1745 reinsh.
1305 1715 1448 1756 colligere
1463 1724 1573 1755 corpus
1584 1714 1689 1750 xxxiii,
1703 1717 1736 1750 2,
1752 1717 1772 1746 2
1795 1714 1843 1744 in-

1144 1758 1316 1788 firmitatem
1332 1768 1368 1788 ex
1385 1758 1566 1798 aegritudine
1581 1757 1704 1793 xxxviii,
1716 1759 1749 1793 2,
1764 1759 1784 1788 2

1189 1800 1285 1831 Collis
1301 1801 1412 1830 montis
1427 1799 1505 1830 Pelii
1519 1799 1583 1837 xiii,
1597 1803 1630 1836 7,
1644 1802 1664 1832 7
1688 1803 1844 1841 praernpta

1144 1842 1267 1875 collium
1282 1843 1335 1880 xli,
1354 1847 1382 1880 1,
1400 1846 1438 1875 11

1188 1885 1317 1916 Collisio
1332 1897 1338 1915 ε
1366 1896 1402 1916 ex
1430 1884 1590 1916 collisione
1606 1889 1711 1926 partus
1726 1884 1842 1926 abjecti

1143 1933 1263 1958 mortua
1277 1929 1318 1964 xi,
1334 1931 1386 1964 12,
1401 1931 1423 1959 6

1187 1970 1277 2000 Collo
1293 1975 1444 2001 sarmenta
1458 1980 1566 2010 gerens
1582 1969 1614 2005 ii,
1630 1972 1661 2005 6,
1678 1972 1720 2000 19

1188 2012 1350 2043 Collocare
1365 2012 1459 2043 filiam
1473 2013 1544 2054 (pro
1560 2011 1698 2053 elocare)
1713 2012 1755 2048 ix,
1771 2014 1804 2048 6,
1820 2014 1841 2042 2

1142 2053 1281 2084 Freinsh.

1187 2096 1332 2137 Colloqui
1347 2106 1416 2127 cum
1427 2095 1530 2136 aliquo
1543 2095 1624 2131 xxxi,
1640 2097 1672 2130 4,
1688 2098 1717 2125 8.
1741 2095 1793 2131 xli,
1807 2098 1841 2132 3,

1142 2141 1162 2170 4
1186 2139 1384 2180 colloquendi
1399 2139 1519 2178 copiam
1534 2138 1645 2167 habere
1659 2138 1691 2173 ii,
1710 2140 1760 2173 12,
1776 2142 1796 2170 2

1186 2181 1384 2222 Colloquium
1408 2181 1564 2211 assiduum
1593 2180 1674 2215 xxxi,
1691 2182 1723 2216 4,
1738 2183 1758 2211 4
1774 2186 1806 2211 et
1820 2184 1841 2212 9

1143 2224 1181 2253 ad
1198 2224 1386 2264 colloquium
1399 2223 1543 2253 solicitari
1560 2223 1682 2258 xxxviii,
1699 2226 1729 2258 l,
1742 2226 1763 2254 9
1785 2234 1840 2254 vo-

1142 2266 1203 2296 cari
1221 2267 1296 2303 xliii,
1313 2270 1343 2303 l,
1360 2269 1400 2297 10
1423 2266 1578 2306 colloquio
1594 2265 1672 2306 regis
1688 2265 1842 2306 prohiberi

1142 2309 1183 2345 vi,
1199 2312 1232 2344 2,
1249 2311 1288 2340 13

1186 2351 1355 2382 Colluctari
1370 2361 1439 2381 cum
1455 2349 1559 2390 aliquo
1572 2349 1635 2385 xiii,
1651 2352 1682 2386 8,
1699 2353 1718 2382 8

1186 2393 1344 2424 Colluvies
1359 2393 1468 2434 populi
1484 2393 1594 2434 passini
1612 2393 1743 2424 collecta
1759 2392 1792 2430 ii,
1806 2395 1840 2430 6,

1141 2438 1161 2467 4
1178 2435 1314 2466 Freinsh.

1186 2478 1329 2509 Colluvio
1345 2477 1503 2507 hominum
1527 2488 1557 2514 v,
1573 2480 1605 2514 6,
1620 2480 1640 2509 6
1653 2477 1713 2519 (sic
1729 2482 1761 2508 et
1774 2481 1782 2495 ‘
1795 2477 1842 2508 al·

1143 2520 1242 2551 luvio’
1259 2520 1384 2560 dicunt)
1403 2520 1506 2550 Vorst.

1185 2563 1299 2594 Coloni
1314 2562 1376 2598 xiii,
1391 2565 1422 2598 7,
1440 2565 1470 2593 3.
1495 2574 1542 2598 xx,
1560 2565 1590 2598 l,
1606 2564 1646 2594 13

1186 2605 1317 2637 Colonia
1340 2605 1550 2635 Macedonum
1575 2605 1606 2634 in
1635 2604 1774 2646 AEgypto
1799 2605 1842 2641 xi,

1143 2651 1195 2683 11,
1214 2651 1251 2679 13
1276 2649 1306 2678 in
1323 2648 1409 2678 Indis
1425 2648 1488 2684 xiii,
1502 2650 1534 2683 4,
1550 2651 1589 2679 21
1614 2647 1741 2677 Herculi
1757 2657 1842 2677 sacra

1143 2691 1204 2727 xvi,
1218 2694 1250 2726 3,
1266 2693 1285 2722 4
1320 2690 1450 2720 coloniae
1477 2700 1548 2730 erga
1570 2690 1744 2720 conditores
1768 2699 1841 2719 suos

1142 2743 1227 2763 arnor
1242 2732 1349 2769 xxviii,
1365 2736 1394 2768 l,
1407 2736 1438 2764 6.
1462 2733 1582 2768 xxxi,S,
1597 2735 1625 2763 1.
1649 2732 1761 2768 xxxvii,
1778 2735 1808 2769 l,
1820 2734 1839 2763 l

1186 2775 1301 2806 Colus:
1326 2774 1394 2805 colo
1412 2785 1576 2815 purpuram
1591 2784 1662 2804 nere
1677 2775 1698 2810 i,
1715 2776 1747 2810 3,
1762 2776 1783 2805 2

1188 2818 1345 2848 comanus
1359 2817 1482 2857 regulus
1497 2816 1606 2847 Gallus
1622 2816 1698 2853 xliii,
1713 2819 1745 2852 4,
1761 2819 1781 2847 3

1186 2860 1298 2891 Comes
1313 2870 1418 2891 cursus
1433 2869 1483 2895 xv,
1500 2862 1531 2894 3,
1547 2862 1585 2890 ll
1610 2859 1692 2899 sugae
1707 2858 1791 2894 xviii,
1807 2861 1840 2894 4,

1143 2905 1174 2932 5.
1211 2904 1312 2940 xxxiv,
1330 2905 1363 2940 3,
1381 2904 1400 2933 8
1433 2901 1560 2933 comites
1574 2900 1725 2943 naufragii
1746 2900 1840 2938 xxvii,
