2174 3424
574 358 768 390 JUS'rlNl
803 357 895 387 Lm.
929 358 998 386 lx.
1032 357 1137 387 cAi‘.
1170 348 1209 387 S.

180 457 188 474 ‘
202 453 437 488 Saltatricem'
458 452 630 484 fidicinam
642 452 810 483 scenicam
827 451 876 482 in-

183 509 388 545 terpretatur
401 502 494 534 Avus
508 503 542 533 in
554 502 642 533 notis
655 501 696 532 ad
714 502 793 533 Sen.
810 502 874 542 Ep.

184 556 256 587 121.
278 563 419 595 eamque
433 552 574 584 Φιλίνναν
598 553 805 592 appellatam
825 551 876 582 fu-

183 603 249 634 isse
266 603 373 634 refert
395 602 579 634 Athenaeus
596 610 678 632 xm.
694 605 725 632 5.
750 611 783 641 p.
800 603 875 632 578.

182 652 304 691 Φιλίνην
320 652 455 684 Arrian.
479 652 522 683 de
542 651 655 683 Rebus
679 651 783 691 gestis
799 655 877 691 post

182 702 282 734 Alex,
306 712 361 742 ap.
385 702 486 733 Phot.
507 701 583 732 cod.
604 710 691 732 xcn.
715 701 788 732 init.
818 700 878 731 Ὃς

181 751 376 793 [Ἀῤῥιδαΐος]
412 752 447 782 ἐκ
475 751 598 788 Φιλίνης
626 752 683 788 τῆς
714 752 878 787 Θεσσαλῆς

182 801 321 842 Φιλίππῳ
343 802 388 841 τῷ
407 801 607 842 Ἀλεξάνδρου
633 801 724 842 πατρὶ
753 799 878 841 ἐγεγέν-

181 863 267 889 νητο.

224 903 241 942 ᾧ
265 904 283 932 3
310 901 433 932 Partim
441 901 530 940 fato,
543 901 613 941 εἷα]
628 901 681 932 Sic
698 909 828 932 xxmx.
845 904 877 932 4.

183 954 216 983 7.
231 952 241 968 ‘
252 951 415 992 Spiritum
430 961 496 982 non
512 951 597 991 fato,
613 952 672 982 sed
684 951 879 992 parricidio,

183 1000 301 1033 dedit.'
345 1002 402 1032 Ita
415 1002 500 1034 Tae.
516 1002 558 1033 A.
574 1011 614 1032 11.
637 1004 690 1033 71.
706 1004 738 1033 2.
764 1002 774 1019 ⁴
792 1002 878 1032 Fato

183 1051 390 1083 concedere’
405 1056 442 1082 et
456 1055 465 1069 ‘
478 1051 654 1092 intercipi’
672 1051 760 1082 iuter
772 1060 808 1082 se
820 1061 878 1091 op·

184 1102 281 1143 ponit
296 1112 304 1132 :
328 1111 468 1143 quorum
487 1102 571 1133 illud
593 1104 603 1119 ⁴
621 1112 682 1132 sua
696 1106 806 1132 morte
823 1101 880 1132 de-

183 1152 298 1193 fungi'
319 1157 371 1183 est
390 1152 486 1183 Suet.
511 1152 597 1183 Caes.
613 1154 664 1182 89.
682 1154 713 1182 1.
737 1152 767 1182 h.
783 1162 814 1182 e.
837 1161 880 1182 ex

182 1207 313 1234 naturae
343 1202 510 1234 communi
541 1203 617 1243 lege
651 1202 757 1233 obire.
800 1201 880 1232 Alio

183 1263 282 1295 quam
308 1258 424 1284 noster
453 1252 584 1284 Auctor
610 1262 709 1283 sensu
738 1251 881 1284 Liv.1x.

185 1306 238 1336 18.
255 1306 307 1334 13.
328 1303 337 1320 ‘
356 1313 415 1334 suo
439 1302 510 1335 fato
533 1303 638 1334 mori'
662 1302 704 1333 de
720 1313 760 1334 eo
781 1302 882 1342 dixit,

184 1353 242 1395 qui
272 1353 408 1395 quidem
437 1354 471 1384 in
509 1354 639 1394 praelio,
669 1352 881 1393 proindeque

183 1404 331 1435 violenta
347 1408 466 1444 morte,
488 1403 547 1435 sed
563 1404 635 1434 sine
651 1402 798 1443 reipubl.
816 1403 881 1433 dis-

185 1454 326 1485 crimine
339 1454 522 1486 occumbit.
546 1455 646 1485 Bern.

228 1505 246 1544 ς
269 1507 288 1535 4
314 1504 390 1535 Fuit
414 1504 486 1543 rex]
531 1504 658 1534 Locum
683 1503 717 1534 h.
743 1502 882 1533 adducit

184 1554 421 1586 Sarisberiens.
465 1554 661 1585 Policratici
693 1564 726 1585 v.
757 1556 809 1585 12.
846 1558 883 1584 et

186 1605 268 1635 Mss.
279 1604 459 1635 lectionem
473 1604 679 1644 comprobat.
693 1604 797 1642 Bong.
814 1603 880 1634 Ms.

187 1654 228 1685 F.
241 1658 305 1684 tam
325 1663 353 1684 r.
399 1654 512 1686 Quare
535 1652 637 1684 credo
661 1653 752 1685 Just.
777 1653 883 1693 scrip-

186 1704 269 1734 sisse
290 1704 326 1734 F.
343 1706 444 1734 autem
459 1713 487 1734 r.
532 1703 810 1744 Conjunetionem
831 1713 884 1734 au-

186 1757 248 1784 tem
259 1753 497 1793 compendiose
508 1764 559 1784 am
571 1754 744 1794 scriptam,
754 1758 790 1785 et
806 1764 883 1785 mox

187 1813 229 1834 ex
252 1802 478 1844 praecedeutis
504 1803 595 1834 vocis
618 1803 684 1834 fine
710 1803 881 1844 praefixam

186 1854 236 1884 illi
273 1854 422 1885 litteram
455 1856 482 1893 t,
517 1863 666 1884 errorem
696 1855 882 1895 peperisse.

188 1903 293 1942 Schef.

227 1952 439 1994 Apparatibus
452 1954 632 1994 studiosior]
663 1955 751 1986 Casu
767 1955 882 1995 dandi,

187 2003 355 2045 quomodo
382 2008 418 2035 et
445 2004 559 2035 Plaut.
587 2005 662 2035 Mil.
679 2013 734 2035 111.
757 2008 786 2036 1.
806 2007 882 2036 205.

186 2054 195 2071 ‘
212 2053 391 2085 Adulterio
409 2054 601 2086 studiosus!
629 2055 675 2086 Et
689 2054 843 2095 Amphit.
858 2064 883 2086 1.

189 2106 217 2134 1.
228 2105 280 2134 12.
293 2105 302 2120 ‘
312 2103 464 2134 Servitus
477 2104 640 2144 opulento
649 2103 800 2141 homini,'
814 2104 845 2135 h.
854 2113 883 2135 e.

187 2164 287 2195 quam
304 2154 376 2195 quis
391 2156 498 2186 servit
514 2156 690 2196 opulento.
732 2156 813 2187 Sall.
838 2155 884 2186 H.

186 2214 242 2237 111.
261 2208 292 2236 5.
310 2208 360 2236 10.
393 2205 403 2222 ‘
421 2206 529 2237 Facta
544 2207 765 2246 consultaque
780 2205 884 2236 Alex-

187 2256 284 2286 andri
301 2255 461 2287 aemulus.'
498 2256 603 2287 Casus
620 2256 713 2287 verbi
729 2256 886 2287 tribuitur

186 2305 324 2345 nomini,
338 2310 376 2337 ut
399 2310 496 2337 notat
518 2307 666 2338 Turneb.
689 2306 778 2338 Adv.
796 2316 884 2337 xxx.

187 2359 239 2388 34.
260 2356 341 2387 Vid.
357 2357 527 2388 Veclmer.
543 2357 758 2389 Hellenolex.
772 2360 846 2389 141.
858 2357 883 2388 f.

188 2406 370 2438 Berneccer.
407 2406 581 2438 Studiosz'or
603 2408 733 2439 omittit
748 2407 884 2439 Saresb.

191 2464 222 2487 v.
241 2458 290 2487 12.

229 2507 247 2546 ᾧ
271 2508 289 2536 7
314 2505 469 2547 Perfidia]
498 2507 608 2538 Notat
630 2507 733 2538 Paus.
757 2506 883 2539 Arc-ad.

189 2558 225 2586 et
239 2555 331 2586 Plut.
347 2556 505 2596 Pelopid.
528 2557 632 2596 Bong.

231 2607 250 2646 ξ
273 2608 292 2636 8
317 2605 382 2641 Qui
394 2607 483 2646 plura
495 2606 706 2647 promitteret]
740 2607 832 2638 Plut.
849 2606 883 2637 in

189 2654 322 2687 AEmilio
337 2665 367 2687 c.
385 2659 435 2687 11.
460 2657 577 2696 tradit,
601 2656 806 2697 Antigonum
832 2667 885 2687 re-

191 2715 265 2746 gern
279 2707 520 2747 popularijoeo
537 2707 665 2738 dictum
680 2707 782 2739 fuisse
799 2708 887 2738 ‘Do-

190 2757 328 2796 sonem,'
344 2757 455 2799 (quasi
471 2759 480 2775 ‘
497 2758 674 2789 Dabonem
686 2758 695 2771 '
718 2757 829 2799 dicas)
845 2767 885 2789 eo

190 2807 277 2847 quod
294 2812 384 2838 esset
399 2808 581 2848 promissor
597 2808 746 2850 quidem,
762 2813 798 2840 at
819 2818 886 2839 non

193 2855 347 2895 effector,
386 2858 626 2897 pollicitorum.
671 2859 738 2889 Sed
779 2862 814 2889 et
843 2858 886 2889 ob

194 2906 290 2936 eand.
320 2916 474 2938 caussam
514 2918 589 2938 cum
631 2907 887 2940 Atheniensium

278 2959 392 2998 Delph.
410 2964 438 2990 et
459 2961 531 2992 Var.
552 2962 636 2991 Clas.

861 2960 981 2991 dassia·

1535 345 1619 386 769

925 451 1021 482 ducis
1049 450 1059 467 ‘
1076 450 1232 482 Charetis
1264 448 1552 490 pollicitationes’
1589 449 1620 478 in

925 499 1142 540 proverbium
1173 499 1300 538 abiere,
1325 504 1395 529 tum
1416 499 1519 529 etiam
1535 498 1623 538 Imp.

926 550 1091 580 Pertinax
1103 550 1111 566 ‘
1130 548 1397 588 Clirestologus,'
1416 549 1446 578 h.
1463 558 1494 579 e.
1511 548 1622 579 verbis

925 599 1114 638 munificus,
1129 603 1181 629 est
1198 599 1402 638 appellatus,
1419 602 1505 629 teste
1523 598 1623 638 Capi-

926 650 1031 680 tolino
1058 650 1092 680 in
1123 650 1198 690 ejus
1229 649 1310 679 Vita
1333 658 1407 688 cap.
1435 651 1486 681 13.
1529 650 1625 680 Titus

925 703 1040 730 tamen
1055 709 1072 729 a
1089 698 1285 729 domesticis
1311 698 1514 738 admonitus,
1529 700 1625 739 quasi

926 749 1024 789 plura
1060 749 1298 789 polliceretur,
1329 757 1428 788 quam
1460 753 1626 787 praestare

926 802 1052 838 posset,
1074 799 1082 814 ‘
1100 798 1179 828 Non
1196 795 1383 838 oportere,'
1405 796 1463 837 ait,
1485 798 1495 814 ‘
1512 807 1627 837 quem-

926 857 1024 888 quam
1054 858 1073 879 a
1101 857 1255 878 sermone
1288 846 1459 887 Principis
1493 847 1627 877 tristem

927 899 1127 932 discedere.’
1151 900 1246 931 Suet.
1262 899 1335 930 Tit.
1348 901 1378 930 8.
1396 901 1427 930 3.
1449 898 1548 929 Bern.

970 950 1010 980 Ιη
1025 949 1107 980 seria
1122 948 1260 988 etjocos]
1284 948 1386 981 Quod
1397 947 1480 979 etin
1494 948 1626 980 artibus

926 1001 1029 1033 Sullae
1046 1005 1201 1032 numerat
1217 1001 1297 1032 Sall.
1310 1000 1368 1032 Ju.
1384 1003 1416 1030 9.
1432 1003 1464 1031 6.
1481 1002 1512 1031 3.
1536 1001 1586 1032 Id.

971 1053 988 1092 ξ
1010 1054 1031 1082 9
1052 1052 1219 1082 Amicitias
1239 1050 1393 1090 utilitate]
1428 1050 1495 1081 Ov.
1522 1051 1626 1082 Pont.

928 1110 969 1132 11.
985 1103 1013 1131 3.
1031 1104 1060 1132 8.
1097 1101 1106 1117 ‘
1124 1101 1255 1141 Vulgus
1282 1101 1449 1132 amicitias
1474 1101 1625 1132 utilitate

929 1150 1075 1190 probat.'
1117 1150 1277 1181 Addendi
1309 1150 1381 1182 Cic.
1411 1151 1455 1182 de
1486 1151 1628 1182 Amicit.

929 1210 1000 1240 cap.
1017 1204 1070 1231 21.
1094 1211 1139 1233 m.
1163 1201 1243 1232 Sall.
1267 1201 1344 1232 Cat.
1361 1204 1412 1232 10.
1429 1204 1462 1232 5.
1501 1201 1629 1232 Noster

932 1259 1023 1283 xxu.
1038 1255 1068 1283 7.
1084 1255 1115 1282 3.
1139 1252 1190 1283 Id.

977 1304 1123 1335 Gratiam
1144 1304 1270 1344 fingere
1297 1304 1331 1334 in
1360 1303 1441 1342 odio,
1473 1304 1630 1334 instruere

929 1353 1012 1384 inter
1026 1355 1242 1384 concordantes
1257 1353 1341 1393 odia]
1369 1354 1390 1386 J
1396 1358 1466 1385 unt.
1489 1354 1533 1384 G.
1550 1353 1581 1391 s.
1597 1354 1630 1384 in

929 1415 957 1435 o.
980 1404 1012 1434 in
1033 1404 1141 1443 gratia
1164 1403 1313 1444 offensam
1334 1404 1490 1443 simulare,
1509 1404 1582 1434 inse.
1607 1404 1631 1434 i.

929 1465 955 1485 c.
968 1465 995 1486 o.
1040 1454 1139 1487 Quod
1157 1464 1223 1484 non
1240 1459 1369 1485 temere
1386 1455 1586 1495 spreverim,
1603 1454 1631 1484 si

930 1505 1012 1536 Mss.
1029 1504 1169 1535 accedat
1185 1505 1386 1535 auctoritas.
1431 1505 1471 1534 Iu
1485 1505 1558 1535 aliis
1575 1514 1631 1535 ve-

930 1556 1131 1587 tustioribus
1148 1556 1225 1587 edd.
1243 1556 1316 1586 haec
1339 1556 1443 1587 verba
1466 1556 1499 1586 in
1524 1556 1632 1595 gratia

932 1606 1078 1647 offensam
1093 1606 1238 1637 simulare
1259 1606 1371 1646 paullo
1387 1606 1539 1646 superius
1555 1611 1634 1646 post

931 1655 1152 1686 ‘insidiosus’
1185 1656 1356 1695 leguntur.
1402 1656 1455 1687 Ibi
1484 1666 1564 1687 vero
1595 1656 1636 1687 C.

932 1705 1051 1736 Barth.
1083 1705 1124 1736 ad
1162 1705 1338 1736 Claudian.
1377 1715 1420 1736 ex
1451 1706 1519 1737 Ms.
1548 1707 1636 1746 legit

933 1755 1073 1785 Blandus
1097 1765 1151 1794 per
1167 1757 1246 1786 iram
1267 1759 1297 1786 et
1322 1757 1353 1786 in
1374 1756 1493 1795 gratia.
1517 1756 1633 1788 Graev.

933 1804 996 1836 Ed.
1021 1805 1117 1836 Junt.
1147 1809 1237 1835 teste
1265 1805 1378 1837 Graev.
1401 1805 1554 1836 additum
1581 1807 1634 1837 hic

931 1854 1035 1884 habet
1051 1855 1084 1884 in
1105 1855 1213 1893 gratia
1238 1854 1389 1895 offensam
1408 1856 1572 1886 simulare:
1599 1856 1634 1886 id

932 1904 1023 1944 quod
1039 1905 1116 1934 huic
1132 1905 1155 1934 l.
1174 1905 1327 1944 apprime
1340 1909 1374 1935 et
1386 1904 1539 1945 quadrat.
1564 1905 1635 1935 Ha-

932 1954 1082 1994 bentque
1110 1954 1155 1986 id.
1186 1959 1220 1985 et
1248 1955 1352 1986 Bech.
1385 1955 1526 1995 aliaeque
1555 1955 1635 1986 edd.

933 2008 1018 2035 vett.
1034 2004 1094 2034 sed
1110 2004 1218 2035 alieno
1236 2008 1351 2035 tamen
1368 2005 1392 2035 l.
1437 2004 1460 2035 i.
1483 2014 1512 2035 e.
1537 2005 1637 2044 paulo

934 2058 1026 2093 ante,
1056 2058 1135 2095 post

933 2105 1049 2135 Vorst.

978 2155 1144 2194 Concor-cl]
1176 2154 1244 2196 Ap.
1271 2154 1404 2186 Saresb.
1418 2153 1539 2184 vitiose
1565 2153 1636 2184 edi-

935 2208 1006 2236 tum
1022 2209 1075 2236 est
1091 2206 1173 2236 cord.

979 2257 996 2296 §
1021 2258 1060 2286 10
1086 2255 1273 2295 Eloquentia
1295 2255 1440 2294 insignis,
1466 2253 1536 2294 ξιτ]
1569 2253 1637 2283 De-

934 2306 1058 2337 mosth.
1074 2306 1146 2346 ipse
1163 2305 1360 2345 Philippum
1377 2305 1386 2322 ‘
1405 2304 1466 2335 sub
1485 2304 1556 2334 sole
1578 2303 1635 2333 ho-

934 2356 1062 2387 minum
1083 2355 1396 2396 eloquentissimum
1408 2354 1417 2367 '
1434 2353 1585 2394 appellat
1602 2353 1636 2383 in

935 2407 1034 2438 Orat.
1050 2406 1092 2437 de
1117 2406 1206 2437 Fals.
1222 2406 1343 2445 Legat.
1361 2409 1396 2436 et
1410 2405 1564 2444 Polyaen.
1582 2413 1634 2435 1v.

933 2456 1138 2496 Strategem.
1158 2465 1223 2485 non
1241 2455 1385 2485 minores
1399 2464 1475 2485 eum
1491 2463 1545 2484 res
1563 2463 1637 2484 ora-

934 2506 1026 2537 tione
1041 2515 1140 2546 quam
1158 2505 1274 2545 praelio
1290 2503 1480 2535 confecisse
1504 2502 1637 2540 scribit,

935 2561 971 2588 et
984 2556 1090 2596 pluris
1103 2555 1287 2585 aestimasse
1302 2554 1411 2585 verbis
1423 2564 1522 2594 quam
1536 2552 1636 2583 armis

935 2612 1052 2648 partas
1075 2606 1246 2637 victorias.
1291 2605 1421 2636 Harum
1444 2604 1533 2635 enim
1560 2613 1636 2644 par-

936 2662 1004 2688 tem
1021 2657 1085 2687 sibi
1107 2656 1289 2687 vendicare
1312 2655 1437 2685 milites
1463 2653 1636 2685 existima-

936 2709 1018 2739 bat:
1043 2707 1118 2738 illas
1134 2706 1176 2737 ad
1192 2715 1284 2737 suam
1300 2705 1396 2736 unius
1410 2704 1543 2735 laudem
1559 2713 1636 2743 per-

938 2759 1058 2789 tinere.
1103 2756 1194 2787 Add.
1227 2757 1353 2787 Notam
1388 2754 1430 2785 ad
1463 2763 1512 2785 Vl.
1540 2757 1570 2784 5.
1603 2758 1636 2785 5.

938 2808 1032 2838 Plut.
1046 2806 1142 2837 Alex.
1155 2809 1186 2837 6.
1204 2816 1247 2837 m.
1272 2806 1280 2822 ‘
1295 2805 1527 2846 Sophistarum
1545 2813 1636 2834 more

939 2856 1130 2888 facundiam
1149 2866 1241 2887 suam
1257 2855 1470 2892 ostentassc,'
1487 2855 1544 2886 ait.
1560 2855 1638 2885 Ber.

987 2907 1180 2947 Eloquentia,
1196 2909 1225 2938 ct
1242 2906 1375 2946 insignis
1392 2904 1504 2943 oratio]
1534 2903 1635 2943 Angl.

1481 2959 1498 2986 3
1524 2956 1549 2986 C

1175 2054 1280 2085 verba
1322 2055 1467 2084 Blandus
1506 2054 1637 2093 pariter.
