2174 3424
636 335 834 368 JUS'HNI
867 336 961 366 Lm.
993 335 1086 367 xn.
1119 338 1226 368 CAP.
1257 327 1325 369 10.

266 435 299 475 gi
327 442 387 474 per
410 431 558 474 quietem
590 433 779 463 monstrato
804 430 959 464 Justinus

265 485 449 526 subjungit,
464 494 504 515 ea
518 493 539 515 a
553 482 658 515 Diod.
682 487 718 514 et
733 483 829 514 Curt.
844 483 878 514 in
893 483 960 513 his-

266 537 355 568 toria
383 533 541 566 ‘Sambi’
575 533 778 571 memorari3
807 532 961 574 quamvis

265 585 357 627 prior
379 584 496 616 horum
520 583 686 615 ‘Sabum'
710 586 824 614 vocet.
848 583 857 599 ‘
872 582 964 613 Sam-

266 634 362 666 bum’
384 638 484 666 vocat
507 637 544 665 et
566 633 699 664 Arrian.
715 641 766 664 vr.
802 632 962 663 Ceterum

264 685 397 717 literam
424 684 447 716 S
485 684 598 716 multis
635 682 825 715 nominibus
861 682 962 714 modo

266 734 443 776 praemitti,
463 733 564 766 modo
590 743 657 765 non
678 732 855 774 praemitti,
880 732 962 763 dici-

266 794 332 826 que
368 785 514 825 exempli
543 784 654 825 gratia
689 784 699 801 ‘
712 781 961 814 Androcottus'

267 841 304 868 et
329 835 614 877 ‘Sandroeottus,'
636 834 790 867 ‘Indica'
810 838 846 865 et
870 834 879 851 ‘
892 834 964 865 Slu-

266 887 366 926 dica‚’
387 891 502 918 monet
513 887 614 918 Voss.
633 885 667 916 in
683 884 785 916 Notis
802 883 844 915 ad
860 884 919 915 lib.
936 893 962 915 1.

267 941 303 968 et
319 945 381 968 xv.
395 936 534 969 Justini.
592 935 835 976 Conjecturam
861 934 964 965 Blan-

266 987 374 1028 cardi,
398 988 488 1029 quod
509 986 545 1018 τὸ
556 988 628 1027 geri
651 986 902 1026 eliminandum,
918 986 965 1017 le-

269 1039 480 1079 gendumque
501 1038 545 1069 sit
560 1037 666 1078 Ambi,
687 1042 724 1068 et
738 1036 821 1067 illud
841 1035 966 1076 firmat,

268 1088 370 1130 quod,
385 1092 424 1119 ut
440 1089 550 1128 Bong.
573 1088 608 1118 in
622 1088 666 1118 V.
683 1087 722 1117 L.
738 1090 866 1126 monet,
880 1096 966 1116 unus

270 1139 353 1170 Cod.
368 1139 432 1170 Ms.
455 1138 559 1169 habet
581 1137 761 1177 Ambiregis
776 1147 836 1178 pro
856 1136 967 1168 Ambi-

266 1191 338 1231 geri
360 1191 457 1230 regis,
481 1193 518 1221 et
539 1190 675 1231 quidam
700 1189 794 1231 typis
816 1189 969 1231 expressi

270 1240 416 1273 Ambiani
431 1240 526 1280 regis.
550 1240 632 1271 Vor.

317 1290 448 1321 Gemino
463 1289 572 1321 mortis
587 1288 726 1330 vulnere]
762 1288 898 1322 Acidal.
925 1289 968 1321 ad

272 1343 361 1374 Veli.
378 1351 418 1374 11.
431 1345 484 1373 68.
500 1344 531 1373 4.
545 1342 655 1373 locum
665 1341 713 1372 ita
726 1345 844 1372 censet
856 1350 969 1372 emen·

273 1392 376 1424 dand.
398 1392 531 1431 geminoe
559 1401 601 1422 m.
627 1401 657 1422 v.
694 1391 772 1422 Non
795 1390 885 1421 enim
909 1391 970 1421 du-

274 1442 355 1483 plex
370 1442 488 1473 vulnus
505 1446 590 1481 erat,
613 1440 723 1482 inquit
737 1451 748 1479 ς
773 1440 833 1472 secl
848 1440 882 1471 in
897 1441 970 1471 vul·

272 1501 357 1523 nere
373 1492 422 1522 vis
444 1491 586 1531 geminae
601 1491 731 1531 mortis,
751 1501 818 1532 qua
833 1491 874 1522 ab
891 1491 971 1532 ipsis

273 1541 420 1582 sagittis,
437 1550 502 1582 qua
525 1541 566 1572 ab
590 1540 801 1581 superindito
828 1551 970 1572 veneno.

274 1591 384 1624 Juvat
416 1591 571 1622 Lucanus
596 1600 651 1621 111.
676 1593 751 1622 751.
774 1590 831 1622 ubi
854 1591 896 1622 de
920 1601 973 1632 eo,

275 1640 333 1683 qui
349 1644 386 1672 et
401 1641 513 1681 gladio
536 1640 722 1680 confossus,
745 1644 781 1672 et
802 1646 922 1681 postea
938 1641 973 1672 in

276 1700 368 1722 mare
384 1690 615 1731 praecipitatus
631 1691 732 1731 periit
746 1700 754 1721 :
776 1691 786 1708 ‘
798 1691 974 1722 Festinan-

278 1744 348 1772 tem
364 1740 505 1771 animam
528 1740 628 1770 morti
642 1749 708 1770 non
725 1739 868 1770 tradidit
882 1740 939 1770 uni
953 1739 974 1779 ;'

277 1789 337 1821 sed
348 1790 502 1821 nimirum
515 1789 679 1830 geminae:
696 1789 862 1830 quomodo
878 1790 887 1807 ‘
898 1790 975 1821 sim-

277 1841 399 1881 plicem
412 1839 572 1872 mortem'
593 1840 752 1870 dixerunt
767 1839 867 1871 etiam
878 1840 973 1871 Suet.

278 1891 365 1922 Caes.
380 1893 433 1922 74.
446 1893 479 1922 3.
513 1890 594 1921 Sall.
622 1899 657 1921 v.
678 1889 770 1921 Hist.
783 1890 878 1921 Curt.
892 1898 974 1924 v111.

278 1944 312 1972 7.
329 1944 361 1972 8.
377 1941 518 1983 ipseque
534 1940 664 1972 Noster
678 1949 781 1972 xmv.
796 1942 827 1971 4.
839 1943 871 1971 6.
902 1939 976 1980 Ego

278 1992 450 2033 vulgatam
465 1993 544 2023 lect.
566 1991 708 2031 retineo,
723 1995 887 2031 tueorque
902 1995 975 2021 tum

279 2052 444 2074 consensu
467 2043 552 2073 Mss.
574 2046 645 2072 tum
668 2050 748 2072 vero
771 2041 903 2082 gemino
917 2050 976 2071 ex-

278 2094 390 2135 emplo
406 2092 581 2124 Claudiani
598 2092 674 2124 Stil.
690 2101 715 2124 1.
727 2094 801 2123 351.
825 2092 835 2109 ‘
847 2091 977 2123 AEthio-

278 2152 358 2183 pum
375 2143 546 2184 geminata
561 2142 698 2173 venenis
713 2141 882 2173 Vulnera?
909 2141 976 2172 Ov.

279 2193 383 2225 Pont.
398 2202 424 2224 1.
439 2196 471 2224 2.
495 2193 545 2224 ita
567 2192 609 2223 de
626 2191 747 2224 Getis:
769 2192 779 2209 ‘
791 2192 869 2232 Qui,
890 2201 977 2223 mor·

282 2243 327 2274 tis
342 2252 431 2275 saevo
447 2243 619 2283 geminent
641 2247 680 2274 ut
693 2243 831 2274 vulnere
846 2252 978 2281 causas,

283 2293 408 2325 Omnia
431 2293 569 2333 vipereo
592 2293 723 2333 spicula
748 2291 827 2324 felle
844 2292 979 2324 linunt!

283 2345 456 2384 Ceterum,
468 2353 511 2375 an
528 2353 658 2375 veneno
674 2343 817 2383 grassari
830 2343 932 2374 liceat
944 2342 979 2373 in

282 2395 423 2435 hostem,
437 2404 511 2426 eam
528 2394 747 2436 quaestionem
763 2393 841 2426 Alb.
858 2393 980 2425 Genti-

284 2444 325 2475 lis
340 2444 383 2475 de
395 2444 430 2476 J.
450 2444 492 2476 B.
508 2453 548 2475 11.
571 2447 604 2475 6.
626 2443 762 2484 copiose
778 2443 824 2474 H.
839 2442 981 2474 Grotius

284 2494 319 2525 in
345 2494 454 2534 ejusd.
478 2495 669 2536 argumenti
693 2503 798 2534 opere
814 2502 869 2526 111.
884 2496 916 2525 4.
929 2496 982 2524 15.

285 2547 322 2575 et
337 2547 389 2576 16.
405 2544 556 2576 breviter
569 2554 609 2576 ae
622 2553 767 2576 nervose
780 2543 981 2575 discutiunt.

290 2595 472 2628 Ber-neem.
528 2596 663 2629 Acidai.
700 2596 817 2627 mallet
840 2596 983 2636 geminoe.

286 2644 372 2676 Mihi
384 2646 519 2686 gemino,
542 2646 631 2688 quod
647 2650 700 2678 est
716 2646 749 2677 in
773 2647 857 2677 Mss.
878 2645 984 2677 omni·

287 2694 365 2736 bus,
397 2700 507 2728 ortum
550 2697 659 2738 primo
704 2706 748 2727 ex
782 2695 984 2738 compendio

289 2746 465 2787 scripturae
490 2747 637 2787 videtur,
673 2757 740 2789 quo
763 2747 838 2788 quis
868 2756 985 2778 vocem

292 2796 459 2836 geminato
487 2802 710 2838 expresserat.
756 2799 802 2829 Et
824 2797 889 2829 huc
905 2796 987 2828 facit

291 2844 371 2876 illud
388 2846 576 2889 Claudiani,
591 2847 682 2890 quod
696 2857 716 2879 a
733 2847 900 2880 Bernece.
916 2848 986 2879 lau-

294 2897 404 2930 datur.
428 2898 532 2937 Schef.

1621 325 1708 368 8525

1053 432 1072 471 ς
1095 434 1114 461 3
1142 432 1202 463 Per
1231 433 1362 472 quietem
1398 433 1568 463 monstrata
1596 430 1707 471 herba]

1009 479 1194 512 Medicinae
1225 490 1286 521 per
1311 481 1458 522 quietem
1485 485 1626 512 ostensae
1653 490 1709 511 no-

1009 529 1076 561 bile
1092 531 1283 571 exemplum
1296 536 1349 562 est
1365 532 1398 562 in
1418 532 1630 572 Vespasiano
1646 531 1710 562 Xi-

1009 579 1127 620 philini
1154 584 1190 610 et
1214 580 1369 611 Suetonii
1403 590 1478 621 cap.
1501 584 1534 611 7.
1555 585 1585 613 5.
1631 582 1709 614 Quo

1009 628 1078 660 fine
1092 633 1236 670 aegrotos
1252 630 1333 662 olim
1348 630 1380 661 in
1397 631 1532 671 templis
1554 641 1708 662 somnum

1011 684 1181 721 captasse,
1196 684 1294 721 patet
1309 690 1350 711 ex
1372 681 1489 712 Plaut.
1513 681 1650 712 Curcul.
1669 690 1711 712 n.

1012 733 1043 763 1.
1055 733 1085 762 l.
1095 734 1131 762 et
1139 730 1212 763 Cic.
1224 730 1266 761 de
1278 730 1395 762 Divin.
1411 740 1436 762 1.
1448 733 1502 762 43.
1516 731 1621 762 Plura
1630 731 1710 763 Jan.

1013 781 1199 812 Wowerius
1227 780 1268 811 ad
1293 780 1377 811 illud
1404 781 1581 812 Petronii:
1612 781 1622 798 ‘
1640 782 1713 812 Me·

1012 830 1160 863 dicinam
1173 840 1290 862 somno
1302 830 1411 871 petii,'
1425 832 1491 862 ὅτε.
1514 832 1612 863 Rern.

1055 883 1120 914 Per
1141 883 1287 923 quietem,
1315 883 1383 923 ἔγω]
1406 882 1506 914 Oros.
1533 883 1542 899 ‘
1557 882 1609 914 Ac
1632 886 1712 922 post

1012 932 1120 964 herba
1134 942 1196 973 per
1209 933 1372 964 somnium
1398 932 1462 963 sibi
1476 936 1611 964 ostensa
1626 937 1663 964 et
1681 933 1714 964 in

1015 987 1132 1024 potum
1148 983 1269 1014 sauciis
1285 983 1366 1014 data
1381 992 1455 1014 cum
1474 983 1611 1024 reliquis
1636 983 1713 1015 sub-

1016 1033 1202 1073 veniretur,
1225 1033 1343 1065 urbem
1365 1034 1574 1074 expugnavit
1597 1039 1632 1064 et
1658 1044 1713 1065 ce-

1015 1085 1090 1126 pit!
1133 1085 1189 1117 Ita
1215 1086 1317 1117 etiam
1342 1089 1488 1127 uterque
1518 1086 1585 1117 Ms.
1615 1086 1713 1118 Leid.

1015 1137 1209 1179 Freculphi,
1227 1147 1282 1178 ap.
1298 1145 1396 1178 quem
1412 1138 1512 1178 vulgo
1528 1137 1654 1176 legitur
1668 1137 1718 1168 Ac

1011 1190 1083 1227 post
1096 1187 1583 1220 herbam....ostensam....datam.
1598 1188 1715 1220 Sti-ab.

1017 1245 1080 1269 xv.
1095 1248 1130 1278 p.
1142 1240 1218 1269 723.
1232 1238 1285 1268 Ἐν
1299 1237 1331 1269 δὲ
1345 1239 1410 1269 τοῖς
1424 1237 1573 1278 Ὠρείταις
1587 1238 1629 1269 τὰ
1641 1242 1711 1278 τοξ-

1016 1286 1134 1327 εύματα
1166 1288 1307 1328 χρίεσθαι
1337 1288 1511 1327 θανασίμοις
1545 1287 1715 1329 φαρμάκοις

1017 1337 1148 1379 ἔφασαν,
1170 1338 1274 1378 ξύλινα
1288 1339 1364 1370 ὄντα
1377 1338 1427 1370 καὶ
1442 1338 1712 1379 πεπυρακτωμένα·

1015 1388 1168 1430 τρωθέντα
1191 1388 1225 1421 δὲ
1254 1390 1446 1428 Πτολεμαῖον
1467 1388 1657 1420 κινδυνεύειν·
1685 1390 1718 1420 ἐν

1018 1439 1100 1479 ὕπνῳ
1114 1438 1147 1471 δὲ
1157 1438 1360 1480 παραστάντα
1380 1438 1450 1470 τινὰ
1462 1441 1507 1479 τῷ
1528 1438 1717 1479 Ἀλεξάνδρῳ

1019 1492 1113 1530 δεῖξαι
1140 1490 1228 1531 ῥίζαν
1254 1489 1472 1531 αὐτόπρεμνον,
1506 1489 1544 1527 ἢν
1575 1490 1717 1521 κελεῦσαι

1018 1540 1165 1581 τρίβοντα
1191 1539 1354 1571 ἐπιτιθέναι
1380 1542 1424 1580 τῷ
1445 1538 1596 1581 τρωθέντι·
1622 1540 1658 1571 ἐκ
1684 1538 1719 1571 δὲ

1019 1592 1074 1622 τοῦ
1105 1591 1200 1622 ὕπνου
1230 1590 1404 1631 γενόμενον,
1438 1589 1628 1629 μεμνημένον
1663 1591 1722 1628 τῆς

1020 1640 1129 1682 ὄφεως,
1144 1642 1240 1682 εὑρεῖν
1251 1640 1405 1681 ζητοῦντα
1422 1640 1481 1678 τὴν
1492 1640 1581 1681 ῥίζαν
1594 1640 1719 1678 πολλὴν

1020 1693 1198 1731 πεφυκυῖαν,
1227 1690 1279 1722 καὶ
1302 1690 1477 1732 χρήσασθαι
1495 1689 1547 1722 καὶ
1561 1691 1652 1723 αὐτὸν
1667 1690 1720 1722 καὶ

1021 1741 1093 1775 τοὺς
1102 1742 1228 1774 ἄλλους.

1066 1795 1084 1834 ς
1105 1796 1126 1824 4
1151 1794 1286 1832 Oceano,
1300 1790 1369 1832 δῖα]
1392 1792 1482 1823 Saxo
1502 1800 1581 1823 xw.
1598 1801 1630 1832 p.
1646 1794 1722 1824 377.

1023 1845 1076 1874 19.
1099 1842 1109 1860 ‘
1123 1841 1250 1881 Armis,
1270 1851 1336 1872 non
1361 1842 1533 1883 precibUS‚
1554 1842 1629 1873 Deo
1640 1842 1724 1874 liba-

1022 1898 1140 1926 menta
1152 1893 1319 1925 daturus!

1067 1947 1085 1986 ς
1112 1948 1131 1976 5
1158 1945 1261 1976 Curru
1276 1945 1358 1976 circa
1372 1948 1483 1976 metam
1497 1944 1583 1985 acto]
1620 1943 1723 1977 Quod

1025 1995 1180 2026 solebant
1195 1994 1252 2036 qui
1279 1994 1321 2026 ad
1335 1999 1460 2026 metam
1472 1999 1701 2036 pervenerant
1714 2005 1725 2034 ;

1024 2044 1106 2076 inde
1121 2044 1246 2076 Horat.
1265 2053 1290 2076 1.
1307 2044 1375 2076 Od.
1399 2048 1429 2076 1.
1452 2045 1462 2062 ‘
1476 2045 1642 2086 Metaque
1658 2043 1726 2076 fer-

1024 2094 1111 2127 vidis
1134 2095 1273 2126 Evitata
1297 2094 1406 2127 rotis?
1450 2095 1546 2126 Vett.
1567 2095 1724 2136 plerique

1023 2155 1119 2177 curru
1135 2145 1302 2176 certamine
1316 2145 1386 2185 jam
1404 2148 1485 2186 acto,
1509 2149 1568 2177 ant
1588 2149 1726 2186 peracto.

1024 2196 1092 2228 Sed
1107 2200 1142 2228 et
1158 2196 1257 2227 Oros.
1273 2205 1331 2228 111.
1345 2199 1398 2227 20.
1419 2201 1454 2228 et
1468 2206 1554 2228 unus
1570 2197 1639 2228 Ms.
1655 2197 1728 2227 vui-

1028 2251 1139 2286 gatam
1160 2247 1244 2278 lect.
1267 2250 1420 2278 tuentur.
1443 2247 1602 2286 Bongars.
1647 2247 1728 2280 Vid.

1027 2296 1202 2328 Gebhard.
1219 2296 1254 2326 in
1271 2296 1396 2327 Catuli.
1411 2306 1447 2337 p.
1471 2299 1546 2328 211.
1561 2307 1604 2328 m.
1627 2298 1726 2328 Bern.

1071 2345 1249 2386 Quatenus]
1271 2347 1305 2377 S.
1333 2346 1482 2387 antique,
1509 2347 1665 2387 quatinus,
1693 2347 1727 2377 h.

1027 2406 1058 2428 e.
1073 2405 1258 2438 quousque.
1281 2394 1336 2427 Ab
1352 2396 1488 2436 ingenio
1506 2396 1728 2428 Freinsliemii

1028 2449 1084 2477 est
1096 2446 1183 2485 haec,
1200 2449 1259 2476 aut
1275 2444 1385 2476 omnia
1400 2455 1454 2476 me
1470 2444 1603 2484 fallunt,
1624 2446 1729 2477 omni-

1029 2501 1193 2536 nobcerta
1216 2496 1429 2527 emendatio:
1456 2506 1556 2538 quam
1584 2497 1728 2537 proinde

1029 2556 1097 2578 non
1113 2556 1183 2578 sum
1201 2546 1328 2576 veritus
1341 2545 1375 2576 in
1388 2550 1520 2577 textum
1534 2546 1729 2579 admittere.

1033 2597 1210 2629 Hactenus
1232 2605 1348 2627 omnes
1372 2595 1458 2627 editi
1480 2606 1540 2636 qua
1564 2597 1650 2628 sinus
1671 2597 1730 2629 ab-

1031 2648 1144 2680 surde.
1167 2648 1351 2679 Berneccer.
1394 2645 1614 2688 Antiquiores
1638 2648 1730 2689 typis

1032 2697 1183 2738 expressi
1196 2705 1257 2737 pro
1269 2699 1417 2737 quatenus
1426 2696 1553 2728 habent
1564 2707 1624 2738 qua
1634 2698 1730 2730 sinus.

1033 2748 1109 2779 Nec
1125 2746 1288 2778 indicavit
1302 2746 1412 2787 Bong.
1429 2746 1463 2777 in
1474 2746 1581 2779 Codd.
1594 2749 1678 2780 Mss.
1694 2757 1731 2780 se

1035 2797 1214 2839 quicquam
1241 2795 1331 2827 aliud
1354 2795 1532 2837 reperisse.
1578 2797 1731 2831 Freinsh.

1034 2847 1169 2878 demum
1194 2845 1343 2886 conjecit
1368 2845 1502 2885 legend.
1526 2855 1601 2878 esse
1625 2851 1730 2888 quate-

1034 2907 1091 2929 nus
1105 2901 1163 2929 aut
1177 2896 1332 2937 quatinus.
1376 2895 1487 2938 quue
1500 2901 1643 2939 propter
1663 2898 1733 2930 evi-
