2174 3424
571 332 767 365 JUs'rlNl
805 332 844 361 [Λ
857 332 895 360 B.

167 433 372 464 Amazonum
386 431 470 468 erat,
481 431 593 459 castra
605 426 722 468 ponit!
738 425 855 465 Stcpli.

165 481 233 522 περὶ
244 485 322 511 Πολ.
339 477 510 517 Θεμίσκυρα
522 476 612 507 πόλις
626 476 645 513 ἥ
658 477 742 506 ἐστιν
756 474 858 506 ἀντίον

166 531 386 573 Θερμώδοντος,
407 529 458 560 καὶ
470 530 498 560 οἱ
512 528 660 560 οἰκοῦντες
677 528 735 565 τὴν
757 527 859 568 χώραν

166 581 366 622 Θεμισκύριοι.
403 580 556 621 Legend.
589 585 700 610 autem
729 588 794 609 non
823 581 859 608 ut

166 632 300 674 qnidam
339 630 488 666 edidere,
529 630 767 670 Themiscyoeos,
801 628 858 659 sed

169 682 400 722 Themiso-yrias.
443 681 484 711 Id
514 680 602 710 enim
635 685 671 710 et
704 678 860 718 analogia

167 732 319 773 requirit,
331 735 377 769 et,
391 734 427 761 ut
442 731 548 770 ssong.
565 730 599 760 in
614 731 656 761 V.
666 730 703 761 L.
715 729 860 767 notavit,

166 782 293 812 habent
329 780 428 812 codd.
462 781 546 810 Mss.
590 780 659 811 Sed
698 784 733 811 et
763 779 863 811 Oros.

166 831 331 872 praedicto
357 831 378 860 l.
398 830 511 869 habet,
538 830 547 846 ⁴
565 830 701 870 Campis
731 829 862 860 Themi-

167 881 283 920 scyriis
298 880 361 911 sibi
375 879 561 919 subjectis)
576 879 642 910 Sed
660 879 747 910 idem
759 879 860 910 Oros.

166 930 428 972 vb‘snbjectos'
455 939 518 960 non
541 935 634 961 recte
659 930 789 970 cepisse
814 930 861 959 vi-

168 982 289 1019 detur3
317 989 425 1020 neque
443 979 529 1010 enim
549 980 641 1011 Just.
665 980 736 1020 ipse
759 979 861 1010 habet

165 1031 225 1062 sibi
239 1031 386 1069 subjectos
404 1030 624 1070 Tlcemiscyrios
635 1040 779 1070 cumpos;
801 1029 860 1060 sed

166 1083 176 1099 ‘
192 1080 462 1121 subjectosque!
475 1081 652 1121 ipsumque
667 1081 860 1111 enclitirnm

167 1133 268 1172 ‘que'
295 1137 494 1172 argumento
525 1135 589 1168 est,
626 1131 796 1163 Justinum
825 1129 861 1160 τὸ

167 1183 226 1214 sibi
242 1193 308 1214 non
324 1183 506 1214 addidisse.
536 1183 639 1214 Vorst.

212 1235 229 1274 ξ
251 1236 271 1264 6
294 1233 460 1271 Singulare
475 1233 608 1263 omnium
628 1233 794 1263 seculorum
811 1241 862 1262 ex-

168 1284 307 1323 emplum.
342 1282 468 1313 Auxere
482 1291 577 1321 remp.
591 1283 656 1313 sine
667 1281 756 1321 viris]
779 1282 862 1312 Cum

169 1333 251 1363 Mss.
273 1332 407 1363 omnino
424 1341 537 1362 omnes
562 1330 747 1371 praeferant
764 1341 864 1362 exem-

166 1384 251 1423 plum
277 1393 360 1414 ausoe
386 1393 482 1422 remp.
506 1392 530 1414 s,
558 1392 586 1414 v.
615 1386 672 1412 aut
698 1386 790 1413 certe
813 1392 864 1413 ex.

169 1443 262 1472 agere
297 1443 413 1473 semper
445 1443 471 1463 s.
509 1443 536 1462 υ.
568 1432 672 1462 ausim
701 1441 865 1471 reponere

171 1482 263 1521 Sing.
294 1493 322 1513 ο.
352 1492 376 1512 s.
404 1493 454 1513 ex.
481 1492 573 1513 στω-α’.
617 1482 743 1512 Auxere
769 1491 865 1522 remp.

170 1532 235 1563 sine
249 1532 347 1562 viris:
371 1536 407 1562 nt
435 1532 482 1562 ita
499 1531 625 1562 dixerit
641 1532 750 1562 audere
765 1541 866 1562 exem·

168 1583 254 1623 plum
267 1582 356 1614 Just.
370 1587 405 1612 nt
433 1583 441 1599 ‘
459 1582 583 1612 audere
597 1592 741 1622 pugnam
753 1582 760 1594 ’
783 1583 864 1613 Tac.

171 1632 291 1671 Virgil.
310 1642 402 1670 vero,
416 1634 424 1648 ‘
439 1631 563 1662 audere
582 1632 614 1662 in
631 1632 749 1671 proelio
765 1632 785 1663 ε’
799 1631 866 1663 vid.

171 1682 406 1722 Novantiquas
446 1686 578 1712 nostras
615 1682 725 1722 Epist.
764 1690 866 1712 xcix.

172 1733 260 1764 Mod.
305 1732 446 1762 Secutus
469 1742 540 1761 sum
566 1731 677 1761 nixam
701 1731 768 1762 fide
785 1732 866 1762 Mss.

172 1781 440 1814 emendationem
472 1782 528 1812 Fr.
555 1782 675 1821 Modfi,
698 1782 760 1812 nisi
777 1782 866 1823 quod

171 1837 249 1873 post
268 1842 350 1862 uusae
374 1836 536 1872 punctum
561 1832 593 1862 in
617 1832 866 1863 subdistinctio-

169 1893 246 1914 nem
273 1882 414 1913 mutavi.
459 1883 583 1913 Audere
618 1883 789 1922 exemplum
825 1892 864 1913 eo

170 1933 269 1964 modo
286 1932 421 1971 dicitur,
437 1937 476 1963 ut
490 1942 544 1973 ap.
561 1933 639 1964 Tac.
658 1932 698 1964 Α.
716 1943 797 1965 xm.
813 1937 866 1965 36.

172 1987 200 2015 l.
222 1982 372 2013 ‘andere
404 1982 584 2023 pugnam?
610 1988 645 2014 et
669 1984 762 2023 alibi,
789 1984 866 2014 ‘au-

170 2034 250 2064 dere
287 2032 485 2072 codicillos‚'
521 2033 530 2049 ‘
546 2033 743 2073 machinas‚'
780 2035 789 2050 ⁴
807 2044 866 2074 op-

169 2083 431 2125 pugnationem,'
446 2086 454 2101 ⁴
470 2084 648 2124 stuprum‚’
663 2086 671 2100 ‘
685 2084 867 2124 nltioucm,'

168 2136 231 2165 «Sec.
277 2133 452 2172 Ceterum,
479 2143 546 2164 non
569 2140 638 2166 tam
662 2145 741 2166 vero
766 2145 866 2176 quam

171 2185 247 2216 huic
278 2184 464 2215 narrationi
500 2184 632 2224 similia,
671 2185 712 2216 de
748 2186 867 2226 puellis

170 2235 373 2275 Bobemicis‚
394 2236 539 2266 Velasca
569 2235 667 2275 duce,
697 2236 866 2277 principa-

171 2291 242 2319 tum
257 2286 289 2317 in
306 2286 392 2317 viros
406 2286 663 2326 occupantibus,
679 2287 779 2318 habet
792 2287 866 2318 AEn.

170 2338 302 2377 Sylvius
343 2337 484 2368 Bohem.
510 2346 586 2376 cap.
618 2340 649 2368 7.
688 2338 867 2368 Remea-er.

172 2388 322 2420 Gronov.
338 2397 379 2418 ex
393 2387 542 2428 vestigiis
555 2387 640 2419 Mss.
654 2387 756 2428 legit:
776 2387 867 2426 Βίης.

170 2450 199 2471 ο,
225 2449 252 2471 s.
281 2449 331 2470 ex.
355 2448 450 2477 ausoe,
475 2448 570 2477 remp.
592 2448 684 2477 agere
705 2448 730 2471 s.
754 2449 783 2469 v.
798 2439 868 2477 jam

171 2490 263 2520 etiam
278 2500 346 2520 cum
361 2492 514 2520 contemtu
528 2489 664 2519 virorum
679 2499 711 2520 se
725 2492 869 2521 tuentur:

173 2544 243 2578 ant,
255 2539 343 2580 qnod
360 2539 548 2579 elegantius
564 2539 758 2571 existimat:
775 2540 867 2579 Sing.

173 2600 202 2620 ο.
217 2599 242 2620 s.
259 2599 310 2620 ex.
325 2598 419 2628 ausoe,
432 2598 528 2628 remp.
545 2598 570 2619 s.
583 2588 701 2627 ajam,
712 2590 764 2628 &aa
783 2590 868 2622 Obs.

173 2649 223 2671 1v.
235 2641 285 2671 14.
303 2639 412 2671 Groev.
458 2637 677 2679 Antiquiores
690 2639 765 2671 edd.
787 2650 869 2671 uusoe

173 2699 239 2720 non
269 2689 408 2720 habent.
453 2688 556 2720 Quod
586 2693 697 2719 autem
731 2690 868 2721 Modius

173 2740 207 2771 in
223 2740 304 2771 Mss.
319 2739 353 2769 id
370 2739 592 2777 observasset,
610 2739 643 2770 in
671 2744 802 2771 textum
818 2750 869 2771 re-

172 2791 266 2832 cepit
275 2792 438 2822 Bernecc.
454 2790 659 2821 Observavit
672 2796 707 2821 et
719 2791 868 2822 Gronov.

174 2841 240 2873 Sed
257 2841 398 2872 miratur
411 2839 512 2880 idem,
524 2839 612 2880 quod
626 2840 718 2870 Mod.
736 2847 769 2870 et
786 2841 869 2871 Ber-

175 2902 269 2927 uecc.
292 2901 358 2925 non
384 2890 502 2924 offensi
532 2891 657 2923 fuerint
678 2892 722 2933 τῷ
743 2902 868 2932 auxere,

929 331 979 359 11.
1012 330 1117 360 crin.
1146 321 1188 360 4.
1521 317 1605 358 661

907 424 1010 464 idque
1027 423 1123 454 simul
1139 423 1323 454 consistere
1341 432 1436 464 posse
1455 423 1606 454 credide-

910 475 997 511 rint;
1027 483 1103 504 cnm
1134 479 1169 503 et
1203 474 1290 504 ratio
1324 478 1358 503 et
1385 474 1470 503 Mss.
1496 472 1605 504 Codd.

909 524 993 555 illud
1035 523 1238 563 improbent.
1291 522 1400 554 Codd.
1437 524 1521 554 Mss.
1556 523 1607 553 uti

910 575 1018 614 Boug.
1035 574 1068 603 in
1083 574 1165 603 Var.
1183 573 1281 603 Lect.
1300 572 1607 611 testatur,habent,

910 635 959 655 ex.
985 634 1068 655 ausoe
1103 632 1222 663 semper
1243 633 1335 661 agere
1365 633 1389 653 s.
1412 633 1440 653 v.
1464 627 1499 653 et
1525 632 1607 653 ausae

909 684 1002 714 remp.
1026 684 1140 713 augere
1161 683 1187 703 s.
1208 683 1236 704 v.
1277 672 1376 703 Unde
1394 672 1543 703 Gronov.
1565 673 1611 702 le-

911 724 1011 765 gend.
1029 728 1140 764 putat,
1164 723 1255 762 Sing.
1272 733 1298 753 o.
1312 732 1336 752 s.
1349 732 1397 753 ex.
1414 732 1497 752 ausae
1513 731 1609 762 remp.

910 785 1001 815 agere
1015 785 1041 805 s.
1056 785 1086 806 v.
1133 774 1255 805 Phrasi
1281 784 1377 814 remp.
1400 783 1491 812 agere
1506 773 1557 804 nsi
1573 778 1609 804 et

911 826 978 856 alii.
1016 826 1085 857 Jul.
1104 824 1318 865 Capitolinus
1335 824 1507 855 Antonino
1523 824 1607 855 Pio:

911 877 1081 907 ‘Masime
1106 886 1180 907 cum
1205 880 1240 906 et
1266 884 1400 915 semper
1427 875 1610 915 rempubli-

911 938 984 959 cam
1017 928 1102 958 bene
1126 927 1250 967 egisset
1282 925 1496 957 Antoninus!
1542 927 1610 957 Vo-

911 979 997 1019 pisc.
1022 979 1054 1008 in
1074 978 1210 1008 Probo:
1237 979 1246 993 ‘
1262 976 1445 1016 Exemplar
1468 976 1607 1016 agendae

911 1027 1006 1068 reip!
1052 1026 1140 1057 Illud
1164 1037 1290 1066 auxere,
1313 1026 1401 1067 qnod
1427 1025 1505 1057 edd.
1525 1031 1611 1058 vett.

910 1079 1048 1116 habent,
1073 1077 1231 1119 quodque
1258 1078 1368 1117 Bong.
1392 1080 1426 1107 et
1443 1077 1610 1108 Bernecc.

911 1129 1094 1167 retinuere,
1126 1127 1312 1158 conflatum
1340 1128 1473 1159 videtur
1498 1138 1541 1159 ex
1570 1138 1611 1159 eo

912 1179 1000 1220 quod
1028 1179 1060 1209 in
1096 1178 1203 1209 Codd.
1244 1178 1326 1209 Mss.
1352 1181 1507 1218 apparet,
1530 1187 1612 1207 ausoe

911 1240 1013 1269 agere.
1036 1231 1152 1260 Vorst.
1197 1229 1311 1260 Probo
1341 1228 1611 1260 emendationem

914 1279 1078 1311 Gronovii
1096 1279 1255 1319 legentis,
1271 1288 1353 1309 uusae
1367 1289 1463 1319 remp.
1478 1289 1503 1310 s.
1516 1289 1544 1310 υ.
1560 1281 1614 1319 (ἦέ.

914 1334 950 1362 et
975 1329 1058 1361 illud
1097 1339 1211 1360 auxere
1236 1335 1352 1360 natum
1384 1330 1540 1370 suspicor
1569 1339 1613 1360 ex

914 1380 1066 1421 praeced.
1081 1390 1175 1418 ausoe,
1197 1390 1258 1420 pro
1277 1389 1340 1421 quo
1359 1380 1498 1420 supinus
1513 1380 1614 1411 libra-

915 1432 983 1462 rius
1010 1430 1092 1461 feeit
1118 1441 1210 1469 ause,
1235 1431 1289 1461 cui
1313 1430 1437 1461 deiude
1469 1440 1511 1460 ex
1542 1440 1612 1471 seq.

915 1491 998 1512 voce
1015 1481 1098 1511 alius
1113 1480 1274 1521 syllabam
1291 1490 1324 1510 re
1338 1480 1507 1520 adposuit.
1543 1480 1613 1510 Sed

915 1541 991 1562 mox
1008 1531 1041 1562 in
1058 1531 1169 1562 verbis
1184 1531 1320 1561 virorum
1335 1541 1366 1561 se
1382 1534 1508 1562 tuentur
1530 1530 1612 1561 illud

914 1591 947 1612 se
976 1591 1145 1622 expungo,
1182 1591 1258 1611 cum
1285 1581 1367 1612 alius
1406 1581 1515 1612 oratio
1546 1591 1612 1612 non

916 1638 1009 1663 recte
1027 1632 1207 1662 cohaereat.
1230 1630 1335 1669 Schef.

959 1684 975 1723 ξ
995 1686 1012 1713 7
1044 1683 1135 1713 Viros
1150 1682 1358 1722 interficiunt]
1386 1681 1470 1712 Inde
1485 1680 1614 1718 Οἰόρπα-

915 1745 967 1771 τα,
981 1733 1014 1763 h.
1031 1742 1062 1764 e.
1078 1731 1278 1773 ἀνδροκτόνοι,
1308 1732 1438 1764 Herod.
1465 1742 1513 1764 Ιν.
1540 1735 1614 1764 110.

918 1783 1022 1821 Bong.

959 1834 975 1872 ξ
999 1836 1018 1863 9
1042 1833 1139 1869 Pace,
1151 1833 1219 1872 ἔξω]
1244 1833 1333 1864 Saxo
1361 1836 1392 1864 2.
1414 1843 1448 1874 p.
1470 1836 1544 1865 249.
1561 1836 1614 1866 27.

916 1882 1056 1913 ‘Ericns
1090 1883 1265 1922 quaesitam
1287 1883 1388 1914 armis
1407 1893 1524 1924 pacem
1543 1884 1615 1924 jus-

916 1932 1001 1963 titiae
1033 1933 1240 1963 ornamentis
1268 1934 1427 1964 excolere
1449 1934 1614 1974 cupiens.’

962 1985 1011 2015 Ne
1025 1983 1138 2023 genus]
1162 1983 1262 2024 Angl.
1278 1994 1315 2014 ηε
1334 1994 1422 2024 gens,
1448 1985 1537 2026 qnod
1564 1989 1616 2016 est

917 2044 959 2065 ex
977 2035 1096 2074 glossa.
1122 2035 1210 2065 Nam
1228 2044 1342 2066 vocem
1353 2037 1508 2075 gennsita
1524 2047 1618 2067 usur·

918 2090 977 2125 pat
993 2090 1027 2115 et
1055 2085 1085 2115 in
1111 2094 1206 2125 seqq.
1232 2085 1289 2115 ubi
1312 2091 1426 2117 servat
1453 2091 1488 2118 et
1513 2086 1615 2128 Angl.

917 2136 926 2151 ‘
940 2135 1056 2166 Genus
1070 2136 1269 2175 Scytharum
1286 2135 1383 2167 esse!
1428 2137 1484 2168 Sic
1498 2138 1616 2178 Nepos

918 2185 951 2215 in
972 2185 1118 2224 Regibus
1144 2188 1175 2216 2.
1203 2187 1277 2216 ‘Ex
1304 2186 1531 2217 Macedonum
1560 2197 1616 2225 ge-

918 2245 999 2266 nere
1015 2235 1103 2266 duo.'
1126 2235 1180 2266 Sic
1194 2236 1271 2266 alibi
1284 2236 1481 2276 saepissime.
1509 2237 1616 2269 (ἔναυ.

964 2287 1177 2327 Concubitum]
1199 2288 1310 2319 Oxon.
1332 2287 1516 2319 concubitus.
1541 2288 1594 2319 Id.

961 2342 1000 2369 10
1026 2338 1270 2379 Intetficz'ebant]
1309 2338 1422 2369 Aliter
1447 2338 1615 2370 Jornand.

919 2389 1030 2420 Getic.
1045 2398 1072 2419 c.
1090 2391 1120 2419 8.
1145 2392 1154 2406 ⁴
1171 2388 1340 2429 Quicquid
1354 2392 1470 2428 partus
1487 2399 1615 2419 mascn-

918 2439 976 2469 lini
993 2439 1191 2478 edidissent,
1208 2439 1298 2479 patri
1315 2439 1524 2479 reddebant,’
1551 2441 1616 2471 &c.

919 2490 993 2522 Qua
1010 2490 1141 2520 ratione
1165 2489 1274 2520 adhuc
1300 2490 1402 2520 hodie
1427 2490 1615 2530 praecipnas

918 2539 1070 2571 Africani
1087 2539 1175 2579 regis
1195 2539 1440 2579 Monimopatae
1453 2540 1616 2580 legiones,

918 2600 1000 2631 quas
1037 2599 1080 2620 ex
1112 2588 1306 2620 mulieribus
1334 2589 1369 2619 in
1399 2594 1526 2620 certam
1556 2591 1616 2621 aii-

918 2649 1017 2680 quam
1054 2639 1195 2669 insulam
1233 2638 1379 2669 detrusis
1418 2640 1616 2680 conscribit,

917 2690 1070 2721 femellas
1087 2688 1149 2720 sibi
1167 2698 1353 2727 reservare,
1376 2690 1538 2721 masculos
1555 2701 1613 2731 pa-

918 2741 1026 2771 tribus
1058 2739 1298 2776 transmittere,
1316 2738 1433 2769 scribit
1463 2739 1612 2772 Eduard.

919 2791 1043 2830 Lopez.
1057 2789 1116 2821 lib.
1132 2798 1171 2820 11.
1186 2788 1226 2819 de
1241 2788 1359 2828 Regno
1374 2789 1480 2830 Cong.
1493 2799 1568 2831 cap.
1583 2794 1612 2822 9.

919 2841 1020 2871 Bern.

962 2890 998 2922 1η
1016 2889 1140 2920 eundem
1155 2887 1231 2929 ipsis
1247 2887 1375 2929 morem]
1409 2887 1465 2920 Ita
1477 2888 1511 2921 in
1527 2889 1611 2922 Mss.
