2101 3419
599 348 796 380 JUS'rtNl
831 349 925 379 Lm.
957 348 1147 381 xxxw.
1181 349 1287 380 cst.
1317 339 1358 381 3.
1656 339 1742 382 9823

291 441 376 473 bent
389 441 603 474 conviverent:
625 442 659 474 id
673 443 762 485 quod
779 444 916 476 Modius
929 454 989 486 pro

291 494 400 526 altero
415 498 451 526 et
465 494 671 525 rescribend.
689 498 802 535 putat.
830 496 932 528 Vorst.

335 546 426 581 Quod
439 554 479 576 ex
491 554 582 575 causa
589 543 728 585 factum]
741 544 832 576 Just.
843 545 990 576 arbitror

287 596 337 627 ita
362 595 547 636 scripsisse,
572 605 600 635 q.
626 605 661 626 ea
687 605 714 626 c.
746 596 869 627 Faber.
914 596 988 627 Imo

287 647 298 664 ‘
316 649 436 677 causa’
459 645 514 677 hic
543 649 608 685 est,
636 644 795 676 morbus:
833 646 912 685 quod
949 655 989 676 ex

287 696 510 735 causafactum
525 699 578 726 est
592 705 600 726 :
624 694 775 735 Propter
789 694 885 726 illum
901 704 988 726 mor-

289 746 379 786 bum,
408 745 609 786 vitiliginem
640 754 687 777 sc.
718 749 860 786 propter
889 755 987 787 quam

287 796 420 837 expulsi
451 806 494 827 ex
525 796 674 836 AEgypto
713 794 932 836 fingebantur
969 806 988 827 a

286 846 431 885 Judaeis,
459 845 589 877 factum
614 849 676 885 est,
704 849 744 877 ut
773 845 814 876 ab
846 846 988 876 aliarum

287 896 438 937 gentium
494 895 697 927 commercio
752 894 987 926 abhorrerent.

291 946 397 978 Groev.

330 996 508 1036 Convertit]
539 995 718 1035 Absolute,
743 1005 817 1036 pro,
848 1004 989 1026 conver·

286 1057 360 1079 sum
377 1052 441 1079 est.
485 1048 540 1078 Ita
562 1047 644 1078 Sall.
668 1046 744 1078 Cat.
758 1049 790 1077 6.
813 1046 822 1063 ‘
841 1045 986 1086 Regium

284 1099 462 1140 imperium
490 1099 524 1129 in
562 1097 755 1138 superbiam
786 1096 986 1128 dominatio-

284 1158 432 1190 nemque
449 1147 643 1180 convertit!
664 1147 722 1179 Sic
739 1147 810 1178 Cic.
826 1147 860 1177 in
877 1148 986 1178 Bruto

285 1203 339 1231 38.
362 1202 393 1231 2.
438 1199 516 1230 Hoc
533 1199 632 1230 modo
647 1198 721 1229 Liv.
738 1207 779 1229 11.
796 1201 827 1229 8.
844 1201 874 1228 1.
896 1198 905 1214 ‘
922 1198 987 1229 Le-

285 1259 345 1290 ges
360 1251 394 1281 iu
410 1249 615 1282 contrarium
631 1250 793 1279 vertunt.'
817 1248 902 1279 Tac.
918 1257 984 1279 ΧΠ.

284 1303 339 1332 29.
370 1301 379 1317 ‘
397 1300 633 1331 Diuturnitate
648 1298 681 1329 in
701 1298 892 1339 superbiam
915 1308 987 1329 mn-

285 1349 383 1389 tans‚’
398 1350 430 1381 11.
449 1359 479 1380 e.
496 1353 657 1380 mutatus.
704 1348 794 1379 Flor.
816 1357 856 1378 11.
882 1351 932 1379 15.
953 1350 985 1378 6.

284 1400 294 1417 ‘
313 1401 425 1433 Quum
445 1399 570 1431 bellum
592 1397 763 1430 sederetz’
787 1397 846 1428 ubi
871 1398 987 1428 melio·

285 1459 341 1482 res
372 1450 450 1481 edd.
482 1450 618 1489 sedaret,
653 1448 686 1480 h.
715 1458 744 1480 e.
786 1447 986 1479 sedaretur:

286 1500 375 1542 quod
392 1504 522 1531 rectum
547 1504 610 1530 est.
653 1498 711 1530 Sic
731 1498 821 1529 enim
845 1502 881 1529 et
902 1498 987 1529 Pro-

287 1555 378 1592 pert.
404 1560 462 1582 111.
488 1550 541 1582 El.
565 1552 617 1581 18.
646 1554 654 1566 ‘
672 1550 824 1580 Flamma
850 1559 913 1590 per
938 1549 986 1579 in-

287 1610 406 1632 censas
433 1600 533 1631 citius
559 1599 696 1631 sedaret
713 1599 864 1631 aristasz’
892 1604 930 1630 ut
951 1600 985 1630 in

286 1652 469 1684 Animadv.
501 1652 543 1683 ad
572 1652 664 1683 illum
694 1652 828 1692 poetam
860 1662 879 1683 e
910 1651 986 1684 cod.

287 1704 363 1735 Pal.
390 1703 479 1734 eruit
493 1704 537 1734 V.
559 1703 599 1735 C.
624 1702 733 1735 Janus
761 1702 983 1733 Gebhardus:

286 1754 387 1795 Agel.
402 1763 510 1786 xvm.
524 1756 575 1785 12.
599 1763 643 1785 ex
655 1754 743 1785 Vell.
758 1754 767 1771 ‘
782 1754 984 1794 Tempestas

285 1803 443 1835 sedavit!
467 1804 540 1835 Nec
553 1803 652 1835 aliter
668 1804 859 1835 Marcellin.
877 1812 984 1835 xxm.

285 1853 344 1886 fin.
365 1854 375 1871 ‘
388 1853 590 1895 Tempestas
606 1853 774 1885 mollivit.’
805 1853 896 1886 Add.
908 1864 983 1894 sup.

288 1905 414 1937 Notaui
430 1905 472 1937 ad
488 1914 545 1936 111.
562 1908 593 1936 3.
611 1909 642 1936 5.
666 1905 765 1936 Bern.

329 1957 347 1996 ξ
371 1958 411 1986 16
432 1955 538 1987 Aruas
560 1957 717 1997 sacerdos]
754 1956 795 1987 In
816 1956 882 1988 ΜΞ,
904 1966 984 1998 quo-

285 2004 362 2036 dam
398 2005 580 2045 Bongarsii
618 2005 798 2046 legebatur
830 2006 984 2037 Arruaus.

283 2055 369 2085 Mihi
394 2064 461 2086 non
486 2059 539 2086 est
564 2054 718 2094 dubium,
742 2056 820 2097 quin
843 2056 942 2087 litera
968 2067 984 2088 s

280 2104 358 2135 huic
375 2104 449 2135 voci
465 2104 678 2145 adglutinata
694 2106 737 2136 sit
752 2114 794 2136 ex
812 2107 983 2147 sequentis

282 2154 437 2186 vocabuli
459 2154 592 2195 initiali,
617 2155 756 2197 legique
779 2156 906 2187 debeat
922 2156 984 2188 Ar-

281 2214 355 2236 ηαη.
400 2204 455 2235 Sic
483 2204 571 2235 enim
599 2204 722 2236 Arouis
753 2215 875 2237 nomen
909 2215 982 2237 cor-

282 2254 415 2295 rupisse
430 2254 566 2285 barbari
583 2254 754 2286 videntur.
776 2255 882 2293 Schef.

325 2303 510 2344 Semperque
536 2304 647 2335 exinde
673 2305 723 2335 hic
752 2307 831 2346 mos]
869 2305 982 2337 Aliter

283 2353 464 2393 veriusque
494 2353 633 2393 Joseph.
664 2353 785 2396 Antiq.
816 2364 897 2386 xm.
928 2359 979 2388 19.

282 2405 291 2421 ‘
307 2403 357 2434 Ut
372 2402 508 2444 quidam
531 2403 702 2444 principes
725 2405 823 2435 simul
846 2410 879 2436 et
901 2415 982 2446 pon-

283 2452 394 2485 tifices
407 2457 530 2493 essent,
541 2457 693 2494 tempore
706 2454 981 2487 Maccahaeorum

283 2504 394 2545 primo
409 2503 482 2535 fieri
505 2504 622 2545 coepit,
645 2505 837 2545 praesertim
861 2506 982 2546 princi-

284 2559 368 2596 patu
383 2553 581 2593 Aristobuli,
598 2555 655 2595 qui
672 2555 796 2595 primus
811 2556 982 2597 principa-

283 2610 354 2636 tum
370 2614 497 2635 summo
513 2605 729 2645 pontificatui
746 2606 932 2646 conjunxit,
947 2612 982 2639 et

283 2654 438 2686 diadema
472 2654 535 2685 sibi
574 2654 744 2695 imposuit,
774 2656 869 2686 annis
905 2661 982 2696 post

283 2704 519 2745 captivitatem
535 2704 777 2745 Babylonicam
792 2705 880 2737 481.r
903 2707 981 2738 Ber.

331 2754 375 2784 Ut
399 2754 529 2792 eosdem,
554 2764 641 2793 reges
665 2757 695 2785 et
716 2756 981 2798 sacerdotes,8)·c.]

282 2803 362 2834 Non
378 2807 508 2834 tantum
523 2813 577 2844 ap.
593 2804 732 2836 Judaeos
745 2815 814 2836 mos
825 2806 880 2837 hic
895 2806 978 2839 fuit:

282 2853 343 2884 sed
367 2853 480 2894 etiarn,
503 2853 530 2884 si
555 2854 633 2895 quid
661 2855 779 2886 Servio
799 2856 981 2897 credimus,

281 2913 336 2944 ap.
354 2903 434 2935 alias
460 2907 588 2943 gentes.
633 2904 708 2937 Qua
729 2905 771 2937 de
796 2915 831 2936 re
853 2907 899 2938 sic
924 2907 979 2941 ille

1040 445 1082 476 ad
1099 445 1199 477 istum
1216 445 1349 487 Virgilii
1367 455 1500 477 versum
1518 445 1593 476 AEn.
1611 455 1670 477 111.
1686 448 1741 477 80.

1039 496 1049 513 ‘
1068 496 1141 527 Rex
1182 495 1302 535 Anius,
1339 505 1400 526 rex
1439 495 1529 527 idem
1569 496 1740 530 hominum

1039 545 1228 586 Phoebique
1244 545 1398 577 sacerdos
1412 545 1433 584 ;’
1449 547 1458 563 ‘
1470 545 1641 586 Majorum
1652 546 1741 577 enim

1038 595 1112 626 haec
1128 600 1202 626 erat
1215 595 1450 635 cousuetudo,'
1467 596 1585 637 inquit,
1600 597 1609 613 ‘
1627 601 1664 627 ut
1681 606 1741 627 rex

1038 650 1130 676 esset
1156 645 1259 676 etiam
1286 646 1457 684 sacerdos,
1487 647 1541 677 vel
1571 646 1741 686 pontifex.

1037 694 1137 725 Unde
1153 695 1318 736 hodieque
1335 695 1398 736 [sic
1417 696 1507 726 enim
1524 697 1545 728 l.
1566 697 1654 728 hunc
1670 707 1741 728 cor-

1037 745 1109 785 rigo
1126 754 1168 776 ex
1191 746 1395 776 membranis
1412 746 1513 786 vulgo
1529 751 1742 787 corruptum,

1037 799 1074 826 et
1092 795 1208 835 inepte
1224 795 1482 836 interpolatum]
1508 797 1740 837 Imperatores

1036 845 1224 877 Pontifices
1263 846 1428 878 dicimus!
1463 847 1600 877 Modius.
1646 847 1738 879 Add.

1037 896 1110 928 Liv.
1130 906 1154 927 1.
1171 899 1270 928 20.1.
1293 896 1395 929 Diod.
1413 905 1470 928 111.
1486 900 1518 928 5.
1549 897 1670 927 Nostr.
1686 906 1740 929 xi.

1036 951 1066 979 7.
1084 950 1136 980 1-1.
1171 947 1319 979 Casaub.
1338 947 1380 979 ad
1393 947 1493 979 Suet.
1517 946 1606 988 Aug.
1628 950 1681 979 31.
1710 951 1739 979 1.

1037 999 1136 1030 Rern.

1079 1048 1215 1079 Justitia
1242 1049 1392 1088 reiigione
1417 1049 1589 1090 permixta]
1625 1050 1740 1083 Strab.

1036 1099 1332 1140 δικαιοπραγοῦντες,
1367 1099 1417 1130 καὶ
1450 1102 1603 1137 θεοσεβεῖς
1635 1100 1736 1133 ὄντες.

1037 1150 1141 1188 Bong.

1082 1201 1246 1242 Coalucre]
1289 1202 1326 1232 F.
1353 1202 1520 1234 scribend.
1549 1205 1741 1246 convaluere,

1036 1251 1068 1282 h.
1085 1261 1114 1282 e.
1132 1252 1319 1291 potentiam
1339 1252 1566 1293 acquisivere,
1590 1264 1656 1294 quo
1673 1255 1742 1295 sig-

1035 1300 1175 1333 nificatu
1192 1302 1333 1333 verbum
1347 1302 1409 1334 hoc
1422 1302 1565 1334 Auctori
1578 1304 1738 1336 usitatum

1036 1361 1123 1390 esse,
1139 1361 1230 1392 supr.
1247 1357 1316 1384 not.
1332 1352 1374 1383 ad
1392 1362 1500 1384 xvnx.
1519 1356 1552 1385 4.
1571 1357 1601 1385 1.
1626 1359 1740 1386 osten-

1037 1411 1109 1431 sum
1126 1406 1188 1433 est.
1210 1402 1394 1434 Berneccer.
1426 1403 1566 1434 Certiss.
1582 1408 1636 1435 est
1651 1405 1740 1445 conj.

1036 1451 1244 1482 Berneeceri
1274 1453 1418 1493 legentis
1444 1454 1634 1485 convaluere.
1681 1455 1741 1485 Co-

1035 1502 1166 1532 alescere
1181 1501 1235 1532 hic
1252 1502 1344 1533 locus
1362 1503 1473 1534 nullus
1491 1508 1555 1536 est.
1582 1505 1691 1535 Groev.

1080 1551 1168 1582 CAP.
1184 1560 1239 1582 111.
1266 1553 1317 1592 §1
1360 1553 1443 1593 Opes
1465 1554 1554 1593 genti
1578 1565 1619 1585 ex
1642 1555 1739 1586 vecti-

1034 1601 1160 1640 galibus
1186 1601 1371 1642 opobalsami
1400 1604 1535 1644 crevere]
1580 1606 1636 1636 De
1667 1605 1738 1637 bal-

1037 1661 1141 1689 samo,
1171 1652 1403 1692 opobalsamo,
1438 1663 1477 1684 ac
1506 1654 1738 1694 xylobalsamo

1035 1702 1145 1733 multa
1160 1703 1326 1743 praeclare
1343 1703 1434 1734 Plin.
1447 1713 1513 1736 ΧΠ.
1528 1707 1581 1736 25.
1613 1706 1739 1737 Lector

1036 1752 1177 1793 cogitet,
1202 1753 1270 1784 utri
1298 1753 1441 1784 Auctori
1465 1754 1540 1795 plus
1567 1754 1738 1786 tribuend.

1036 1803 1126 1834 Nam
1153 1803 1187 1833 in
1213 1804 1329 1835 multis
1357 1804 1456 1835 nimis
1487 1804 1656 1837 dissident
1681 1806 1737 1836 hic

1034 1854 1163 1894 Trogus
1183 1863 1223 1885 ac
1240 1854 1384 1885 Plinius.
1429 1854 1545 1895 Trogo
1569 1855 1738 1895 posterior

1036 1903 1180 1943 Plinius,
1202 1903 1314 1935 Plinio
1341 1905 1521 1943 Justinus3
1551 1905 1561 1921 ⁶
1580 1905 1737 1945 Spatium

1033 1953 1126 1993 loci,’
1138 1954 1248 1995 inquit
1263 1955 1430 1993 Justinus,
1445 1956 1454 1971 ‘
1469 1954 1619 1985 ducenta
1630 1954 1737 1985 millia

1027 2003 1150 2044 jugera
1162 2002 1184 2042 ;'
1220 2003 1364 2044 Plinius,
1396 2004 1406 2020 ‘
1431 2003 1574 2035 Duobus
1616 2004 1736 2044 hortis,

1034 2054 1142 2084 altero
1160 2053 1319 2094 jugerum
1346 2063 1413 2085 non
1440 2054 1583 2094 amplius
1601 2063 1664 2086 xx.
1692 2056 1738 2085 al-

1033 2107 1108 2134 tero
1125 2103 1346 2143 pauciorum!
1377 2104 1463 2135 Haec
1479 2104 1567 2136 Plin.
1598 2104 1639 2135 In
1657 2105 1736 2137 Jus-

1034 2153 1105 2184 tino
1121 2163 1273 2185 errorem
1297 2158 1432 2195 putant,
1456 2164 1531 2185 cum
1553 2154 1656 2186 etiam
1677 2157 1735 2186 La-

1032 2203 1150 2234 tinitas
1166 2204 1252 2234 male
1273 2204 1409 2244 habeat,
1434 2205 1443 2222 ‘
1463 2205 1613 2236 ducenta
1632 2206 1736 2237 millia

1026 2254 1175 2295 jugera‚‘
1192 2265 1267 2295 pro,
1283 2256 1429 2287 ducenta
1444 2257 1733 2298 milliajugerum.

1032 2306 1162 2337 Iterum
1188 2306 1362 2338 Justinus:
1392 2308 1402 2324 ‘
1419 2309 1466 2339 Et
1489 2308 1627 2339 arbores
1652 2318 1734 2349 opo-

1031 2355 1173 2387 balsami
1189 2355 1331 2387 formam
1355 2357 1498 2389 similem
1514 2359 1618 2398 piceis
1635 2359 1732 2390 arbo-

1032 2406 1123 2437 ribus
1137 2406 1288 2438 hahent!
1326 2407 1469 2446 Plinius,
1485 2408 1494 2425 ‘
1511 2409 1649 2449 Quippe
1673 2409 1733 2440 viti

1030 2455 1168 2487 similior
1183 2461 1237 2487 est
1251 2467 1350 2498 quam
1366 2457 1503 2497 myrto!
1545 2459 1645 2490 Unde
1670 2469 1732 2500 pro

1027 2506 1124 2544 piceis
1149 2505 1174 2537 f.
1196 2507 1326 2547 myrteis
1353 2508 1487 2547 legend.
1513 2509 1588 2550 quis
1613 2519 1732 2541 censu·

1032 2556 1110 2596 erit,
1149 2556 1238 2597 quod
1267 2557 1324 2587 alii
1360 2557 1462 2597 pineis
1494 2559 1731 2591 emendarunt.

1031 2606 1145 2638 Strab.
1178 2615 1253 2638 xvr.
1289 2607 1430 2647 Cythiso
1461 2612 1497 2639 et
1529 2609 1730 2642 Termintho

1032 2656 1238 2697 persimilem
1256 2655 1352 2688 dicit.
1378 2657 1471 2688 Glar-

1077 2707 1159 2746 Opes
1171 2706 1261 2744 genti
1275 2716 1314 2737 ex
1329 2707 1532 2746 vectigalibus
1545 2708 1730 2749 opobalsami

1029 2755 1166 2795 crevere]
1197 2757 1392 2788 Balsamum
1415 2757 1447 2788 in
1469 2757 1594 2790 Judaea
1608 2769 1729 2800 prove-

1029 2806 1118 2836 nisse
1133 2815 1277 2847 unquam
1299 2811 1379 2838 sunt
1400 2807 1457 2848 qui
1478 2814 1619 2849 negent,
1639 2820 1728 2842 eam-

1030 2865 1095 2896 que
1111 2865 1257 2887 mercem
1273 2856 1409 2888 aliunde
1426 2857 1638 2899 importatam
1654 2870 1728 2892 cre-

1030 2905 1125 2937 dant.
1168 2904 1247 2947 Sed,
1263 2910 1300 2938 ut
1323 2906 1357 2938 in
1380 2906 1531 2949 AEgypto
1547 2914 1582 2942 et
1598 2909 1728 2944 Arabia
