2101 3419
518 371 714 402 JUST1N1
748 371 844 402 ΜΒ.
876 372 960 402 xv,
992 372 1097 402 oAP.
1126 363 1171 403 4.

153 468 272 499 leucus
296 467 350 499 hic
373 467 636 507 cognominatus.

154 517 214 548 inf.
230 526 346 549 xxvn.
364 521 393 549 l.
410 520 440 548 1.
466 517 563 547 Ber-n.

196 569 214 608 ς
230 571 251 598 6
277 569 403 608 Educta,
421 567 487 608 ξω]
521 567 610 598 Saxo
632 575 708 598 x1v.
724 577 757 607 p.
773 569 847 598 278.

154 620 207 649 32.
229 619 238 635 ‘
253 618 309 648 De
323 617 467 648 hostium
482 617 694 648 insecutione
709 616 846 648 edocti.'

197 669 247 708 §8
268 666 481 707 Antiochiam]
506 667 584 697 Non
598 676 709 707 unam,
724 666 783 697 sed
798 666 849 706 ip-

156 727 208 749 sas
237 717 386 748 sedecim
425 727 444 748 a
479 720 579 757 patre
615 716 848 747 denominatas

154 768 163 784 ‘
189 767 387 799 Antiochias
398 767 408 781 ’
438 767 620 798 Seleucum
658 765 850 797 condidisse

155 818 274 849 scribit
286 817 431 859 Appian.
441 816 569 857 Syriae.
582 819 655 847 124.
672 815 706 847 d.
722 825 764 846 ex
779 815 852 856 qui-

155 867 218 898 bus
229 871 330 898 aetate
343 877 403 898 sua
415 866 524 897 adhuc
540 869 659 896 extare
675 874 763 903 eam,
776 874 850 905 quae

156 922 211 948 est
227 916 289 948 sub
305 916 435 948 Libano
456 919 584 954 monte,
597 924 698 955 super
720 914 852 945 Oronte

155 966 190 999 fl.
204 968 313 1009 Syriae
338 965 550 1006 metropolis,
571 964 614 995 de
636 973 702 1006 qua
723 964 852 995 Nostro

155 1017 210 1049 hie
223 1017 314 1049 haud
329 1016 430 1048 dubie
447 1025 570 1046 sermo.
593 1015 693 1046 Ber-n.

203 1068 334 1107 Campos
347 1067 461 1098 vicinos
475 1064 546 1096 urbi
560 1064 701 1104 Apollini
721 1064 853 1105 dicavit]

158 1116 259 1156 Inde,
275 1116 390 1156 credo,
409 1116 419 1133 ‘
434 1113 598 1155 Daphne’
622 1114 787 1155 appellati
803 1113 856 1144 fu-

159 1170 260 1198 erunt
271 1166 382 1206 campi
395 1165 450 1196 isti
462 1176 471 1204 ;
495 1174 515 1194 a
526 1163 673 1203 Daphne
684 1163 857 1204 videlicet,

159 1215 312 1257 Apollini
328 1216 497 1254 adamata,
521 1217 557 1245 et
576 1214 611 1244 in
626 1214 756 1244 laurum
779 1222 858 1244 con·

162 1275 270 1298 versa.
294 1274 411 1297 xxvn.
428 1268 457 1296 1.
472 1268 505 1297 4.
521 1267 530 1282 4
544 1264 696 1305 Daphnae
714 1273 750 1295 se
767 1264 856 1295 clau-

163 1316 235 1348 dit!
265 1316 369 1348 Vorst.

205 1368 224 1408 ξ
239 1370 259 1398 9
283 1366 400 1397 Notum
417 1364 543 1405 generis
561 1363 746 1405 naturalem]
780 1363 790 1381 ‘
802 1364 859 1395 In-

164 1426 310 1458 genuum
329 1414 475 1456 signum'
492 1419 591 1446 vocat
613 1414 739 1445 Auson.
755 1414 858 1445 allato

164 1466 278 1507 paullo
295 1470 373 1497 ante
388 1465 483 1496 loco:
508 1467 516 1481 ‘
534 1464 714 1504 genitivam
727 1464 860 1494 notam'

165 1516 260 1547 Suet.
276 1514 364 1555 Aug.
379 1517 430 1546 80.
447 1517 477 1546 1.
493 1515 618 1552 σημεῖον
633 1512 791 1553 σύμφυτον
814 1514 860 1544 A·

165 1565 276 1596 ristot.
289 1565 322 1595 in
334 1564 410 1595 Art.
424 1563 524 1595 Poet.
571 1564 627 1594 De
643 1563 763 1604 quibus
773 1563 861 1594 haud

680 466 777 498 Alius
792 470 846 498 est

167 1615 312 1655 protrita
340 1613 494 1655 quaedam
527 1613 721 1644 observavit
754 1614 861 1645 Mich.

166 1664 348 1695 Piccartus
371 1662 446 1694 dec.
473 1666 500 1694 l.
523 1673 598 1703 cap.
620 1665 650 1696 7.
694 1663 749 1694 Ita
773 1663 864 1694 Mar-

167 1713 279 1745 cellin.
308 1721 383 1745 xv1.
409 1715 441 1743 7.
468 1711 526 1743 fin.
549 1712 635 1743 dicit
658 1712 668 1729 4
684 1712 863 1752 genuinam

166 1762 412 1801 lenitudinem‚’
425 1762 456 1794 h.
468 1771 498 1792 e.
516 1762 716 1802 ingenitam3
744 1763 864 1803 811ssssss

169 1804 318 1855 hubtne
339 1804 466 1846 miste.
490 1815 588 1845 Rern.

212 1865 281 1904 §u
306 1864 511 1904 Babyloniam
536 1863 631 1904 cepit]
663 1865 764 1896 Diod.
787 1873 864 1896 xlx.

171 1915 243 1944 101.
266 1913 558 1954 Appian.Syriac.
587 1914 695 1952 Bong.

212 1962 324 1993 Auctis
337 1972 376 1993 ecc
390 1963 462 1994 vict.
474 1962 551 2002 vitu]
573 1972 597 1995 1.
614 1966 644 1993 1.
656 1966 689 1994 9.
712 1964 811 1995 Bern.

213 2012 232 2052 ξ
249 2014 287 2043 13
309 2011 545 2052 Sandrocottus]
566 2013 661 2043 Vett.
679 2013 867 2044 δαπάνα-οι·-

170 2065 231 2093 tus.
274 2059 409 2092 Arrian.
435 2069 469 2093 v.
497 2060 728 2101 Σανδρόκοντος.
774 2062 868 2094 Plut.

171 2111 271 2144 Alex.
297 2110 525 2152 Ἀνδρόκοττος.
568 2112 717 2152 Appian.
750 2112 869 2153 Ἀνδρό-

171 2172 270 2192 noros.
313 2160 412 2192 Oros.
427 2161 494 2192 Ms.
520 2160 709 2193 Andracoto.
753 2162 870 2193 Fabri·

171 2213 243 2245 cius
257 2211 457 2243 Sadrocottus
479 2212 588 2244 edidit
613 2223 656 2244 ex
675 2213 790 2245 Strab.
807 2223 869 2246 xv.

174 2263 278 2302 Bong.
334 2262 471 2295 Judicio
509 2263 743 2304 Foeinshemfi,
777 2265 868 2297 Just.

173 2314 381 2344 Androcottus
406 2313 583 2353 scripsisse
607 2314 756 2353 videtur,
771 2315 870 2357 eique

175 2363 261 2402 voci,
283 2372 326 2394 ex
347 2372 452 2404 praec.
477 2363 688 2403 ‘libertatis‚'
713 2364 844 2395 literam
859 2373 874 2395 s

175 2412 346 2453 adjectam
371 2421 488 2444 errore
509 2412 743 2444 librariorum:
768 2413 875 2444 veluti

174 2463 291 2494 multis
307 2462 342 2493 in
363 2466 538 2493 auctorum
562 2462 646 2493 locis
667 2462 875 2493 animadver-

177 2516 250 2544 tere
274 2517 338 2544 est.
395 2512 554 2553 Exempli
591 2522 704 2552 causa,
733 2512 876 2544 Sisenna

177 2562 236 2594 lib.
252 2571 294 2594 11.
320 2571 420 2603 quem
445 2563 469 2594 l.
495 2562 578 2594 citat
601 2561 759 2593 Macrob.
776 2570 827 2594 vl.
844 2564 876 2593 4.

177 2613 187 2629 4
203 2612 316 2644 Scutis
339 2612 513 2653 proiectis,
528 2611 645 2651 tectis,
661 2621 743 2642 saxa
767 2615 876 2642 certa-

179 2661 239 2692 tim
252 2662 406 2693 manibus
418 2661 605 2701 conjiciunt
619 2660 652 2692 in
664 2659 799 2699 hostes:
815 2669 876 2701 pro

180 2710 283 2742 Sentis
296 2711 422 2750 objectis
444 2711 633 2753 tecti‚saoea‚
654 2713 707 2752 ᾅϊ.
749 2710 806 2741 Sic
821 2719 876 2750 ap.

181 2760 328 2792 Nonium
343 2761 377 2791 in
389 2762 571 2802 Focillutur,
583 2771 625 2792 ex
639 2760 787 2792 secundo
795 2760 879 2790 Var-

182 2810 272 2840 ronis
288 2810 331 2840 de
346 2811 427 2842 Vita
450 2811 494 2843 P.
507 2812 549 2843 R.
577 2815 736 2850 corrupte
753 2809 878 2850 legitur

183 2860 192 2877 ‘
209 2863 348 2899 propter
360 2861 524 2892 secundas
537 2860 672 2892 sublato
683 2859 798 2899 metu,'
816 2869 877 2899 pro

181 2919 213 2950 p.
228 2909 356 2940 secunda
371 2918 396 2940 s.
407 2919 449 2942 m.
472 2910 576 2942 Beru.
612 2909 707 2942 Nihil
723 2909 877 2941 mutand.

1503 359 1587 402 867

895 466 995 506 Saepe
1012 466 1101 497 enim
1124 466 1215 506 prior
1236 466 1294 497 illa
1313 465 1413 497 litera
1428 464 1589 496 demitur.

895 515 953 546 Ita
978 515 1104 546 dicitur
1121 514 1335 554 Ἀλμυδησσὺς
1355 520 1391 547 et
1414 516 1592 554 Σαλμυδησ-

896 564 962 603 obs,
986 563 1173 603 Ἐλμοίντικα
1206 564 1411 604 Σελμάντικα,
1442 565 1592 604 'Egi-ravin

896 614 1065 654 Σεξιτανία,
1080 615 1188 652 Ἰνδικὴ
1210 615 1342 654 Σινδικὴ,
1361 615 1503 655 Ἀρδιαῖοι
1515 618 1593 654 Σαρ-

898 667 996 705 διαΐοι,
1007 665 1154 705 Ἀκχηνοὶ
1168 665 1334 705 Σακχηνοὶ,
1350 671 1385 697 et
1401 666 1468 696 alia
1483 666 1592 705 plura.

903 719 992 750 Voss.
1017 718 1168 749 Freinsh.
1184 718 1299 748 mallet
1313 717 1534 754 Androcuttm,
1551 726 1594 747 ex

899 769 992 800 Plut.
1008 773 1044 800 et
1073 767 1218 809 Appian.
1262 767 1401 798 Vossius
1424 767 1505 798 nihil
1525 777 1596 797 mu-

899 818 992 851 tand.
1009 823 1148 850 censet:
1171 818 1278 849 multa
1300 817 1389 848 enim
1404 815 1597 857 hujusmodi

901 877 987 907 esse,
1002 868 1121 909 quibus
1135 868 1157 898 S
1176 867 1217 898 ab
1240 866 1337 897 initio
1350 866 1449 897 modo
1467 874 1599 906 praepo-

901 922 1012 957 natur,
1023 917 1121 948 modo
1132 926 1199 948 non
1211 920 1439 957 praeponatur.
1463 914 1599 945 Arrian.

903 977 1036 1008 quoque
1048 967 1102 999 lib.
1122 977 1154 999 v.
1166 964 1372 1006 Σανδρόκοτον
1384 968 1494 996 vocat.
1524 964 1597 996 Vor.

903 1017 958 1048 Ita
971 1018 1061 1048 Saxo
1077 1026 1115 1048 x.
1137 1026 1170 1057 p.
1186 1019 1258 1047 103.
1274 1019 1306 1047 8.
1327 1016 1336 1033 4
1350 1013 1521 1046 Haraldus
1541 1013 1599 1044 do-

903 1068 1053 1098 mesticae
1069 1067 1238 1098 libertatis
1255 1064 1396 1097 auctor!

949 1118 1087 1148 Titulum
1108 1116 1274 1154 libertatis,
1292 1115 1362 1156 ὅκῃ]
1395 1115 1476 1145 Tac.
1489 1113 1535 1145 H.
1551 1122 1602 1144 lv.

905 1170 958 1199 73.
975 1171 1007 1199 9.
1031 1168 1040 1185 ‘
1053 1166 1210 1199 Libertas
1238 1170 1273 1197 et
1297 1164 1452 1205 speciosa
1468 1162 1604 1194 nomina

905 1221 1151 1258 praetexuntur,
1175 1226 1238 1247 nec
1259 1215 1434 1257 quisquam
1458 1213 1604 1244 alienum

907 1268 1083 1299 servitium
1104 1271 1140 1298 et
1163 1266 1426 1298 dominationem
1446 1264 1508 1294 sibi
1529 1272 1607 1294 con-

908 1318 1051 1358 cupivit,
1068 1321 1107 1348 ut
1127 1326 1195 1348 non
1219 1316 1338 1347 eadem
1363 1316 1429 1346 ista
1442 1313 1607 1345 vocabula

907 1366 1112 1408 usurparet.'
1136 1366 1178 1397 In
1189 1376 1288 1407 quam
1299 1365 1500 1397 sententiam
1513 1372 1606 1403 egre-

910 1418 964 1457 gie
991 1417 1033 1447 de
1060 1417 1317 1456 Corcyraeorum
1341 1414 1507 1446 seditione
1521 1412 1608 1443 Thu-

910 1467 986 1507 cyd.
1001 1476 1058 1500 111.
1074 1470 1126 1498 13.
1144 1469 1195 1498 14.
1220 1467 1319 1497 Bern.

954 1519 970 1557 ᾧ
989 1520 1028 1548 1-1
1056 1516 1291 1556 Vindicaverat]
1321 1514 1483 1545 Vincent.
1503 1513 1511 1529 ‘
1526 1511 1609 1543 libe-

911 1567 1068 1599 raverat.’
1112 1567 1157 1597 Et
1174 1575 1235 1605 pro
1255 1565 1264 1582 ‘
1279 1562 1435 1596 detersit'
1456 1564 1537 1604 §12
1553 1562 1610 1592 ha-

911 1616 971 1647 bet
987 1616 996 1633 ‘
1012 1613 1195 1646 abstersit!

956 1667 972 1707 ξ
991 1668 1030 1696 18
1055 1665 1137 1703 Hoc,
1152 1663 1221 1703 iffa]
1242 1662 1378 1695 Saresb.
1395 1660 1461 1693 ‘H.
1473 1670 1505 1701 p.
1523 1658 1610 1701 p-ad

914 1726 940 1747 s.
957 1725 982 1746 r.
998 1715 1180 1755 majestate
1205 1713 1327 1754 (marg.
1349 1708 1613 1750 majestatemque)

915 1764 1034 1796 ominis
1049 1763 1210 1803 impulsus
1222 1761 1300 1793 est.¹
1326 1762 1489 1792 Vincent.
1511 1760 1520 1777 ‘
1533 1768 1613 1790 con-

915 1818 1026 1845 tracta
1041 1822 1142 1844 manu
1167 1813 1337 1843 latronum
1351 1810 1372 1849 ;'
1395 1810 1501 1852 quiin
1525 1811 1613 1850 §19.

916 1875 979 1906 pro
993 1865 1002 1882 ‘
1017 1863 1193 1895 Molienti’
1209 1863 1314 1893 habet
1328 1863 1337 1880 ‘
1353 1860 1531 1892 Moventi!
1556 1861 1615 1891 Sa-

915 1916 1005 1947 resb.
1031 1915 1160 1946 omittit
1187 1915 1196 1931 ‘
1211 1913 1326 1954 ferus,'
1357 1922 1419 1953 pro
1446 1913 1454 1929 ‘
1468 1910 1617 1951 excepit’

915 1965 1019 1996 habet
1034 1965 1043 1981 4
1059 1964 1171 2005 cepit'
1187 1964 1287 2004 male,
1307 1967 1344 1994 et
1359 1963 1447 1993 inter
1461 1962 1470 1978 4
1483 1961 1620 2002 praelia-

917 2015 988 2046 tor’
1016 2019 1052 2046 et
1076 2016 1086 2032 4
1105 2014 1266 2055 insignis’
1287 2012 1477 2054 interponit
1500 2012 1510 2029 ‘
1524 2015 1617 2053 post·

917 2064 1081 2097 modum!

959 2116 1012 2146 Aa·
1022 2115 1191 2146 novitatem
1206 2113 1312 2154 regni]
1343 2113 1422 2144 Hoc
1437 2111 1617 2143 admodum

919 2169 1112 2206 suspectum
1124 2168 1189 2195 est.
1234 2165 1344 2204 Supra
1360 2167 1454 2195 certe
1469 2162 1617 2201 dicebat,

919 2214 1180 2246 Sandrocottum
1206 2214 1295 2245 hunc
1321 2217 1496 2244 auctorem
1521 2212 1618 2242 Indis

921 2265 1076 2296 extitisse
1086 2264 1272 2304 libertatis3
1297 2262 1463 2304 quomodo
1473 2272 1554 2303 ergo
1563 2262 1619 2294 hic

922 2324 981 2347 eos
1006 2314 1169 2346 sollicitat
1185 2314 1227 2344 ad
1251 2313 1414 2353 regnum?
1458 2313 1531 2353 Ego
1554 2322 1620 2343 non

922 2364 1055 2404 dubito,
1070 2364 1151 2405 quin
1164 2364 1284 2395 vocula
1299 2373 1428 2403 regnum
1439 2361 1492 2394 hic
1505 2372 1524 2394 a
1536 2363 1623 2402 glos-

923 2418 1037 2445 satore
1054 2413 1099 2444 sit
1114 2413 1256 2452 intrusa,
1272 2422 1372 2453 quam
1389 2421 1431 2443 ex
1447 2411 1620 2452 praecedd.

924 2463 1100 2501 desumsit,
1115 2462 1149 2492 in
1166 2461 1286 2503 quibus
1300 2462 1424 2502 legitur
1437 2462 1446 2479 ‘
1460 2461 1503 2492 ad
1526 2471 1621 2502 spem

924 2512 1020 2553 regni
1033 2511 1217 2553 impulsus!
1247 2511 1389 2542 Putavit
1401 2510 1489 2541 enim
1505 2510 1514 2527 ‘
1528 2510 1622 2540 novi-

924 2561 1049 2593 tatem’
1065 2561 1165 2592 istam
1181 2560 1223 2591 de
1235 2570 1339 2601 regno
1355 2559 1623 2599 intelligendam,

925 2611 1015 2652 quod
1038 2610 1284 2641 Sandrocottus
1308 2608 1517 2640 affectabat:
1545 2618 1622 2639 cum

925 2666 934 2680 ‘
948 2660 1098 2692 novitas'
1126 2660 1180 2691 hic
1215 2658 1387 2699 significet
1421 2668 1474 2689 res
1505 2667 1622 2690 novas.

926 2711 982 2742 Sic
998 2711 1127 2741 Noster
1150 2709 1226 2749 ipse
1249 2717 1345 2739 xxn.
1362 2711 1395 2739 6.
1416 2708 1426 2724 4
1441 2708 1551 2738 Etiam
1568 2717 1624 2739 ur-

926 2760 986 2791 bes
1017 2758 1229 2790 nobilissimae
1253 2757 1440 2789 novitatem
1471 2757 1625 2789 secutae-³

928 2810 1036 2848 Scltef.

972 2861 989 2899 ξ
1015 2861 1056 2890 19
1099 2857 1204 2889 Veluti
1233 2857 1350 2888 domita
1378 2856 1625 2897 mansuetudine]

928 2910 1054 2942 Mirum
1077 2907 1264 2950 epitheton.
1308 2908 1399 2940 Num
1421 2907 1510 2939 euim
1531 2917 1625 2944 man-
