2101 3419
747 370 795 400 IN
834 367 1103 400 Jth'rlNUM.

252 463 416 495 Providere
460 464 648 496 sterilitatem
681 471 752 496 ante
792 467 903 496 multos

209 517 305 537 annos
328 509 427 543 xxxvi,
442 510 474 543 2,
491 510 510 538 9
533 507 674 538 omnibus
690 514 811 539 strenue
832 520 902 550 pro-

209 551 281 580 visis
305 550 403 585 xxxiv,
420 553 451 585 2,
468 553 481 581 l

252 592 422 622 Provinciae
451 592 609 632 imperium
644 602 795 633 occupare
830 594 902 629 xliv,

207 637 238 668 5,
256 638 272 665 l
298 635 451 674 regionem
468 634 499 664 in
515 635 640 665 formam
666 634 831 675 provinciae
856 646 902 666 re-

206 677 310 716 digere
333 677 431 712 xxxix,
447 680 479 711 5,
495 679 524 707 3.
548 677 619 712 xliv,
632 681 663 713 5,
679 680 698 708 S
724 678 822 707 ventis
837 688 902 707 om-

207 728 277 748 nem
306 719 493 758 provinciam
524 719 753 758 penetrantibus
773 720 845 755 xliv,
871 723 900 756 1,

206 763 247 790 10
271 762 456 790 turbatarum
470 760 691 801 provinciarum
706 767 805 792 motus
821 762 902 799 xxvi,

207 805 237 836 1,
254 805 273 832 4
298 802 460 842 provinciis
475 803 545 833 exui
568 803 648 839 xxxi,
671 807 703 838 5,
725 807 746 835 9
778 805 902 844 provin-

206 844 319 874 ciarum
343 845 423 874 inter
446 844 614 875 Alexandri
641 856 830 877 successores
854 847 901 877 di-

205 886 282 916 visio
309 887 371 922 xiii,
388 890 420 922 4,
435 890 456 917 9

247 929 418 959 Provocare
433 929 505 969 (pro
518 928 646 968 elicere)
668 940 717 966 xx,
732 934 764 966 4,
781 933 799 961 7
828 931 900 972 (pro

205 970 369 1010 lacessere)
393 982 422 1006 v,
439 974 470 1006 4,
488 974 539 1001 11.
563 972 604 1006 xi,
622 975 652 1007 1,
668 976 686 1002 5
716 973 833 1002 hostem
857 974 900 1010 iii,

204 1016 236 1047 7,
253 1016 271 1044 3
296 1013 431 1044 Freinsh.
456 1019 637 1054 provocatus
651 1019 742 1045 antea
757 1015 821 1055 pari
837 1026 900 1045 mu-

205 1065 277 1085 nere
293 1057 349 1096 (de
365 1067 401 1086 eo
417 1058 468 1096 qui
485 1056 582 1086 simile
600 1066 708 1087 munus
723 1058 900 1097 acceperat)

204 1108 254 1133 xv,
270 1101 301 1132 2,
321 1101 340 1129 7
374 1099 476 1128 hostes
503 1098 542 1127 ad
568 1098 704 1138 praelium
730 1105 901 1139 provocant

204 1139 248 1174 iii,
277 1143 308 1175 7,
339 1143 356 1171 3
395 1144 541 1181 provocat
568 1141 805 1172 misericordiam
835 1143 899 1172 haec

205 1187 278 1211 :etas
300 1182 383 1218 xviii,
401 1187 432 1218 6,
450 1186 490 1213 12
514 1193 678 1222 provocare
704 1184 817 1214 rabiem
844 1185 899 1215 ali-

204 1223 293 1264 cujus
314 1224 395 1261 xxiV‚
411 1228 442 1258 2,
457 1229 477 1256 6
501 1235 583 1254 arma
604 1225 708 1262 xxviii,
720 1228 751 1261 3,
766 1229 804 1257 13
831 1237 899 1267 pro-

203 1271 329 1296 vocatus
345 1267 525 1297 crudelitate
542 1267 635 1306 patris
661 1268 759 1303 xxxiv,
775 1272 806 1304 4,
823 1273 843 1300 2

245 1308 433 1339 Provocator
455 1321 484 1344 x,
500 1312 531 1345 3,
548 1312 578 1340 3.
605 1309 688 1344 xxiii,
702 1313 734 1346 4,
752 1314 792 1341 12

246 1350 389 1381 Provolvi
412 1352 541 1392 genibus
566 1351 637 1391 (pro
662 1352 796 1389 advolvi,
819 1353 899 1384 acci-

203 1393 292 1431 dere)
317 1394 358 1428 xi,
373 1397 404 1429 9,
422 1397 462 1426 14
485 1394 622 1423 Freinsh.

245 1435 342 1465 Prout
365 1436 446 1472 xxvi,
464 1439 492 1471 1,
509 1439 539 1466 3.
564 1435 687 1475 xxxviii,
702 1439 733 1472 9,
751 1440 791 1467 10

245 1477 385 1508 Prudens
400 1478 528 1508 consilio
551 1478 592 1513 ix,
609 1481 640 1514 8,
659 1481 698 1509 13

246 1520 366 1550 Prusias
392 1520 538 1557 Venator,
559 1520 719 1561 Bithyniae
741 1532 801 1557 rex,
828 1532 897 1552 cum

202 1560 340 1593 Eumene
357 1563 468 1593 bellum
486 1564 563 1604 gerit
590 1563 680 1599 xxxii,
696 1566 727 1600 4,
744 1567 764 1595 2
790 1575 807 1594 a
833 1565 896 1595 filio

202 1604 381 1635 interficitur
402 1606 501 1641 xxxiV,
517 1609 548 1641 4,
564 1609 582 1636 5

246 1647 431 1678 Ptolemaeus
466 1647 544 1688 Lagi
571 1647 641 1688 (qui
670 1652 702 1677 et
731 1648 829 1684 Soter,
866 1654 898 1679 et

201 1688 355 1729 Magnus)
379 1695 529 1720 venenata
551 1689 660 1730 sagitta
688 1690 778 1726 ictus,
804 1692 895 1721 herba

201 1741 256 1771 per
271 1732 405 1772 quietem
421 1732 596 1763 Alexandro
621 1737 788 1763 monstrata
811 1744 900 1763 sana-

202 1779 251 1803 tur
274 1774 325 1810 xii,
342 1777 394 1810 10,
411 1778 429 1805 3
466 1774 624 1804 Aridaeum
650 1785 752 1814 regem
781 1782 900 1806 recusat

201 1816 266 1852 xiii,
282 1820 314 1852 2,
328 1819 365 1847 11
384 1817 415 1846 in
431 1817 581 1847 divisione
596 1817 715 1856 imperii
730 1816 898 1849 Alexandri

201 1859 344 1898 AEgyptu
351 1870 377 1888 m
390 1863 421 1888 et
429 1859 582 1895 Arabiam,
597 1858 771 1899 Africaeque
783 1865 898 1900 partem

201 1901 315 1940 accipit
337 1901 399 1936 xiii,
412 1904 445 1937 4,
459 1905 498 1932 10
522 1901 666 1942 Cyrenen
680 1902 810 1941 acquirit
833 1903 897 1938 xiii,

199 1945 231 1978 6,
251 1946 292 1973 20
316 1943 430 1972 bellum
460 1954 529 1974 curn
555 1943 703 1973 Perdicca
732 1944 810 1983 gerit
835 1945 899 1982 xiii,

200 1988 231 2019 8,
250 1989 265 2016 1
290 1995 359 2015 cum
373 1985 532 2026 Antigono
556 1997 605 2021 xV,
620 1989 680 2021 1,4
707 1985 898 2017 Demetrium

201 2027 297 2057 vincit
318 2038 367 2062 xV‚
383 2030 412 2062 1,
428 2031 448 2058 6
473 2033 505 2058 et
519 2038 618 2058 rursus
632 2029 670 2058 ab
686 2028 752 2068 ipso
767 2029 899 2060 vincitur

202 2080 251 2105 xv,
269 2073 300 2105 2,
316 2073 336 2100 6
359 2079 410 2100 rex
425 2071 599 2111 appellatur
613 2081 663 2106 κν,
679 2074 710 2105 2,
727 2074 763 2102 11
784 2072 896 2102 bellum

200 2123 269 2142 cum
301 2111 459 2142 Demetrio
488 2113 565 2153 gerit
595 2113 655 2148 xvi,
671 2116 702 2147 2,
721 2117 737 2144 1
770 2124 896 2154 regnum

199 2155 308 2184 minori
324 2165 361 2184 ex
374 2154 443 2184 filiis
459 2156 551 2185 tradit
573 2155 634 2192 xvi,
646 2159 677 2191 2,
694 2158 713 2186 7

241 2196 427 2226 Ptolemaeus
442 2197 667 2238 Philadelphus
683 2197 754 2238 (qui
764 2197 806 2228 D.
819 2198 894 2229 Hie-

199 2249 328 2280 ronymo
340 2239 540 2280 φερνοφόρος)
552 2251 677 2281 regnum
689 2250 706 2270 a
715 2246 800 2280 patre
814 2242 894 2271 acci-

199 2281 246 2320 pit
267 2281 326 2316 xvi,
343 2285 374 2316 2,
390 2284 410 2312 7
434 2282 570 2313 Freinsh.
608 2283 820 2313 reconciliatur
835 2284 894 2314 fra-

200 2323 237 2352 tri
259 2322 332 2359 xvii,
346 2326 377 2358 2,
394 2327 414 2354 9

241 2364 427 2395 Ptolemaeus
451 2365 610 2396 Ceraunus
632 2365 712 2402 xxiv,
730 2369 760 2401 1,
784 2371 800 2398 1
839 2367 893 2398 Se-

199 2406 320 2437 leucum
336 2407 450 2437 occidit
472 2409 543 2444 xvii,
560 2412 591 2444 2,
607 2411 627 2440 4
650 2419 781 2439 sororem
807 2410 894 2439 ducit

199 2449 272 2485 xvii,
287 2452 319 2485 2,
334 2453 364 2480 7.
389 2450 468 2485 xxiv,
482 2454 501 2481 2
518 2458 550 2480 et
564 2453 582 2481 3
607 2461 661 2490 per
674 2456 731 2480 tot.
764 2451 893 2492 ejusque

198 2490 277 2521 filios
291 2491 365 2528 vita,
382 2492 478 2532 ipsam
494 2503 586 2532 regno
601 2493 709 2533 privat,
722 2493 796 2522 ibid.
820 2495 893 2524 Ma-
911 2521 913 2524 .

197 2534 360 2565 cedoniam
375 2540 508 2574 occupat
529 2535 609 2571 xxiv,
623 2538 653 2571 1,
666 2538 686 2566 8
711 2535 860 2566 occiditur
875 2547 893 2567 a

198 2575 296 2606 Gallis
318 2577 398 2611 xxiV,
413 2581 443 2613 5,
457 2580 477 2607 6

239 2618 425 2649 Ptolemaeus
440 2619 607 2659 Euergetes
616 2619 731 2649 bellum
742 2629 810 2649 cum
824 2619 892 2649 An-

198 2660 303 2700 tigono
319 2661 427 2691 minori
442 2661 518 2701 gerit
540 2661 620 2697 xxvi,
637 2664 669 2697 2,
685 2664 702 2692 l
719 2662 891 2693 Berenicen

196 2702 294 2733 fratris
316 2704 409 2733 filiam
433 2704 520 2734 ducit
541 2703 620 2739 xxvi,
646 2707 677 2740 3,
702 2706 722 2734 2
756 2705 848 2734 sorori
874 2715 891 2734 a

197 2744 326 2776 Seleuco
343 2746 495 2777 Callinico
512 2747 641 2776 obsessae
668 2746 780 2776 auxilio
808 2747 893 2777 venit

197 2788 290 2824 xxvii,
307 2791 369 2824 1,6
391 2789 553 2819 Seleucum
569 2788 667 2819 vincit
698 2789 790 2825 xxvii,
815 2793 848 2825 2,
870 2793 891 2821 6

197 2831 253 2859 sub
268 2831 371 2870 specie
387 2831 507 2861 sororiae
523 2831 667 2861 vindictae
689 2830 773 2861 Asiae
794 2831 892 2862 inhiat

197 2872 288 2907 xxvii,
305 2876 336 2909 3,
351 2876 370 2904 4
394 2873 584 2904 Antiochum
608 2873 770 2904 Hieracem
791 2875 831 2904 ad
858 2885 890 2905 se

197 2914 424 2956 confugientem
440 2917 471 2947 in
487 2915 628 2948 custodia
640 2916 733 2947 habet
751 2916 843 2954 xxvii,
858 2920 888 2955 3,

1576 357 1647 398 cxi

956 469 994 497 11
1021 464 1202 496 interficitur
1217 475 1235 495 a
1249 465 1311 495 filio
1335 465 1438 502 xxviii,
1453 468 1484 501 4,
1503 469 1552 498 11.
1568 468 1648 503 xxix,

957 512 986 545 l,
1002 513 1020 538 5

999 550 1184 580 Ptolemaeus
1200 549 1380 590 Philopator
1396 550 1544 590 parricida
1568 552 1649 587 xxix,

955 594 985 627 l,
999 596 1016 622 5
1041 593 1108 633 ejus
1126 592 1187 622 vita
1201 598 1232 623 et
1246 593 1346 622 obitus
1370 603 1439 628 xxx,
1457 596 1471 623 1
1499 599 1530 623 et
1554 597 1574 624 2
1597 604 1651 634 per

954 639 1051 664 totum

998 676 1185 706 Ptolemaeus
1198 675 1376 716 Epiphanes
1399 687 1468 712 xxx,
1480 680 1512 714 2,
1525 680 1545 708 6
1568 677 1649 708 bello

953 718 991 748 ab
1008 718 1162 748 Antiocho
1180 719 1292 757 petitur
1314 719 1395 754 xxxi,
1413 722 1442 754 1,
1460 723 1472 750 l

999 760 1185 790 Ptolemaeus
1214 760 1404 790 Philometor
1429 762 1467 791 ab
1489 760 1648 792 Antiocho

952 801 1115 842 Epiphane
1144 802 1297 832 avunculo
1326 813 1381 832 suo
1419 803 1499 833 bello
1534 804 1650 843 petitur

952 845 1051 880 xxxiv,
1080 848 1111 880 2,
1139 848 1158 875 7
1196 850 1302 875 contra
1332 844 1523 875 Demetrium
1553 846 1649 886 Syria:

952 897 1052 926 regem
1069 886 1176 917 Balam
1191 888 1345 927 quendam
1356 887 1447 927 juvat
1469 899 1558 924 xxxv,
1573 892 1602 923 l,
1618 892 1649 919 6.

951 929 1052 965 xxxix,
1070 933 1100 965 1,
1117 933 1135 960 5
1159 939 1229 958 mox
1245 935 1351 959 contra
1375 930 1468 966 hunc,
1498 930 1648 961 Demetrii

953 971 1048 1001 filium
1071 972 1170 1006 xxxix,
1186 975 1218 1007 2,
1235 975 1254 1002 2

995 1014 1180 1044 Ptolemaeus
1210 1014 1386 1054 Euergetes,
1416 1014 1485 1054 (qui
1502 1019 1532 1044 et
1547 1014 1649 1055 Phys-

951 1056 1040 1095 con),
1069 1057 1232 1096 superioris
1265 1056 1357 1086 frater
1379 1057 1460 1091 xxixa
1486 1059 1517 1091 2,
1545 1060 1563 1087 8
1596 1068 1646 1086 rex

952 1099 1087 1139 AEgypti
1110 1099 1144 1127 fit
1166 1098 1290 1133 xxxviii,
1307 1102 1337 1134 8,
1353 1102 1372 1129 2
1395 1099 1464 1140 ejus
1488 1109 1586 1129 mores
1615 1105 1647 1130 et

951 1140 1098 1175 facinora,
1115 1141 1189 1171 ibid.
1215 1151 1292 1170 mors
1315 1141 1415 1177 xxxix,
1431 1144 1462 1176 3,
1479 1144 1495 1171 1

993 1183 1179 1213 Ptolemaeus
1205 1183 1357 1213 Lathurus
1386 1194 1479 1224 regno
1513 1193 1530 1213 a
1553 1189 1647 1213 matre

951 1224 1075 1266 pellitur
1090 1226 1189 1261 xxxix,
1205 1229 1237 1261 4,
1252 1229 1267 1256 1
1291 1227 1343 1255 sed
1361 1231 1431 1266 post
1442 1226 1508 1265 ejus
1522 1232 1648 1256 mortem

950 1278 966 1297 a
984 1268 1101 1307 populo
1114 1272 1273 1298 revocatur
1295 1268 1395 1304 xxxix,
1412 1272 1443 1304 5,
1456 1272 1476 1299 2

994 1309 1180 1340 Ptolemaeus
1195 1309 1298 1350 Apion
1316 1310 1507 1351 Cyrenarum
1526 1320 1575 1340 rex
1592 1320 1648 1350 po-

951 1351 1056 1391 pulum
1100 1352 1275 1382 Romanum
1316 1353 1468 1382 haeredem
1515 1352 1648 1382 instituit

950 1394 1051 1429 xxxix,
1065 1399 1096 1429 5,
1108 1398 1127 1425 2

993 1437 1179 1467 Ptolemaeus
1210 1436 1320 1478 Pyrrhi
1350 1436 1430 1465 filius
1464 1435 1548 1472 xviii,
1572 1439 1601 1472 1,
1626 1440 1644 1467 3

948 1477 1139 1518 Antigonum
1170 1479 1315 1509 minorem
1345 1479 1439 1508 vincit
1475 1490 1543 1513 xxv,
1572 1482 1602 1514 3,
1627 1484 1647 1510 8

949 1520 1099 1551 occiditur
1115 1532 1183 1557 xxV,
1197 1525 1227 1557 4,
1244 1525 1264 1552 6
1280 1521 1346 1562 ejus
1363 1521 1503 1561 praeclara
1513 1522 1647 1552 facinora

948 1573 1017 1598 xxV,
1034 1567 1065 1600 4,
1079 1568 1098 1594 8

991 1606 1127 1636 Puberes
1145 1606 1229 1646 pueri
1252 1606 1296 1642 iii,
1313 1608 1344 1641 3,
1360 1609 1380 1637 6

991 1648 1165 1678 Pubertatis
1194 1649 1266 1678 anni
1299 1649 1340 1683 ix,
1357 1653 1387 1684 6,
1404 1651 1434 1678 5.
1472 1647 1546 1684 xxii,
1570 1651 1598 1684 l,
1615 1651 1646 1679 4.

952 1700 1020 1725 xxV,
1035 1694 1065 1725 2,
1080 1694 1099 1721 2
1123 1691 1243 1720 initium
1267 1690 1349 1726 xxiii,
1367 1695 1395 1726 l,
1413 1693 1432 1720 8

994 1733 1233 1763 Publicanorum
1249 1733 1342 1763 sectio
1360 1731 1481 1768 xxxviii,
1493 1735 1524 1768 7,
1541 1736 1560 1763 8

991 1775 1155 1805 Publicare
1171 1776 1327 1805 reticenda
1349 1775 1370 1810 i,
1386 1779 1418 1809 7,
1433 1778 1470 1805 15
1506 1775 1645 1815 publica—

950 1820 998 1846 tus
1024 1819 1096 1857 (pro
1124 1819 1258 1853 detecto,
1284 1817 1457 1858 patefacto)
1480 1816 1512 1852 ii,
1535 1820 1585 1852 15.
1604 1821 1642 1848 17

949 1858 1086 1889 Freinsh.

991 1902 1119 1932 Publice
1132 1901 1288 1932 convivari
1310 1901 1354 1937 iii,
1369 1904 1400 1938 3,
1415 1904 1434 1932 4
1462 1901 1584 1941 publice
1600 1912 1645 1932 re-

948 1944 1083 1974 demtum
1101 1954 1211 1984 corpus
1227 1945 1276 1984 (id
1292 1949 1349 1979 est,
1366 1944 1498 1984 pecunia
1510 1945 1644 1984 publica,

948 1987 1079 2026 pecunia
1096 1986 1188 2016 totius
1204 1986 1328 2027 populi)
1350 1987 1401 2022 xii,
1418 1990 1450 2021 2,
1462 1989 1500 2017 15
1518 1987 1621 2017 Vorst.

989 2029 1153 2060 Publicum
1167 2029 1238 2068 (pro
1253 2040 1290 2059 eo
1302 2029 1385 2068 quod
1399 2039 1504 2059 omnes
1517 2029 1644 2058 omnino

946 2070 1084 2101 homines
1101 2071 1274 2111 concernit)
1298 2071 1381 2106 xviii,
1398 2074 1480 2106 3,18
1508 2071 1644 2101 Freinsh-

945 2113 977 2143 in
993 2114 1150 2153 publicum
1167 2114 1286 2144 evolare
1312 2114 1344 2148 ii,
1372 2117 1402 2148 7,
1429 2116 1469 2144 10
1503 2115 1644 2154 progredi

945 2156 978 2191 ii,
994 2159 1025 2191 8,
1041 2159 1060 2187 ⁷
1084 2157 1249 2196 procedere
1272 2156 1374 2190 xxviii,
1391 2159 1421 2191 3,
1447 2159 1484 2187 11
1525 2157 1644 2195 prodire

946 2199 1046 2233 xxxvi,
1059 2202 1090 2234 4,
1105 2201 1124 2229 2
1148 2199 1191 2228 ire
1216 2209 1269 2239 per
1294 2199 1449 2239 publicum
1487 2198 1547 2234 xvi,
1567 2203 1599 2232 5,
1623 2203 1644 2230 9

946 2240 1060 2280 publici
1074 2241 1189 2271 reditus
1212 2241 1251 2276 vi,
1268 2244 1299 2276 9,
1314 2244 1332 2272 3
1350 2241 1473 2281 publica
1485 2240 1530 2269 vis
1540 2241 1644 2276 xxviii,

944 2286 975 2318 2,
992 2286 1012 2313 9
1035 2283 1158 2323 publica
1173 2284 1279 2313 debita
1301 2283 1424 2318 xxxviii,
1439 2285 1470 2318 3,
1487 2286 1506 2313 9
1541 2283 1642 2322 publi-

945 2335 981 2354 ca
997 2326 1130 2365 pecunia
1145 2328 1232 2365 (quae
1248 2330 1293 2356 est
1309 2325 1416 2364 populi
1437 2330 1468 2355 et
1492 2325 1641 2365 civitatis)

943 2367 984 2402 iv,
1001 2372 1031 2402 5,
1052 2371 1067 2398 l
1097 2368 1200 2399 Vorst.
1235 2367 1365 2407 publicae
1392 2367 1470 2397 inter
1497 2367 1640 2407 populos,

943 2419 1006 2438 uon
1030 2409 1154 2449 privatae
1170 2411 1249 2440 inter
1262 2411 1368 2444 duces,
1392 2409 1528 2439 bellandi
1540 2420 1641 2439 causa:

943 2456 1014 2480 sunt
1026 2452 1105 2487 xxxi,
1121 2455 1153 2487 4,
1168 2455 1186 2482 7
1211 2451 1335 2492 publico
1348 2452 1452 2481 funere
1468 2451 1578 2481 Romae
1595 2452 1643 2481 in-

942 2494 1085 2523 cendium
1098 2499 1323 2534 prosequuntur
1336 2494 1545 2524 Massilienses
1565 2494 1642 2531 xliii,

942 2539 973 2571 5,
990 2538 1011 2566 9

985 2578 1089 2608 Pudet
1110 2577 1318 2608 Alexandrum
1334 2577 1459 2609 nutricis
1478 2589 1540 2608 suae
1562 2579 1639 2620 (hoc

942 2625 1000 2656 est,
1016 2621 1133 2660 pudore
1149 2621 1288 2656 afficitur,
1309 2621 1392 2662 quod
1416 2631 1448 2651 se
1472 2626 1534 2650 tam
1559 2622 1639 2651 male

941 2667 1047 2692 contra
1062 2662 1158 2703 ipsam
1174 2663 1312 2703 gesserit.
1353 2665 1399 2694 Er
1420 2664 1556 2694 schiimet
1572 2664 1638 2695 siclt

933 2705 996 2743 fiir
1017 2705 1085 2745 ihr)
1108 2705 1161 2741 xii,
1176 2709 1207 2741 6,
1225 2709 1264 2736 10
1284 2705 1423 2736 Freinsh.
1456 2707 1636 2746 pudendum

941 2757 1037 2788 genus
1059 2748 1143 2784 xxiii,
1159 2751 1190 2784 4,
1206 2752 1224 2778 5

980 2790 1188 2826 ,Pudibundus
1204 2790 1246 2820 vir
1268 2789 1390 2826 xxxviii,
1404 2793 1435 2826 8,
1452 2793 1493 2821 10

983 2831 1138 2862 Pudicitia
1170 2843 1274 2862 verum
1309 2837 1511 2862 matronarum
1549 2843 1637 2862 orna-

941 2879 1075 2904 mentum
1098 2885 1148 2910 xx,
1161 2878 1193 2911 4,
1211 2878 1250 2905 12
1275 2875 1431 2914 pudicitiae
1447 2875 1555 2904 sororis
1571 2875 1637 2905 vin-

940 2917 1025 2948 dicta
1045 2917 1077 2953 ii,
1093 2919 1125 2954 9,
1141 2921 1159 2949 5
1183 2917 1333 2958 pudicitia
1347 2918 1384 2947 ab
1401 2917 1541 2948 omnibus
1567 2918 1637 2948 viris
