2101 3419
396 347 482 389 898

395 453 430 482 la
445 451 552 493 (unde
580 451 589 468 ‘
603 460 707 483 nuces
722 451 908 483 Avellanas
919 451 927 464 ’
953 451 1095 484 deducit

397 500 553 532 Maciob.
581 501 654 533 Sat.
677 510 702 533 1.
725 500 796 543 14.)
828 502 897 533 vid.
928 502 1024 534 Serv.
1051 502 1094 533 ad

395 551 519 592 Virgil.
533 552 606 584 AEn.
619 561 687 584 vn.
702 555 778 583 740.
825 553 999 583 Coloniam
1019 562 1095 593 pos-

396 602 576 633 terioribus
590 603 797 643 temporibus
813 601 952 643 factam,
976 606 1095 634 auctor

398 656 452 683 est
469 652 624 683 Frontin.
649 653 700 684 Id.

439 704 512 744 §15
540 704 718 744 Tarentini]
757 704 1095 735 Memorabilemhis-

397 753 517 784 toriam
557 753 703 784 conditae
733 754 825 785 urbis
859 754 997 785 Tarenti
1026 753 1095 786 vid.

396 803 577 844 ap.strab.
593 813 641 835 vr.
659 805 761 835 Paus.
780 805 812 834 in
831 805 1000 844 Phocicis,
1021 804 1095 834 Sta-

395 855 477 884 tium
503 853 546 884 ad
570 854 690 895 Virgil.
712 854 787 886 AEn.
814 864 871 885 111.
898 858 972 886 551.
998 854 1094 885 alios·

395 913 473 944 que.
499 904 551 935 Id.

437 953 580 993 Spurios]
626 954 679 985 De
707 954 826 996 quibus
854 955 896 985 ad
923 964 979 987 111.
1009 957 1040 986 4.
1061 958 1093 986 7.

396 1004 495 1035 Idem.
541 1005 783 1036 Laced'aemone
814 1004 999 1045 profectos,
1036 1005 1095 1045 qui

395 1056 580 1086 Tarentum
606 1056 789 1087 condidere
806 1065 862 1086 111.
884 1058 916 1087 4.
932 1058 963 1087 7.
1009 1056 1094 1086 Par-

392 1106 536 1145 thenias,
552 1105 612 1136 ἀπὸ
633 1107 689 1143 τῆς
713 1105 860 1146 παρθένου
884 1116 930 1136 sc.
956 1109 1093 1136 vocatos

394 1155 500 1186 fnisse
516 1157 644 1188 scribit.
690 1157 775 1189 Quae
802 1160 915 1187 tamen
944 1155 1092 1195 appella·

393 1206 442 1237 tio
459 1206 501 1237 ad
524 1206 570 1237 id.
586 1206 668 1237 illud
686 1206 846 1246 pertinet,
864 1210 902 1237 ut
919 1215 976 1236 eos
993 1206 1002 1222 ‘
1015 1215 1092 1245 spu-

392 1256 481 1287 rios'
508 1255 611 1287 fuisse
641 1256 899 1296 intelligeretur.
945 1255 1092 1286 Additur

394 1307 482 1337 enim
499 1306 699 1337 Parthenias
716 1310 853 1337 vocatos
870 1315 944 1337 esse
959 1308 969 1323 ‘
982 1305 1025 1337 ob
1035 1315 1092 1336 no-

392 1362 460 1388 tam
478 1358 623 1388 materni
640 1357 799 1398 pudoris!
826 1357 899 1387 Vor.

438 1410 455 1448 ᾗ
474 1411 513 1439 16
533 1407 738 1438 Thurinorum
748 1406 867 1446 urbem]
893 1407 976 1437 Qnae
991 1409 1093 1436 antea

391 1457 552 1499 Sybaris3
577 1457 656 1489 inde
671 1458 843 1496 Tilurium,
859 1462 894 1488 et
910 1456 1039 1493 Thurii,
1057 1460 1093 1486 et

390 1509 541 1540 Thuriae:
569 1509 713 1548 denique
742 1508 860 1548 Copiae
888 1507 993 1538 dieta.
1017 1506 1092 1537 Liv.

394 1568 483 1590 xxv.
502 1562 553 1590 15.
568 1561 621 1589 12.
637 1559 645 1576 ‘
661 1556 1008 1589 ThnriuiTarentiuis
1020 1557 1092 1587 Me-

391 1609 658 1650 tapontinisque,
694 1608 841 1639 indidem
880 1617 921 1638 ex
959 1606 1092 1637 Achaia

391 1658 537 1697 oriundi,
585 1658 688 1689 etiam
726 1658 930 1699 cognatione
974 1657 1090 1697 juncti

392 1708 513 1740 erant!
536 1709 635 1740 Bern.

433 1759 581 1790 Herculis
595 1759 738 1799 sagittoe]
774 1758 916 1790 Aristot.
932 1757 998 1799 περὶ
1014 1763 1091 1790 Θαυ·

388 1807 505 1846 μασῖων
519 1807 744 1847 Ἀκουσμάτων.
772 1810 875 1847 Bimg.

433 1859 519 1889 CAP.
539 1868 577 1890 11.
623 1860 639 1899 ᾗ
659 1862 674 1890 1
714 1859 940 1899 Metapontini]
979 1859 1090 1890 Meta-

391 1914 530 1949 pontum
548 1909 665 1949 steph.
689 1910 812 1949 aliique
838 1909 1014 1940 Metabum
1032 1919 1089 1939 no-

392 1960 532 1989 minant.
579 1958 692 1989 Strab.
712 1967 760 1989 vr.
787 1958 961 1988 conditum
986 1958 1091 1989 tradit

391 2019 410 2039 a
429 2009 546 2049 Pyliis,
565 2009 620 2050 qni
637 2018 712 2039 cum
730 2009 878 2039 Nestore
895 2009 937 2039 ab
955 2008 1018 2039 Ilio
1035 2018 1090 2039 na-

390 2059 563 2099 vigarunt.
586 2059 684 2089 Bern.

434 2108 552 2148 Epeus]
567 2108 686 2148 Virgil.
701 2108 773 2139 AEn.
786 2117 826 2138 11.
843 2111 917 2139 264.
937 2108 946 2125 ‘
959 2109 1002 2139 Et
1018 2109 1090 2149 ipse

391 2157 459 2188 doli
476 2158 661 2189 fabricator
686 2159 821 2198 Epens.'
867 2159 949 2199 Huj.
968 2159 1090 2190 instru-

390 2214 505 2239 menta
522 2210 555 2239 in
573 2209 700 2248 templo
726 2209 889 2239 Minervae
915 2218 1091 2240 cousecra-

391 2263 424 2289 ta
441 2263 605 2289 memorat
622 2263 656 2289 et
683 2259 826 2289 Aristot.
853 2259 886 2289 in
912 2258 1089 2288 Admiran-

391 2308 442 2338 (lis
459 2311 510 2339 94.
534 2309 584 2339 Id.

434 2359 450 2398 ξ
467 2361 485 2388 2
511 2358 616 2396 Major
636 2358 777 2398 Groecia]
802 2358 880 2389 Vid.
898 2359 1036 2389 Festum
1055 2359 1087 2389 in

391 2407 497 2446 Major
517 2408 656 2446 Gravia,
683 2414 719 2439 et
750 2419 825 2449 quae
858 2409 900 2440 ad
918 2419 992 2439 cnm
1015 2409 1086 2440 JoS.

387 2458 552 2498 Scaliger,
582 2463 617 2489 et
644 2459 844 2490 Strabonem
864 2469 912 2491 vr.
956 2460 1089 2490 Seneca

388 2508 429 2538 ad
445 2508 543 2539 Helv.
557 2511 589 2539 6.
605 2513 613 2525 ‘
627 2510 746 2540 Totum
765 2510 872 2541 Italia*
888 2510 1088 2550 latiiS,quod

390 2557 507 2589 Infero
531 2559 612 2589 mari
638 2560 790 2599 alluitur,
814 2561 925 2600 Maj0r
952 2560 1089 2591 Graecia

388 2607 480 2640 fnit.'
507 2609 661 2648 Bongurs.
708 2609 761 2641 Ad
780 2611 849 2652 huj.
865 2611 1011 2643 Graeciae
1025 2610 1087 2641 dif-

386 2657 568 2689 ferentiam
596 2660 747 2690 nominat
775 2661 848 2692 Liv.
868 2670 932 2692 vu.
956 2664 1011 2692 26.
1036 2664 1086 2692 19.

388 2712 395 2725 ’
415 2708 582 2740 Groeciam
615 2709 837 2748 ulteriorem‚'
882 2710 912 2741 11.
940 2720 969 2742 e.
1007 2720 1088 2742 vere

388 2758 580 2798 Graeciam3
597 2764 633 2791 ut
649 2760 721 2791 haec
739 2761 783 2791 sit
799 2761 954 2792 Citerior.
1001 2762 1087 2793 Quae

387 2809 507 2838 nobilis
524 2809 633 2840 ltaliae
659 2810 783 2850 portio,
800 2821 865 2842 una
889 2821 964 2842 cum
989 2812 1089 2843 Brut-

388 2859 455 2896 tiis,
470 2858 568 2889 hodie
585 2859 752 2891 Calabriae
767 2861 898 2891 nomine
916 2865 1086 2892 censetur.

387 2907 465 2938 wil.
484 2908 585 2940 etiam
616 2910 831 2941 Rittershnsii
858 2916 925 2943 not.
942 2911 983 2942 ad
1001 2911 1088 2942 Mai-

858 356 1001 388 NOTAE
1034 357 1093 388 VA
1102 357 1296 389 R10RUM
1330 357 1382 388 ΙΝ

1143 452 1240 483 chum
1257 463 1290 493 p.
1307 454 1381 483 134.
1404 452 1504 483 Bern.

1188 505 1204 544 ξ)
1222 506 1240 533 3
1266 503 1424 543 Principio
1439 501 1609 542 originum]
1648 501 1725 533 Hoc
1741 501 1841 541 origi-

1143 564 1216 585 num
1230 559 1425 594 suspectum
1443 553 1523 583 milii
1540 558 1605 592 est,
1626 562 1736 593 neque
1751 552 1841 583 enim

1144 614 1261 635 sensus
1276 605 1345 644 ejus
1360 603 1478 644 aliquis
1504 608 1556 633 sat
1578 603 1730 633 idoneus.
1774 602 1842 632 De-

1145 654 1308 695 liberent,
1334 654 1391 695 qui
1416 653 1543 685 rectius
1561 652 1694 693 judicio
1714 652 1841 683 valent.

1144 705 1250 743 Sclief.

1188 758 1204 797 ᾗ
1220 759 1240 786 4
1266 757 1342 786 Cum
1357 754 1504 795 primum]
1544 754 1694 784 Gronov.
1711 752 1798 784 Obs.
1815 762 1840 784 1.

1143 809 1175 837 7.
1193 806 1275 845 legit
1294 807 1372 836 Cum
1382 805 1527 845 primam.
1550 804 1666 834 Graev.

1185 856 1299 896 Sirim]
1331 856 1413 886 Siris
1429 855 1539 885 Italiae
1565 853 1686 885 civitas
1709 853 1842 891 πλησίον

1142 907 1198 937 τοῦ
1213 904 1441 937 Μεταποντίουε
1465 905 1580 944 Steph.
1624 903 1758 934 Deinde
1770 904 1841 934 He-

1144 958 1260 988 raclea
1287 956 1401 986 dicta:
1436 955 1526 986 Plin.
1556 963 1615 985 111.
1644 955 1689 986 N.
1714 954 1760 985 H.
1787 957 1839 986 ll.

1143 1010 1273 1049 Σειρῖτιν
1287 1012 1388 1038 vocat
1403 1007 1514 1038 Strab.
1529 1016 1580 1038 vr.
1604 1007 1710 1045 Bong.

1186 1060 1227 1089 M
1228 1060 1339 1089 inerroe
1348 1056 1558 1096 simulacrum]
1581 1056 1784 1095 Palladium,
1795 1054 1840 1086 ad

1143 1108 1366 1140 imitationem
1401 1108 1492 1138 illius
1527 1107 1661 1147 'ri-ojani
1695 1105 1841 1145 factum,

1142 1159 1231 1200 quod
1260 1163 1334 1189 erat
1370 1162 1572 1198 argumento
1604 1157 1693 1188 Sirin
1729 1155 1841 1196 profu-

1144 1219 1261 1249 gorum
1297 1209 1515 1249 Trojanorum
1554 1217 1628 1238 esse
1661 1206 1841 1238 coloniam.

1144 1260 1241 1290 Rern.

1188 1311 1238 1349 §7
1263 1309 1341 1340 Deae
1353 1307 1472 1348 pacem]
1517 1307 1590 1338 Liv.
1615 1316 1706 1338 xxx.
1732 1309 1782 1337 13.
1809 1308 1842 1338 3.

1145 1358 1219 1389 ‘Ab
1238 1359 1314 1389 Diis
1330 1369 1408 1399 pars
1433 1362 1589 1398 utraque,
1612 1357 1730 1388 hostiis
1749 1366 1840 1388 mac-

1144 1408 1267 1447 tandis,
1305 1418 1424 1448 pacem
1456 1406 1580 1447 petiit,'
1613 1410 1650 1437 ut
1676 1407 1763 1437 mala
1794 1415 1841 1438 sc.

1142 1463 1337 1488 averterent
1363 1461 1398 1488 et
1424 1460 1617 1498 parcerent.
1664 1457 1753 1487 Nam
1777 1457 1840 1488 hoc

1142 1508 1216 1547 ipso
1262 1508 1365 1538 verbo
1413 1507 1599 1538 utebantur
1646 1512 1841 1547 precantes.

1143 1558 1257 1590 Plant.
1289 1559 1400 1590 Merc.
1429 1568 1475 1590 iv.
1504 1561 1534 1589 1.
1560 1561 1610 1589 12.
1669 1559 1678 1575 ‘
1703 1557 1841 1597 Apollo,

1143 1618 1259 1649 quaeso
1277 1614 1324 1647 te,
1352 1613 1389 1640 nt
1415 1608 1474 1639 des
1503 1617 1622 1648 pacem
1648 1607 1840 1648 propitins‚'

1141 1661 1204 1689 &a
1230 1659 1238 1675 ‘
1253 1659 1401 1700 Meoque.
1415 1663 1452 1689 ut
1465 1668 1584 1699 parcas
1596 1664 1718 1698 gnato:
1738 1667 1840 1698 parce

1141 1709 1332 1749 propitius.’
1378 1709 1467 1741 Add.
1491 1719 1565 1750 sup.
1597 1717 1704 1740 xvui.
1730 1712 1762 1741 6.
1790 1711 1842 1740 12.

1143 1760 1241 1790 Idem.

1185 1809 1361 1850 Pang'siciis]
1404 1809 1494 1840 Plin.
1524 1808 1629 1842 Praef.
1659 1809 1701 1840 ad
1731 1809 1838 1850 Vesp.

1144 1861 1152 1875 ‘
1166 1860 1210 1890 Et
1227 1860 1409 1897 Diis-lacte
1427 1859 1542 1890 rustici
1559 1859 1740 1899 multaeqne
1758 1869 1839 1899 gen-

1142 1915 1191 1940 tes
1207 1909 1424 1949 supplicant:
1449 1914 1485 1940 et
1500 1910 1588 1939 mola
1603 1914 1733 1940 tantum
1751 1910 1841 1940 salsa

1140 1960 1254 1997 litant,
1268 1960 1322 2000 qni
1340 1969 1403 1989 nou
1420 1959 1546 1989 liabent
1563 1959 1683 1989 thura:
1701 1968 1764 1990 nec
1781 1959 1840 1990 ulli

1141 2009 1207 2040 fnit
1226 2009 1307 2040 vitio
1325 2010 1414 2040 Deos
1433 2009 1557 2048 colere,
1581 2018 1715 2050 quoquo
1738 2009 1839 2040 modo

1142 2058 1280 2100 posset!
1305 2059 1355 2089 Id.

1196 2109 1212 2148 ς
1242 2110 1281 2138 12
1328 2107 1511 2147 Longinqua
1547 2107 1660 2138 militia
1695 2108 1839 2148 gravati]

1146 2159 1224 2197 Leg.
1260 2158 1459 2198 longinquam
1508 2158 1654 2188 militiam
1699 2159 1839 2198 grat-ati.

1140 2208 1220 2239 Vid.
1240 2208 1389 2238 Diatrib.
1406 2208 1494 2239 Stat.
1511 2211 1564 2238 2-1.
1587 2209 1720 2240 Gronov.
1754 2209 1840 2240 Gro-

1140 2268 1214 2288 nov.
1232 2258 1430 2297 longinquant
1447 2259 1590 2289 militiam
1604 2259 1740 2298 gravati.
1766 2259 1839 2299 Op-

1141 2309 1244 2340 time:
1268 2307 1432 2339 differunt
1448 2310 1536 2339 euim
1565 2309 1654 2340 inter
1676 2320 1712 2341 se
1739 2313 1747 2328 ‘
1763 2319 1838 2350 gra-

1140 2359 1210 2389 vari
1238 2357 1383 2396 militia‚’
1417 2363 1452 2389 et
1476 2359 1630 2399 ‘gravari
1657 2359 1838 2391 militiam.'

1139 2410 1336 2440 Gravantnr
1354 2409 1486 2447 militia,
1510 2410 1630 2450 quibus
1655 2410 1786 2441 militiae
1803 2420 1838 2441 o-

1139 2459 1405 2497 iuis,laboi·es,‹›‚t
1418 2459 1572 2499 pericula
1588 2461 1702 2500 gravia
1712 2464 1790 2491 sunt
1803 2464 1840 2492 et

1138 2510 1292 2541 molesta.
1338 2510 1496 2540 Militiam
1514 2510 1561 2540 illi
1577 2515 1771 2551 gravantur,
1781 2511 1838 2552 qui

1138 2560 1227 2590 illam
1240 2559 1422 2600 refugiunt.
1448 2560 1561 2591 Faber.
1607 2561 1757 2592 Gronov.
1770 2561 1840 2602 legi

1138 2610 1254 2641 mallet
1275 2610 1470 2650 longinquam
1491 2610 1650 2642 militiam.
1694 2611 1740 2642 Et
1756 2620 1838 2642 sane

1135 2661 1278 2701 gravari,
1295 2671 1370 2692 cnm
1394 2660 1575 2701 siguificat,
1598 2672 1700 2702 grave
1715 2661 1838 2694 ducere

1138 2716 1173 2742 et
1199 2721 1368 2750 recusare,
1393 2720 1506 2742 casum
1532 2718 1688 2752 quartum
1714 2712 1839 2744 adscis-

1137 2761 1197 2793 cit.
1223 2761 1343 2792 Horat.
1358 2770 1406 2792 lv.
1425 2761 1493 2792 Od.
1508 2765 1557 2793 11.
1581 2764 1589 2779 ‘
1604 2762 1757 2802 Pegasus
1770 2766 1838 2793 ter-

1138 2820 1255 2842 renum
1266 2812 1415 2852 equitem
1427 2811 1611 2851 gravatus!
1636 2813 1759 2843 Lucan.
1770 2821 1836 2843 vn.

1138 2864 1211 2893 284.
1233 2861 1242 2877 ‘
1258 2861 1428 2892 Romanos
1455 2860 1557 2893 odere
1581 2871 1708 2901 onmeS,
1732 2861 1838 2892 domi-

1138 2921 1262 2952 nosque
1289 2910 1498 2951 gravantur.’
1562 2912 1640 2943 Seu.
1670 2921 1695 2943 1.
1721 2915 1770 2944 12.
1791 2911 1834 2944 de
