2174 3424
574 337 771 369 JUSTINI
803 338 896 368 mu.
928 338 979 368 11.
1011 339 1116 369 cAP.
1145 329 1185 370 8.

167 432 406 467 censentium?
440 435 475 464 et
490 431 563 464 Liv.
589 441 646 464 ιιι.
673 434 727 463 40.
751 432 760 449 ‘
777 433 863 464 Cen-

164 484 269 516 sendo
294 483 383 515 enim
406 491 623 524 quoscunque
644 481 862 522 magistratus

162 543 247 573 esse,
274 533 330 575 qui
355 537 511 564 senatum
537 532 711 573 haberent,
729 532 863 572 judica-

164 582 249 615 bat!
271 583 372 614 Gron-

205 632 272 663 Aut
286 634 430 664 censendo
451 632 512 664 sibi
532 632 702 673 periculum
715 631 861 673 afferret]

161 682 218 714 Ita
233 682 440 724 antiquiores
453 682 547 722 typis
559 682 724 722 expressi.
747 682 858 721 Bong.

160 733 196 765 τὸ
207 733 376 774 periculum
390 732 519 774 afferret
541 731 720 772 expunxit,
736 730 860 762 edidit-

163 795 242 827 que,
267 795 306 816 ne
327 787 383 816 aut
406 785 532 815 tacendo
552 793 663 824 parum
683 781 861 822 reipublic-ce

159 837 341 874 consuleret,
356 837 411 866 aut
429 835 576 865 censendo
600 833 659 864 sibi
669 843 680 863 .·
701 837 739 863 ut
753 831 788 863 τὸ
800 842 859 872 pa-

158 896 228 917 rum
241 886 411 916 consuleret
427 884 468 915 ad
486 888 665 925 utrumque
679 882 859 915 referatur.

161 936 258 977 Mihi,
287 936 314 966 si
340 935 412 975 ipse
440 934 573 966 Auctor
603 934 653 965 ita
682 933 858 968 voluisset,

159 986 250 1017 idem
273 985 410 1017 videtur
433 984 620 1025 scripturus
641 982 744 1014 fuisse
767 983 857 1014 hunc

158 1037 194 1068 in
219 1035 368 1075 modum,
393 1044 431 1066 ne
446 1037 500 1065 aut
514 1035 641 1066 tacendo
667 1032 857 1073 reipublicoe,

157 1090 214 1119 aut
248 1087 394 1117 censendo
430 1084 501 1125 sibi,
527 1094 639 1124 parum
674 1085 858 1114 consuleret.

159 1137 263 1169 Nune
278 1136 356 1177 quia
368 1135 404 1166 τὸ
422 1145 533 1175 parum
554 1134 724 1164 consuleret
740 1133 774 1163 in
791 1133 858 1173 pri-

159 1197 219 1219 ore
232 1191 398 1218 commate
409 1190 473 1223 est,
483 1185 517 1215 in
530 1184 719 1225 posteriore
731 1183 858 1224 aliquid

159 1237 261 1277 aliud,
282 1240 318 1268 et
332 1235 466 1277 quidem
480 1234 516 1265 τὸ
528 1235 697 1275 periculum
719 1233 860 1274 afferret,

158 1287 304 1328 positum
320 1285 467 1317 voluisse
481 1285 628 1316 videtur.
655 1284 756 1315 Vorst.
788 1282 858 1314 Sed

158 1338 240 1369 Mss.
252 1341 287 1368 et
300 1346 382 1378 quos
397 1337 507 1377 Bong.
522 1340 557 1367 et
570 1335 672 1375 Angli
688 1334 859 1373 viderunt,

158 1387 395 1426 adversantur,
411 1387 445 1417 in
467 1386 588 1427 quibus
601 1386 774 1425 periculum
796 1385 857 1416 sibi

158 1436 288 1478 afferret
303 1446 369 1468 non
386 1436 618 1476 reperiuntur.
649 1436 755 1467 Groev.

202 1486 414 1526 Dementiam]
438 1486 597 1526 Inprimis
623 1490 796 1517 versutum
821 1490 857 1517 et

162 1536 322 1568 callidum
346 1535 474 1567 factum
499 1535 632 1567 Solonis
658 1540 757 1566 vocat
784 1535 855 1567 Cic.

160 1587 203 1618 de
230 1585 298 1618 Off.
325 1595 349 1617 1.
375 1589 428 1617 10.
460 1586 587 1616 Versus
612 1586 683 1626 ejus
708 1586 777 1616 vid.
802 1595 855 1626 ap.

160 1636 275 1668 Laiirt.
317 1636 436 1667 Totam
461 1635 631 1666 historiam
659 1644 773 1676 quaere
799 1645 854 1675 ap.

160 1686 254 1717 Plut.
279 1686 313 1716 in
338 1686 461 1716 Solone
477 1695 508 1716 c.
534 1688 586 1716 10.
609 1687 673 1716 διο.
696 1685 856 1716 Meminit

158 1741 194 1767 et
211 1736 313 1766 Paus.
329 1736 361 1766 in
379 1735 518 1774 Atticis,
539 1739 576 1766 et
590 1735 711 1766 AElian.
726 1744 788 1766 vn.
805 1738 855 1766 19.

157 1785 226 1817 Ubi
242 1785 411 1826 interpres
436 1784 488 1816 δύο
503 1786 576 1815 νεῶν
591 1785 769 1825 Μεγαρίδων
784 1796 855 1825 κρα-

157 1835 255 1873 τήσας
267 1836 352 1867 male
364 1836 479 1874 vertit,
490 1836 587 1875 captis
598 1835 711 1866 (luobus
723 1836 855 1875 templis,

156 1896 234 1918 cum
260 1886 316 1927 sit,
338 1886 455 1916 duabus
478 1886 711 1925 Megarensium
729 1885 857 1917 navibus

155 1935 284 1976 potitus.
328 1935 408 1967 Vid.
437 1935 539 1967 etiam
562 1936 713 1967 Frontiu.
730 1945 778 1967 1v.
795 1936 854 1968 fin.

156 1986 431 2017 Controversiam
469 1986 510 2016 de
540 1986 710 2017 Salamiua
746 1986 854 2018 insula

157 2036 299 2076 exponit
322 2036 445 2067 Strabo
466 2035 525 2067 lib.
551 2045 602 2067 lx.
627 2035 686 2066 ubi
713 2035 754 2067 de
779 2037 854 2067 Me·

158 2094 249 2126 gara.
274 2085 376 2124 Bong.

201 2134 297 2173 Cujus
321 2133 426 2174 venia]
449 2134 505 2165 Ita
536 2135 545 2150 ‘
568 2134 709 2174 Drusus,
733 2134 854 2166 aliena-

156 2185 282 2216 tionem
298 2184 419 2215 mentis
435 2184 594 2215 simulans
612 2184 706 2225 quasi
722 2194 783 2224 per
797 2184 854 2215 de-

155 2235 329 2275 mentiam,
355 2234 493 2266 funesta
521 2235 657 2266 Tiberio
692 2234 855 2275 impreca-

156 2284 329 2324 tnr,’Tac.
351 2283 395 2316 A.
419 2294 470 2315 VI.
495 2287 547 2315 24.
570 2286 579 2301 ‘
598 2284 764 2316 Octavius
782 2285 854 2325 qui-

155 2334 232 2365 dam
244 2334 441 2365 valetudine
451 2334 573 2365 mentis
584 2334 720 2365 liberius
731 2334 855 2376 dicax,’

154 2384 249 2416 Suet.
264 2385 335 2417 Jul.
349 2387 403 2416 49.
418 2385 448 2425 ξ.
465 2389 494 2416 5.
518 2386 618 2416 Rern.

197 2434 216 2474 ᾖ
239 2437 278 2465 11
303 2434 457 2474 Factaque
469 2434 630 2474 concursu]
654 2435 739 2466 Haec
756 2435 852 2467 Grae-

155 2492 196 2514 ce
223 2484 392 2524 expressit
423 2484 456 2515 S.
480 2484 589 2515 Lucas
609 2485 643 2515 in
673 2484 752 2516 Act.
782 2485 850 2526 Ap.

154 2540 255 2564 xxlv.
280 2535 332 2563 12.
357 2531 557 2564 ἐπισύστασιν
575 2536 678 2565 ποιῶν.
722 2535 852 2567 Cavete

154 2582 243 2612 enim
265 2583 375 2614 solent
401 2584 494 2624 leges
510 2594 552 2615 ne
569 2594 754 2616 concursus
778 2584 851 2626 fiat,

154 2626 220 2672 qno
243 2633 379 2673 publica
400 2634 493 2674 quies
520 2634 639 2665 violari
663 2634 789 2675 possit:
812 2639 851 2666 ut

155 2683 195 2714 L.
216 2685 250 2714 4.
278 2684 324 2715 D.
351 2684 394 2714 ad
417 2685 498 2725 Leg.
523 2685 594 2717 Jul.
621 2685 664 2716 de
690 2685 735 2716 Vi
761 2685 848 2726 priv.

150 2733 161 2750 ‘
182 2733 280 2773 Legis
308 2734 408 2766 Juliae
437 2735 479 2765 de
503 2735 537 2765 vi
563 2735 698 2775 privata
724 2736 850 2767 crimen

154 2783 384 2822 committitur,
397 2793 499 2824 quum
515 2788 640 2815 coetum
660 2785 780 2826 aliquis
795 2786 850 2816 vel

154 2841 355 2864 concursum
366 2833 486 2864 fecisse
499 2834 646 2873 dicatur,
661 2844 726 2876 quo
740 2835 848 2866 minus

154 2881 254 2922 injus
277 2883 350 2923 quis
368 2883 648 2923 produceretur:’
672 2889 707 2916 et
731 2885 848 2926 ap.M'.

240 2934 359 2975 Delph.
376 2939 404 2966 et
427 2936 500 2968 Var,
518 2937 601 2968 Clas.

814 2938 933 2970 Justin.

1527 329 1612 371 673

913 433 991 465 Sen.
1008 434 1101 474 Epit.
1130 434 1288 465 Controv.
1307 443 1361 465 ιιι.
1378 438 1407 466 8.
1433 434 1442 451 ‘
1461 435 1526 468 Qui
1543 444 1608 465 coe-

914 487 983 514 tum
1012 488 1048 515 et
1078 493 1276 515 concursum
1313 484 1446 521 fecerit,
1482 484 1609 524 capital

913 532 1020 565 est02’
1042 534 1130 564 ratio
1155 536 1267 564 autem
1283 533 1350 572 huj.
1375 533 1541 565 cautionis
1557 537 1610 564 est

913 593 968 624 ap.
987 583 1058 614 Liv.
1074 591 1202 614 xxxrx.
1220 585 1270 613 15.
1297 583 1396 613 Gron.

954 633 1095 664 Insolitz's
1108 633 1168 663 sibi
1195 632 1329 663 versibus
1349 633 1477 664 suadere
1496 634 1609 673 populo

910 683 1016 723 coepz't]
1049 682 1189 714 Salamis
1215 681 1465 713 inscribebatur
1490 682 1612 722 poema

910 732 994 764 illud
1016 732 1162 770 Solonis,
1190 737 1226 763 et
1250 732 1429 764 constabat
1446 735 1519 763 100.
1537 743 1609 763 ver-

911 782 1024 814 sibus:
1049 792 1190 824 quorum
1210 782 1414 822 principium
1430 782 1534 813 habes
1551 792 1607 823 ap.

909 833 1004 864 Plut.
1028 833 1063 864 in
1088 833 1221 873 Solone,
1245 837 1280 864 et
1304 833 1406 872 Diog.
1424 832 1609 873 Laenium,

909 883 1062 924 quamvis
1095 883 1215 914 aliter:
1254 882 1313 913 sed
1352 882 1462 913 minus
1499 887 1607 914 recte.

909 935 1048 974 Versus,
1085 933 1206 975 quibus
1250 933 1396 964 maxime
1439 934 1609 973 persuasit

909 985 1048 1025 populo,
1065 994 1119 1024 ap.
1135 983 1240 1022 Diog.
1258 986 1408 1013 exstant.
1454 982 1510 1013 Sic
1528 992 1608 1013 vero

909 1039 988 1066 sunt
1004 1033 1158 1074 legendi:
1184 1032 1257 1070 Εἴην
1282 1032 1318 1069 δὴ
1337 1032 1403 1063 τότ’
1430 1032 1490 1071 ἐγὼ
1513 1036 1609 1064 Φολε-

908 1083 1062 1125 γάνδριος,
1075 1083 1096 1121 ἢ
1111 1083 1274 1123 Σικινίτης,
1296 1081 1382 1113 Ἀντί
1394 1083 1425 1121 ’γ’
1440 1083 1609 1122 Ἀθηναίου,

908 1134 1023 1175 πατρίδ’
1039 1132 1249 1174 ἀμειψάμενος.
1271 1131 1352 1173 Airita
1376 1132 1437 1172 ’γὰρ
1459 1133 1497 1164 ἂν
1517 1132 1608 1173 φάτις

907 1185 962 1222 ἥδε
986 1185 1051 1223 μετ’
1085 1184 1264 1224 ἀνθρώποισι
1300 1182 1432 1223 γένοιτο,
1467 1184 1608 1215 Ἀττικὸς

907 1233 996 1266 οὗτος
1019 1235 1093 1275 ἀνὴρ
1117 1237 1179 1266 τῶν
1202 1235 1472 1274 Σαλαμιναφετῶν.
1518 1235 1611 1275 Nou,

908 1290 946 1318 ut
962 1286 1075 1326 vulgo,
1088 1287 1151 1316 τῶν
1165 1284 1313 1323 Σαλαμῖν’
1329 1283 1477 1324 ἀφέντων.
1521 1285 1605 1315 Voss.

951 1337 1039 1368 CM».
1062 1345 1143 1367 ΠΗ.
1189 1338 1206 1377 ξ
1235 1339 1251 1366 1
1276 1333 1494 1374 Megarenses]
1517 1335 1603 1366 Ead.

908 1387 1060 1418 Frontin.
1075 1387 1226 1426 Strateg.
1241 1395 1290 1416 1v.
1305 1388 1336 1416 7.
1351 1387 1405 1416 44.
1423 1389 1458 1416 et
1474 1385 1607 1424 prolixe

907 1437 1029 1468 AEneas
1046 1436 1079 1466 in
1095 1436 1283 1467 Poliorcet.
1301 1445 1375 1475 cap.
1391 1437 1423 1466 4.
1448 1435 1549 1466 Bern.

950 1488 1104 1518 Memores
1128 1487 1211 1518 illati
1234 1486 1473 1518 Atheniensibus
1488 1486 1558 1516 belli
1573 1489 1605 1516 et

907 1537 1036 1577 deserti]
1052 1537 1139 1568 Haec
1153 1537 1230 1567 lect.
1241 1546 1308 1567 non
1325 1539 1438 1576 potest
1454 1535 1605 1566 tolerari.

906 1587 1128 1627 Megarenses
1158 1596 1225 1617 non
1258 1586 1382 1617 bellum
1420 1585 1606 1616 intulerant

906 1635 1186 1676 Atheniensibus,
1210 1636 1269 1666 sed
1294 1635 1520 1667 Athenienses
1557 1636 1606 1666 in-

905 1684 1069 1717 flammati
1106 1696 1125 1717 a
1162 1687 1286 1717 Solone
1329 1686 1602 1726 Megarensibus.

906 1736 1028 1777 Itaque
1051 1746 1126 1768 cum
1150 1746 1214 1768 nec
1238 1736 1318 1768 belli
1344 1737 1431 1766 illati
1459 1746 1522 1767 nec
1547 1736 1604 1766 de-

906 1787 989 1816 serti
1017 1786 1148 1826 possint
1186 1786 1252 1817 dici
1289 1795 1454 1817 memores
1490 1785 1606 1825 fuisse,

905 1841 1000 1867 recte
1015 1837 1099 1867 Mss.
1117 1836 1298 1876 Anglicani
1314 1846 1376 1876 pro
1392 1836 1508 1867 deserti
1522 1837 1605 1867 scri-

904 1886 989 1917 bunt
1004 1887 1120 1921 re1·iti,·
1152 1886 1352 1926 quibuscum
1376 1886 1482 1917 sentit
1505 1887 1602 1918 Junt.

904 1936 965 1967 sed
980 1937 1036 1967 illa
1051 1937 1136 1976 legit
1153 1946 1286 1977 quoque
1307 1946 1396 1967 mem.
1411 1936 1457 1966 ill.
1471 1935 1509 1966 ab
1525 1936 1604 1968 Ath.

904 1986 994 2017 belli.-
1019 1987 1108 2028 quod
1134 1987 1161 2017 si
1187 1991 1240 2017 est
1265 1996 1308 2016 ex
1333 1986 1481 2026 antiquis
1505 1985 1603 2017 codd.

905 2036 1030 2076 prob0;
1055 2036 1117 2076 sin,
1133 2037 1221 2077 vulg.
1249 2037 1330 2068 lect.
1356 2045 1422 2066 non
1448 2039 1496 2066 est
1514 2036 1602 2066 solli-

904 2087 1060 2117 citanda:
1086 2087 1195 2127 ejusd.
1221 2087 1310 2118 enim
1334 2093 1386 2116 est
1411 2086 1601 2116 sententiae.

904 2137 979 2167 Nec
992 2137 1066 2168 haec
1083 2137 1211 2177 ellipsis
1235 2135 1431 2177 infrequens
1448 2141 1502 2167 est
1515 2136 1604 2176 opti-

903 2187 967 2218 mis
996 2187 1234 2227 scriptoribus.
1278 2188 1357 2217 Tac.
1384 2195 1408 2216 1.
1433 2186 1475 2217 A.
1507 2186 1599 2217 ‘Sed

904 2237 1029 2268 veteris
1056 2237 1172 2277 populi
1196 2237 1339 2267 Romani
1363 2245 1528 2276 prospera
1550 2236 1603 2266 vel

902 2286 1044 2317 adversa
1059 2286 1158 2316 claris
1177 2285 1398 2325 scriptoribus
1415 2290 1602 2317 memorata

903 2341 982 2368 sunt
994 2336 1014 2367 :'
1037 2336 1068 2367 h.
1083 2346 1113 2367 e.
1130 2345 1149 2366 a
1164 2335 1263 2375 claris
1275 2335 1513 2375 scriptoribus.
1545 2335 1602 2367 Sic

902 2390 939 2417 et
963 2386 1097 2416 locutus
1123 2389 1175 2416 est
1199 2385 1294 2416 Suet.
1311 2385 1452 2425 {aliique
1487 2385 1600 2416 idonei

903 2434 1034 2466 Latinae
1052 2435 1173 2474 linguae
1190 2439 1358 2466 auctores.
1383 2436 1492 2466 Grcev.

946 2485 990 2515 Et
1000 2484 1128 2524 deserti]
1150 2484 1239 2515 Belli
1254 2489 1346 2525 puta.
1391 2485 1448 2515 Ita
1464 2484 1599 2526 quidem

901 2534 1098 2575 Bongffiex}
1115 2534 1223 2565 Codd.
1263 2535 1366 2566 credo
1394 2536 1480 2566 Mss.
1512 2536 1599 2566 Mihi

900 2589 1013 2616 tamen
1028 2585 1135 2625 magis
1151 2585 1267 2625 placet
1283 2585 1370 2625 quod
1384 2585 1418 2616 in
1430 2585 1600 2626 antiquio-

899 2636 989 2666 ribus
1012 2635 1103 2675 typis
1128 2635 1309 2675 expressis,
1332 2635 1389 2675 qui
1405 2640 1440 2666 et
1456 2636 1521 2675 ipsi
1536 2636 1600 2666 uti-

901 2695 965 2726 que
981 2684 1092 2715 rcodd.
1117 2685 1200 2716 Mss.
1221 2683 1386 2724 referunt,
1401 2685 1540 2726 legitur,
1566 2689 1598 2716 et

898 2736 991 2767 ceriti
1004 2745 1041 2767 ne
1058 2735 1184 2773 frustra
1200 2745 1288 2766 arma
1310 2736 1436 2766 movisse
1459 2737 1598 2767 videren-

899 2789 963 2817 tur.
986 2786 1102 2817 Vorst.
1146 2786 1242 2818 Vett.
1260 2786 1316 2817 alii
1343 2787 1462 2826 legunt
1484 2787 1598 2817 deserti

899 2844 961 2875 pro
995 2835 1099 2875 veriti,
1136 2835 1244 2866 minus
1279 2837 1447 2876 apposite.
1491 2837 1595 2866 Oxou.

899 2885 990 2916 Puto
1012 2884 1058 2916 nil
1084 2886 1236 2917 mutand.
1281 2886 1343 2917 Est
1365 2886 1450 2917 enim
1476 2886 1484 2902 ‘
1502 2886 1596 2917 dese-

1433 2942 1453 2970 2
1480 2939 1509 2970 U
