2101 3419
721 357 771 388 IN
805 357 1073 389 JUSTINUM.

180 459 202 488 2
225 456 402 488 interficitur
415 467 432 487 a
446 455 581 487 Romulo
603 456 679 494 xliii,
695 460 725 492 3,
740 460 756 489 l

226 499 379 540 Amyntas
394 499 602 530 Macedonum
618 510 668 529 rex
692 500 742 535 vii,
758 503 790 535 2,
803 502 841 530 13

223 541 378 582 Amyntas
393 541 468 571 alter
483 541 621 572 Menelai
645 542 722 572 filius
745 543 795 578 vii,
809 544 840 576 4,
857 544 876 572 3

223 583 377 624 Amyntas
391 585 453 614 dux
469 584 606 624 Philippi
620 584 651 613 in
662 584 737 614 Asia
757 584 797 620 ix,
813 588 844 619 5,
858 587 877 614 8

224 625 379 666 Amyntas
394 626 557 656 Alexandri
567 627 765 656 consobrinus
775 627 813 656 ab
825 636 877 656 eo-

181 669 251 698 dem
264 668 440 698 interfectus
455 669 506 704 xii,
521 671 552 703 6,
571 671 609 699 14
643 669 762 698 videtur
775 673 877 698 autem

182 711 275 740 fuisse
290 710 371 740 idem
387 721 456 740 cum
471 711 633 751 superiore.
667 710 690 740 F
693 711 802 740 reinsh.

224 752 378 793 Amyntas
392 753 558 783 Alexandri
582 753 751 792 praesectus,
778 753 811 782 in
830 751 878 782 di-

183 793 300 824 visione
325 794 444 835 imperii
466 794 532 835 ejus
557 794 735 826 Bactrianos
756 795 878 825 sortitur

184 836 247 871 xiii,
263 839 294 872 4,
306 840 347 868 23

226 878 277 908 An
299 879 321 914 i,
337 881 368 914 6,
382 882 402 910 6
417 884 449 909 et
463 881 515 910 11.
529 879 550 915 1,
566 882 598 915 9,
615 882 666 910 15.
689 879 730 915 xi,
745 882 776 915 9,
792 881 822 910 4.
835 879 878 916 xi,

184 922 237 956 12,
267 923 316 951 14.
342 932 369 958 V,
385 924 416 957 4,
435 925 474 953 13
503 927 534 952 et
554 925 585 958 8,
602 925 632 953 3.
655 921 696 958 vi,
719 925 750 958 2,
773 925 803 954 4.
826 922 877 958 vii,

181 965 215 998 8,
230 965 261 994 4.
284 963 325 999 xi,
337 966 368 999 6,
386 966 404 994 3

225 1005 424 1036 Anaxarchus
439 1005 638 1047 philosophus
661 1006 713 1042 xii,
726 1009 778 1042 13,
795 1009 813 1037 5

225 1047 395 1078 Anaxilaus
421 1053 568 1089 tyrannus
594 1048 725 1085 Siculus,
752 1048 880 1089 insignis

179 1089 301 1130 justitia
322 1090 364 1126 iv,
379 1093 410 1126 2,
426 1093 446 1121 4

226 1131 353 1172 Anceps
381 1138 534 1163 certamen
558 1133 633 1174 (hoc
653 1138 710 1169 est,
734 1132 880 1174 dubium)

182 1174 217 1209 ii,
234 1177 265 1210 3,
283 1178 333 1206 11.
355 1175 396 1210 xi,
412 1177 444 1211 9,
461 1178 499 1206 11
517 1175 652 1205 Freinsh.
669 1175 812 1205 Praelium
827 1176 879 1212 xii,

182 1219 215 1252 9,
233 1219 283 1247 11.
306 1217 367 1253 xxi,
381 1220 413 1253 2,
426 1221 446 1249 8
468 1217 596 1258 ancipiti
607 1218 742 1259 periculo
752 1219 880 1249 circum·

184 1259 268 1290 venti
290 1259 369 1294 xxvi,
387 1262 416 1294 l,
435 1262 475 1290 10

225 1301 372 1332 Anchora
392 1301 512 1333 Seleuci
532 1307 564 1332 et
578 1303 696 1343 generis
710 1302 777 1343 ejus
790 1307 880 1333 natu-

180 1343 251 1375 ralis
265 1348 341 1374 nota
363 1355 410 1380 xv,
421 1347 454 1380 4,
467 1348 487 1375 9

225 1385 352 1417 Ancilla
372 1387 454 1422 xxiii,
469 1389 502 1423 4,
517 1390 547 1418 6.
570 1387 682 1423 xxxvii,
697 1390 728 1423 3,
745 1390 764 1418 3

225 1428 420 1469 Andragoras
446 1429 557 1459 nobilis
584 1430 688 1466 Persa,
718 1429 880 1469 praefectus

184 1470 365 1501 Parthorum
381 1471 585 1507 constituitur,
601 1472 676 1512 regii
698 1472 879 1502 Parthorum

186 1513 341 1553 sanguinis
364 1519 470 1544 auctor
493 1515 544 1549 xii,
569 1517 602 1551 4,
628 1517 668 1545 12
701 1515 739 1545 ab
765 1514 880 1545 Arsace

182 1565 346 1596 oppressus
369 1556 463 1593 xli‚4,
479 1559 499 1587 7

227 1597 443 1629 Andromache
472 1598 626 1636 Hectoris,
661 1608 729 1628 mox
767 1598 881 1630 Heleni

179 1640 297 1680 conjux
319 1641 390 1677 xvii,
405 1643 436 1677 3,
449 1644 470 1672 6

228 1682 393 1714 Anfractus
407 1683 490 1723 rupis
512 1682 591 1717 xxiV,
603 1685 635 1718 6,
647 1685 668 1713 9

228 1724 371 1766 Angulus
389 1725 506 1756 Ciliciae
528 1725 569 1761 xl,
584 1728 617 1762 2,
632 1727 651 1756 3
686 1724 775 1756 maris
804 1725 879 1762 xliii,

183 1770 215 1804 3,
233 1770 273 1798 12

227 1809 387 1850 Angustiae
415 1808 688 1850 Thermopylarum
718 1808 751 1845 ii,
774 1813 825 1846 11,
850 1813 880 1842 2.

184 1851 247 1888 viii,
260 1855 292 1888 4,
306 1855 345 1883 12
368 1852 523 1882 Salaminii
533 1851 602 1881 freti
623 1850 656 1887 ii,
673 1854 725 1887 12,
740 1854 781 1882 18

226 1894 368 1934 Angusto
381 1895 501 1924 tramite
521 1894 594 1930 xliv,
606 1896 638 1929 4,
654 1897 674 1925 4
705 1899 835 1934 angusta
849 1899 881 1925 et

182 1936 325 1977 ignobilis
340 1937 438 1978 patria
458 1947 527 1973 XXV,
540 1940 570 1972 5,
585 1939 605 1967 6
627 1941 764 1976 angustae
775 1937 880 1967 fauces

181 1979 223 2015 iv,
237 1982 268 2015 1,
286 1982 302 2010 1
335 1979 473 2019 angustis
491 1978 625 2009 terminis
643 1978 751 2008 insulae
778 1978 880 2008 claudi

180 2021 222 2057 iv,
240 2025 270 2057 1,
284 2024 336 2052 12.
359 2022 441 2057 xxiii,
458 2025 488 2057 1,
501 2024 521 2052 2
550 2019 698 2061 angustiis
711 2020 769 2051 sibi
792 2021 880 2051 metis

180 2063 292 2094 inclusi
304 2064 486 2094 videbantur
507 2062 579 2099 xvii,
597 2066 627 2099 1,
644 2065 684 2094 12

227 2105 384 2137 Anhelans
398 2106 504 2147 inopia
519 2106 594 2148 (hoc
609 2110 666 2141 est,
683 2105 816 2146 summa)
837 2105 877 2142 ix,

185 2151 216 2185 1,
231 2151 252 2179 6
275 2148 411 2179 Freinsh.

225 2190 477 2221 Animadvertere
510 2190 543 2225 ii,
561 2192 611 2225 12,
636 2193 666 2221 1.
700 2189 764 2225 viii,
789 2193 821 2225 5,
849 2192 879 2220 1.

183 2232 236 2269 xii,
252 2236 285 2269 9,
301 2237 330 2264 5.
341 2233 416 2268 xliii,
427 2237 459 2268 5,
469 2235 488 2263 7
505 2232 714 2262 animadverso
724 2232 806 2268 xxxi,
816 2236 847 2268 5,
859 2235 879 2263 2

225 2275 382 2305 Animalia
402 2275 435 2310 ii,
452 2278 482 2310 1,
498 2277 536 2305 11
554 2279 586 2304 et
600 2277 641 2305 18

226 2317 390 2347 Animatus
404 2317 447 2347 sic
469 2317 514 2352 iii,
529 2320 560 2353 5,
577 2319 618 2347 12
641 2316 721 2347 circa
746 2316 880 2356 aliquem

183 2360 335 2389 animatus
357 2359 419 2394 xiV,
434 2362 466 2394 1,
476 2361 495 2389 3

227 2401 367 2432 Animosi
393 2401 480 2441 Tyrii
507 2400 620 2431 fiducia
646 2399 880 2440 Carthaginien-

182 2443 262 2474 sium
284 2443 326 2479 xi,
342 2446 394 2479 10,
409 2445 450 2474 12

227 2485 358 2515 Animus
373 2485 474 2515 minax
496 2484 518 2520 i,
534 2488 564 2519 5,
579 2487 598 2514 5
621 2484 730 2524 ingens
752 2484 774 2520 i,
790 2487 821 2520 6,
839 2487 879 2515 12

184 2528 302 2558 animus
324 2538 388 2557 non
402 2528 490 2557 deest
505 2526 597 2556 alicui
616 2526 649 2555 in
670 2526 817 2556 auxilium
833 2526 880 2556 sui

184 2571 206 2606 i,
222 2574 253 2606 9,
266 2573 308 2601 20
332 2570 450 2600 animus
476 2569 516 2598 ad
541 2567 731 2598 moriendum
757 2574 880 2608 paratus

182 2614 214 2650 ii,
234 2616 285 2648 ll,
301 2615 322 2643 9
343 2612 461 2642 animus
477 2610 623 2651 parcendi
635 2611 723 2640 victis
744 2615 880 2650 promtus

183 2656 224 2691 ix,
238 2658 269 2691 8,
286 2658 327 2685 20
350 2655 435 2684 caede
461 2653 587 2683 satiatus
610 2653 662 2689 xii,
683 2656 714 2689 6,
739 2656 757 2683 5
792 2653 882 2684 sicuti

184 2698 215 2727 in
240 2697 370 2732 hostem,
391 2697 434 2726 ita
466 2696 499 2725 in
522 2700 649 2725 mortem
674 2695 806 2725 invictus
828 2696 881 2731 xii,

184 2743 237 2775 15,
252 2743 272 2770 4
295 2739 412 2768 animus
424 2739 455 2768 in
470 2748 537 2768 eam
549 2737 784 2768 reminclinatus
797 2736 882 2774 xviii,

184 2786 216 2819 l,
232 2784 252 2812 2
275 2781 409 2811 animum
423 2781 463 2811 ad
478 2779 595 2821 aliquid
617 2779 752 2810 intendit
773 2780 834 2816 xxi,
852 2783 882 2816 1,

183 2827 204 2856 4
241 2823 444 2854 facinorosum
476 2823 611 2852 animum
646 2823 686 2852 ad
715 2822 884 2853 domestica

184 2866 299 2897 scelera
320 2866 469 2897 convertit
496 2865 576 2901 xxiv,
591 2868 623 2900 2,
641 2868 657 2896 1
682 2865 816 2895 animum
843 2866 882 2895 ad

185 2908 323 2940 Deorum
338 2909 452 2950 templa
465 2907 615 2940 convertit
635 2907 715 2945 xxiv,
731 2911 763 2945 6,
776 2910 796 2939 4
819 2907 882 2938 ani-

1573 345 1623 387 xi

927 467 1008 486 mum
1020 456 1096 496 regis
1111 456 1201 496 fregit
1216 456 1316 493 xxxiv,
1333 459 1365 492 3,
1382 459 1401 487 4
1425 456 1559 487 animum
1576 468 1624 488 se-

927 499 973 528 nis
989 499 1112 539 pellices
1128 499 1310 529 obsidebant
1321 499 1384 535 xlii,
1396 502 1428 535 4,
1449 503 1465 530 1
1489 500 1623 530 animum

926 541 1062 570 nubendi
1074 541 1212 571 omittere
1223 541 1254 576 ii,
1267 544 1298 577 4,
1307 546 1324 572 5
1339 542 1471 572 animum
1481 542 1628 572 vincendi

926 593 1034 623 capere
1050 594 1086 613 ex
1102 584 1314 623 superstitione
1341 583 1393 619 vii,
1409 587 1440 620 2,
1458 587 1496 614 10
1532 585 1626 615 animi

926 625 995 665 plus
1010 625 1102 655 alicui
1115 631 1162 655 est
1173 636 1263 665 quam
1279 626 1331 656 alii
1344 625 1386 661 xi,
1399 629 1451 662 10,
1468 629 1507 657 13
1524 627 1626 657 animo

924 666 1169 715 magnificentior
1189 667 1230 703 ix,
1247 670 1278 703 8,
1295 671 1333 698 13
1358 668 1459 698 animo
1480 670 1628 700 concordi

923 709 955 745 ii,
971 713 1022 744 10,
1039 713 1058 740 9
1094 691 1248 739 imbecillo
1281 710 1448 740 secundam
1474 711 1626 741 fortunam

924 751 1002 782 ferre
1025 751 1087 787 viii,
1111 754 1140 787 1,
1157 754 1177 782 4
1212 751 1314 782 animo
1345 753 1485 792 quaedam
1512 754 1627 793 agitare

925 793 989 830 viii,
1005 796 1036 829 3,
1054 796 1094 824 12
1117 793 1219 823 animo
1235 793 1407 842 prospicere
1433 795 1473 830 ix,
1491 798 1522 831 1,
1540 799 1556 826 l
1580 806 1627 826 re-

926 841 1036 867 vocato
1051 836 1090 865 ad
1106 834 1219 866 bellum
1235 837 1336 866 animo
1359 837 1400 872 xi,
1413 839 1444 872 6,
1459 839 1499 868 18
1533 838 1627 868 animi

926 877 997 920 (pro
1027 877 1146 918 animo)
1169 878 1250 914 xxxi,
1266 881 1297 914 3,
1313 881 1333 909 6
1360 879 1528 909 animorum
1554 880 1627 921 (pro

927 920 1031 956 animi,
1057 925 1088 950 et
1112 921 1171 950 hoc
1196 931 1251 961 pro
1278 921 1424 961 audacia)
1446 921 1509 957 xiii,
1533 925 1564 958 5,
1587 926 1626 953 13

927 963 1044 993 animos
1049 963 1132 1010 (pro
1147 963 1294 999 animum,
1311 969 1344 994 et
1366 964 1425 994 hoc
1449 974 1504 1004 pro
1528 965 1629 995 consi-

927 1004 986 1046 lio)
1009 1004 1070 1040 xxi,
1092 1008 1124 1041 6,
1139 1008 1156 1036 1
1181 1005 1317 1036 Freinsh.
1357 1006 1486 1036 Animos
1513 1012 1631 1037 cetero-

928 1057 994 1077 rum
1008 1047 1141 1078 defectio
1153 1047 1244 1088 fregit
1265 1049 1298 1085 ii,
1315 1051 1367 1083 12,
1383 1051 1423 1079 25
1448 1049 1566 1079 animos
1582 1050 1630 1079 in-

924 1088 1006 1130 juria
1020 1095 1052 1119 et
1064 1089 1230 1131 indignitas
1254 1090 1338 1121 acuit
1359 1090 1400 1126 iii,
1415 1095 1445 1126 5,
1461 1094 1481 1122 4
1511 1092 1629 1122 animos

929 1131 1048 1162 extollit
1061 1133 1202 1163 nobilitas
1225 1133 1246 1168 i,
1263 1136 1294 1170 4,
1316 1136 1336 1164 4
1369 1133 1538 1164 animorum
1566 1135 1630 1164 ala-

928 1173 1018 1205 critas
1033 1184 1144 1214 magna
1156 1180 1203 1205 est
1216 1175 1398 1216 aliquibus'
1390 1176 1423 1211 11,
1439 1178 1470 1212 9,
1487 1179 1526 1207 11
1561 1182 1631 1207 tan-

928 1217 966 1247 tis
982 1216 1091 1247 animis
1102 1227 1282 1247 concursum
1291 1224 1338 1248 est
1359 1217 1403 1254 iii,
1415 1223 1446 1254 5,
1455 1221 1494 1249 13
1511 1224 1631 1249 tantum

928 1259 1097 1290 animorum
1119 1259 1160 1295 vi,
1184 1263 1216 1296 7,
1236 1264 1255 1291 5
1294 1260 1417 1290 hostiles
1440 1261 1555 1291 animos
1576 1263 1631 1292 de-

930 1312 1043 1342 ponere
1066 1302 1118 1337 vii,
1133 1305 1165 1338 3,
1178 1304 1199 1332 9
1229 1313 1266 1333 ea
1286 1313 1332 1332 res
1348 1303 1464 1333 animos
1479 1313 1582 1333 eorum
1598 1305 1631 1334 in

929 1354 1014 1384 spem
1031 1345 1203 1375 condendae
1218 1344 1299 1375 urbis
1322 1346 1464 1376 accendit
1484 1346 1548 1382 xiii,
1563 1350 1594 1383 7,
1611 1350 1632 1378 6

929 1386 1186 1427 animijuveniles
1201 1388 1320 1428 utrique
1335 1393 1422 1417 erant
1442 1388 1516 1424 xvii,
1537 1391 1568 1425 1,
1591 1392 1631 1420 ll

931 1428 1024 1458 animi
1039 1428 1168 1459 minores
1183 1439 1290 1478 quamn
1298 1430 1381 1466 xviii,
1398 1434 1429 1466 l,
1445 1433 1464 1461 2
1488 1411 1630 1471 luporum

930 1470 1047 1501 animos
1060 1471 1171 1502 habere
1193 1471 1316 1508 xxxviii,
1331 1475 1363 1509 6,
1375 1476 1396 1503 6

973 1513 1084 1544 Annus
1107 1514 1234 1554 insignis
1256 1514 1447 1544 Athenarum
1473 1525 1632 1556 expugna-

931 1556 1014 1586 tione
1037 1561 1069 1586 et
1091 1555 1181 1586 Darii
1195 1562 1290 1587 morte
1314 1562 1345 1586 et
1368 1557 1515 1598 Dionysii
1540 1558 1632 1588 exilio

931 1609 961 1635 ν,
978 1601 1009 1634 8,
1026 1602 1044 1629 7
1069 1608 1149 1628 anno
1165 1600 1274 1629 eodem
1289 1609 1351 1639 quo
1373 1599 1476 1630 Roma
1499 1611 1517 1629 a
1533 1600 1632 1631 Gallis

931 1646 1034 1681 capta,
1062 1651 1120 1681 pax
1142 1646 1206 1671 tota
1230 1641 1351 1672 Graecia
1376 1643 1476 1672 extitit
1508 1644 1549 1679 vi,
1564 1647 1595 1679 6,
1612 1647 1631 1674 5

931 1693 1013 1713 anno
1028 1684 1137 1714 eodem
1154 1689 1212 1714 tres
1225 1684 1334 1714 summi
1343 1684 1540 1726 imperatores
1553 1696 1632 1716 mor-

931 1725 976 1755 tui
998 1726 1078 1761 xxxi,
1093 1729 1124 1762 4,
1139 1728 1178 1757 13

974 1748 1124 1798 Annuuni
1146 1767 1294 1809 vectigale
1314 1769 1460 1799 tributum
1482 1769 1547 1805 xiii,
1565 1772 1595 1804 1,
1611 1773 1632 1802 9

931 1819 1067 1840 annuum
1079 1810 1207 1851 vectigal
1232 1811 1315 1847 xviii,
1331 1816 1362 1847 5,
1378 1814 1420 1842 14
1451 1813 1545 1841 annui
1568 1823 1633 1842 ma-

931 1852 1072 1892 gistratus
1094 1853 1126 1888 ii,
1142 1855 1173 1889 7,
1190 1856 1210 1884 2
1233 1863 1422 1884 successores
1443 1853 1487 1889 iii,
1499 1857 1531 1889 3,
1550 1857 1566 1885 1

971 1894 1150 1925 Antandrus
1165 1894 1346 1936 Agathoclis
1362 1896 1453 1926 frater
1475 1896 1548 1932 xxii,
1564 1899 1596 1933 7,
1612 1900 1633 1928 2

972 1936 1055 1967 Ante
1068 1938 1149 1968 diem
1165 1937 1237 1978 (pro
1253 1944 1324 1968 ante
1339 1937 1417 1973 dies,
1432 1939 1491 1969 hoc
1507 1944 1565 1973 est,
1578 1939 1634 1968 ali-

930 1980 1013 2018 quod
1030 1979 1167 2019 tempus)
1193 1980 1235 2015 vi,
1250 1983 1282 2015 7,
1297 1983 1316 2011 7
1351 1980 1428 2020 (nisi
1453 1986 1499 2010 est
1524 1981 1634 2011 eodem

927 2021 979 2051 die
995 2026 1029 2051 ut
1044 2026 1052 2038 ‘
1065 2027 1137 2052 ante
1152 2021 1319 2052 Kalendas’
1330 2022 1362 2052 in
1378 2022 1413 2054 L.
1428 2025 1477 2053 13.
1492 2028 1523 2053 et
1534 2023 1568 2053 L.
1582 2027 1635 2054 56.

928 2063 958 2103 ξ.
983 2067 1014 2094 5.
1029 2063 1072 2094 D.
1085 2065 1124 2094 de
1134 2064 1175 2095 V.
1191 2064 1229 2094 O.
1263 2065 1400 2095 Freinsh.
1421 2065 1505 2095 Ante
1515 2066 1634 2106 experi-

928 2112 1064 2136 mentum
1088 2106 1159 2137 belli
1183 2107 1312 2137 nimium
1338 2108 1400 2137 suis
1423 2108 1536 2138 viribus
1563 2109 1632 2138 fidit

928 2147 1044 2178 Xerxes
1075 2149 1108 2184 ii,
1124 2151 1176 2185 10,
1193 2153 1232 2180 15
1271 2154 1343 2179 ante
1366 2149 1484 2189 jactum
1506 2152 1632 2190 sagitta-

928 2200 993 2220 rum
1018 2192 1056 2221 ad
1080 2192 1198 2222 hostem
1217 2192 1345 2222 veniunt
1369 2192 1576 2223 Athenienses
1598 2194 1632 2229 ii,

928 2235 1016 2268 9,11
1042 2238 1112 2263 ante
1134 2244 1248 2263 annum
1273 2234 1414 2274 Trojanae
1438 2235 1534 2265 cladis
1560 2236 1632 2276 (pro

929 2285 1010 2304 anno
1026 2280 1098 2306 ante
1121 2276 1286 2316 Trojanam
1302 2277 1438 2314 cladem)
1465 2278 1548 2312 xviii,
1565 2281 1596 2312 3,
1612 2282 1630 2308 5

928 2316 1032 2347 Vorst.
1071 2317 1154 2348 Ante
1179 2319 1280 2348 omnia
1302 2319 1388 2358 (su‘r
1399 2320 1478 2349 allen
1493 2320 1635 2359 dingen)

928 2358 970 2395 xi,
985 2363 1051 2394 2,1
1075 2360 1245 2401 (Loquitur
1267 2361 1311 2389 ita
1337 2361 1516 2391 Marcianus
1539 2362 1571 2390 in
1597 2363 1632 2392 L.

928 2404 981 2431 23.
998 2402 1041 2432 D.
1063 2402 1102 2432 de
1118 2402 1241 2432 Probat.
1265 2407 1296 2432 et
1319 2403 1434 2432 Valens
1459 2403 1496 2433 L.
1524 2406 1576 2434 22.
1593 2405 1632 2434 de

928 2443 1024 2474 Alim.
1040 2444 1133 2485 legat.
1154 2449 1185 2474 et
1200 2445 1326 2475 Sueton.
1345 2444 1377 2474 in
1392 2445 1490 2486 Calig.
1514 2446 1574 2481 xxi,
1596 2445 1635 2487 5)

929 2485 1065 2515 Freinsh.

972 2527 1127 2557 Anteacta
1148 2539 1177 2564 V,
1195 2531 1247 2564 10,
1263 2530 1301 2558 11

970 2570 1165 2600 Antecedere
1175 2570 1293 2610 aliquos
1306 2570 1466 2601 nobilitate
1482 2572 1584 2608 xxxiii,
1602 2575 1633 2608 1,

931 2615 947 2644 1
972 2611 1104 2652 aliquem
1120 2616 1210 2642 aetate
1238 2613 1337 2648 xxxiv,
1354 2616 1384 2647 3,
1401 2615 1419 2643 7

971 2654 1099 2684 Anteire
1113 2665 1219 2684 omnes
1233 2655 1372 2685 foeminas
1386 2655 1515 2685 mollitia
1524 2666 1634 2696 corpo-

929 2697 969 2727 ris
989 2696 1011 2732 i,
1027 2700 1058 2732 3,
1081 2699 1100 2727 2
1124 2696 1190 2736 (Sic
1213 2697 1246 2726 in
1272 2697 1380 2726 malam
1406 2707 1437 2736 p.
1462 2705 1634 2738 usurpatur.

929 2738 1015 2769 Alibi
1029 2739 1060 2768 in
1075 2739 1196 2769 bonam.
1230 2738 1286 2775 Ut,
1301 2739 1416 2769 anteire
1430 2739 1508 2770 viros
1523 2741 1635 2772 virtute

930 2782 951 2818 i,
968 2785 1000 2817 2,
1013 2781 1049 2821 6)
1063 2781 1166 2811 Vorst.

975 2823 1205 2854 Antelucanum
1220 2827 1340 2863 tempus
1362 2823 1384 2859 i,
1398 2826 1430 2859 6,
1441 2828 1460 2855 2

977 2866 1118 2897 Antenor
1132 2866 1321 2896 Venetorum
1336 2867 1477 2897 conditor
1498 2878 1548 2904 xx,
1566 2872 1595 2905 l,
1611 2872 1631 2900 8

977 2908 1174 2951 Anteponere
1189 2918 1274 2949 spem
1298 2909 1414 2949 praemii
1437 2910 1507 2940 fidei
1534 2921 1633 2941 sacra-
