2101 3419
600 337 795 369 ausuum
830 337 909 366 mn
943 336 1048 366 x1v.
1081 337 1185 366 off.
1216 326 1255 365 l.

203 436 310 468 stulte
333 433 462 466 cladem
483 431 739 471 dissimulando,
762 438 796 462 et
823 431 905 462 laeta

202 486 314 517 omnia
329 483 501 525 fingendo,
523 483 532 499 ‘
545 482 698 513 remedia
709 482 822 522 potius
837 491 903 511 ma-

203 537 324 574 lorum,
350 543 449 575 quam
481 532 568 563 mala
595 531 787 563 distulerit:
828 541 904 562 cum

202 584 379 618 confitenti
390 582 660 623 consultantique
674 579 902 622 superfuturae

203 636 315 667 adhuc
330 633 459 665 fuerint
482 642 560 674 spes
587 632 765 673 viresque.’
810 631 901 662 Add.

205 685 399 724 exemplum
419 682 528 714 Niciae
552 693 608 723 ap.
620 682 774 723 Thucyd.
789 690 854 712 vn.
871 684 902 712 2.

206 739 257 768 17.
282 734 430 766 Caesaris
460 744 515 775 ap.
537 735 634 765 Suet.
664 736 718 765 66.
748 736 780 764 1.
824 733 903 764 Seu.

205 785 281 818 OEd.
304 790 372 816 act.
394 794 450 817 111.
468 795 517 816 vs.
542 787 573 816 7.
597 785 715 816 ‘Iners
741 784 903 815 malorum

205 836 392 868 remedium
423 836 614 877 ignorantia
647 835 723 867 est.’
790 836 836 866 Et
870 835 902 866 in

204 887 314 927 ejusd.
342 887 517 928 Agamem.
531 896 588 917 111.
606 889 658 918 28.
683 887 904 927 Clytaemnes-

205 942 280 968 tra:
304 940 313 954 ⁴
333 937 455 969 Clades
480 937 568 968 scire
585 937 642 977 qui
666 936 794 976 refugit
814 946 904 975 suas,

205 988 339 1020 Gravat
376 988 556 1019 timorem:
592 987 693 1018 dubia
724 987 799 1026 plus
836 991 904 1017 tor-

204 1042 312 1079 quent
327 1037 438 1070 mala?
483 1038 662 1070 Quomodo
678 1037 830 1068 Martial.
848 1046 903 1067 111.

204 1088 306 1129 Epig.
321 1091 375 1120 42.
399 1088 409 1105 ‘
424 1088 525 1121 Quod
542 1088 683 1128 tegitur,
705 1087 815 1128 majus
831 1096 904 1118 cre-

206 1139 298 1171 ditur
314 1150 388 1171 esse
404 1139 552 1171 malum.'
576 1140 675 1171 Ber-n.

247 1191 302 1230 §2
326 1191 425 1221 Fama
438 1193 492 1221 aut
517 1199 582 1221 rem
609 1190 642 1220 in
666 1187 766 1227 majus
780 1189 905 1219 extolle-

203 1239 268 1280 ret]
289 1241 368 1271 Tac.
386 1249 441 1271 ιη.
457 1243 512 1272 44.
534 1241 543 1257 ‘
560 1241 703 1280 Cuncta,
719 1245 755 1270 ut
769 1249 838 1269 mos
855 1238 905 1269 fa-

204 1299 281 1330 mae,
295 1290 329 1320 in
345 1290 451 1330 majus
468 1289 620 1321 credita.'
665 1290 711 1320 Et
729 1289 773 1320 H.
790 1298 838 1319 1v.
853 1291 905 1321 50.

203 1340 317 1370 ‘Vera
332 1345 366 1371 et
383 1339 481 1380 falsa,
508 1351 599 1372 more
616 1340 728 1380 famae,
745 1341 777 1371 in
795 1339 904 1380 majus

207 1388 409 1421 innotuere.'
435 1390 484 1421 Id.

251 1440 268 1479 ’ς
284 1441 303 1469 3
327 1440 429 1471 Simul
445 1443 479 1471 ut
493 1441 576 1472 circa
591 1450 622 1471 se
637 1440 769 1471 animali
791 1440 904 1480 essent]

210 1488 308 1530 Angl.
324 1490 415 1521 simul
426 1494 460 1521 ut
472 1493 616 1531 quomodo
631 1492 713 1522 circa
728 1501 759 1522 se
774 1491 905 1522 animati

208 1544 307 1572 essent
322 1545 526 1580 cognosceret.
582 1542 809 1573 Rectissima:
841 1551 904 1572 nec

210 1595 326 1632 potest
343 1592 444 1622 aliter
460 1602 522 1632 per
544 1593 710 1623 rationem
727 1593 904 1623 sermonis.

210 1641 285 1672 Nisi
311 1646 467 1681 putamus
493 1642 668 1682 scripsisse
695 1642 788 1675 Just.
813 1643 906 1673 simul

206 1695 255 1731 ut,
282 1695 316 1723 ut
331 1692 424 1732 circa,
447 1692 657 1733 alterumque
682 1697 718 1723 ut
742 1697 906 1733 tanquam

210 1741 414 1782 superfluum
444 1751 517 1772 esse
555 1743 727 1781 omissum,
757 1747 792 1773 et
822 1742 904 1773 illud

207 1795 353 1832 quomodo
369 1802 442 1824 esse
459 1794 611 1833 glossam.
649 1794 742 1824 Solet
755 1803 834 1824 saue
846 1793 904 1824 illo

206 1847 241 1874 ut
257 1843 335 1875 alibi
350 1843 397 1875 sic
413 1844 474 1875 uti.
520 1844 575 1874 Sic
594 1852 626 1875 v.
647 1843 657 1860 ‘
669 1843 796 1874 Scribit
812 1843 855 1882 ei,
867 1847 905 1874 ut

206 1894 384 1934 ablegatus
400 1893 434 1925 in
450 1894 572 1924 Persas
589 1894 629 1924 ab
647 1903 709 1924 avo
727 1893 842 1933 fuerit,
869 1898 906 1925 ut

207 1945 318 1976 occidi
348 1954 424 1975 eum
451 1945 627 1985 parvulum
649 1944 813 1984 jussemus
841 1947 904 1976 δίο.

207 1995 287 2027 vid.
304 1995 410 2026 simile
427 1995 507 2036 quid
525 2004 691 2026 xxxvlu.
706 1998 737 2026 6.
751 1998 781 2026 8.
799 1995 903 2034 Schef.

250 2046 303 2086 §4
326 2046 454 2077 Habere
483 2055 551 2076 eum
573 2045 749 2076 discedendi
771 2049 905 2086 potesta-

179 2120 183 2123 .
207 2097 285 2137 tem]
308 2097 365 2129 Sic
383 2106 480 2128 xxu.
495 2099 526 2127 4.
543 2101 574 2127 5.
597 2097 698 2128 Rern.

250 2149 302 2188 §5
331 2148 375 2179 Ut
388 2149 471 2179 ultro
498 2147 606 2179 bellum
631 2157 734 2178 omnes
748 2147 904 2179 hortaren-

207 2197 275 2238 tur]
320 2197 498 2229 Assentior
536 2198 724 2237 Gronovio,
768 2199 824 2239 qui
863 2199 905 2230 ad

208 2249 318 2289 Epist.
343 2249 484 2280 Senecae
512 2251 563 2279 12.
601 2249 686 2280 hanc
714 2250 798 2280 Mss.
823 2250 904 2281 lect.

206 2299 354 2340 probat3
378 2309 476 2340 quem
492 2299 559 2330 vid.
594 2299 661 2330 Ov.
685 2300 694 2316 ‘
713 2300 821 2340 Cupio
837 2309 904 2331 uon

207 2351 415 2391 persuadere
431 2349 519 2392 quod
532 2349 670 2381 hortor!
698 2350 805 2382 Groev.

255 2401 299 2432 Ut
322 2402 404 2432 ultro
436 2410 538 2432 omnes
566 2400 653 2431 illum
690 2400 904 2440 hortarentur]

207 2450 355 2483 Gronov.
371 2460 434 2492 pro
459 2451 546 2481 illum
560 2450 696 2491 legend.
714 2456 830 2482 censet
844 2452 904 2482 bel-

208 2501 282 2541 lum,
303 2505 341 2532 ut
365 2501 399 2532 in
421 2500 518 2532 codd.
537 2500 694 2541 quibusd.
721 2501 803 2532 Mss.
831 2511 905 2532 esse

209 2555 355 2582 testatur
378 2552 488 2591 Bong.
535 2552 579 2582 Et
597 2551 757 2582 adsciscit
774 2561 854 2583 sane
867 2551 905 2583 τὸ

207 2601 328 2632 hortari
342 2611 409 2633 non
419 2602 649 2632 accusativum
661 2611 814 2642 personae
829 2606 904 2633 tan-

209 2654 293 2691 tum,
315 2651 373 2682 sed
389 2656 425 2683 et
441 2651 499 2683 rei.
545 2651 616 2683 Cic.
633 2661 656 2682 1.
679 2652 755 2684 Cat.
780 2653 789 2669 ‘
805 2653 904 2685 Quod

212 2704 245 2731 te
267 2701 396 2741 jamdiu
420 2701 559 2733 hortor!
605 2703 650 2734 Et
668 2712 727 2743 pro
745 2703 784 2734 C.
802 2703 903 2735 Corn.

209 2750 219 2766 ‘
232 2750 356 2791 Legem
369 2751 524 2792 dedit,an
541 2752 632 2794 tulit,
647 2763 688 2784 au
705 2753 849 2794 rogavit,
862 2763 903 2784 an

210 2800 363 2832 hortatus
379 2807 431 2833 est
441 2801 462 2831 ?’
489 2803 562 2834 Vor.

254 2853 307 2892 §6
330 2853 370 2883 In
394 2855 558 2895 AEtoliam]
601 2855 786 2896 Impudens
812 2866 902 2887 men-

211 2902 302 2935 dum.
347 2904 494 2945 Legend.
508 2905 542 2938 in
557 2906 704 2948 AEotiam,
720 2908 830 2940 nonin
847 2908 903 2940 AE-

1571 321 1657 363 853

955 430 1071 462 lolium.
1119 431 1202 461 Haec
1230 429 1319 461 enim
1340 428 1451 460 omnia
1476 431 1552 459 acta
1577 431 1657 458 sunt

957 481 989 511 in
1007 481 1100 518 Asia,
1122 481 1179 511 ubi
1206 480 1314 511 lEolia
1337 484 1399 518 est,
1428 488 1502 509 cum
1532 477 1658 509 AEtolia

957 531 1002 562 sit
1025 531 1057 561 in
1083 532 1239 570 Eur0pa3
1263 540 1301 561 ac
1323 540 1400 561 mox
1428 529 1553 561 Sardes
1581 538 1657 569 pro·

955 580 1121 611 ficiscitur
1147 580 1189 610 ad
1217 580 1447 619 Cleopatram.
1495 579 1580 610 Quae
1605 587 1657 609 se-

956 636 1108 670 quuntur
1136 638 1196 670 per
1224 630 1353 670 aliquot
1375 639 1490 660 versus
1516 629 1656 660 multam

956 681 1128 720 accipiunt
1153 681 1417 719 cavillationem,
1433 679 1493 710 sed
1510 689 1571 710 nos
1589 679 1656 710 alia

957 731 1098 770 agimus.
1126 730 1273 761 Glarean.
1334 730 1371 760 ln
1400 729 1568 770 AEtoliam]
1603 730 1659 761 In-

957 786 1050 821 epte.
1075 781 1115 811 Iu
1134 780 1352 821 Cappadocia
1368 780 1458 811 enim
1472 780 1545 811 haec
1561 784 1659 821 gesta

957 841 1043 871 esse,
1060 836 1158 871 patet
1180 841 1255 862 cum
1273 841 1316 862 ex
1332 831 1439 862 Diod.
1457 840 1561 862 xmx.
1585 835 1658 862 tum

956 882 1062 912 etiam
1087 892 1129 912 ex
1155 882 1243 913 aliis.
1290 882 1390 913 Hanc
1420 880 1657 913 difficultatem

957 932 1115 964 viderunt
1131 933 1203 972 alii,
1227 932 1285 974 qui
1304 933 1438 963 AEoliam
1455 931 1568 963 conati
1581 935 1660 962 sunt

957 993 1135 1024 reponere.
1179 984 1333 1014 Frustra.
1377 982 1484 1014 Scrib.
1510 982 1543 1013 z'n
1565 983 1658 1014 AEtu-

956 1034 1040 1065 liam.
1085 1034 1239 1065 AEtulz‘am
1255 1037 1368 1072 vocat,
1383 1042 1483 1074 quam
1500 1031 1557 1063 alii
1581 1033 1590 1049 ‘
1603 1031 1658 1062 ΙΕ-

958 1084 1122 1116 tuianen.'
1168 1085 1218 1115 Ea
1244 1088 1297 1115 est
1324 1083 1494 1114 Armeniae
1518 1082 1659 1114 minori3

958 1136 1080 1176 portio,
1098 1135 1130 1165 in
1147 1134 1381 1175 Cappadocia.
1426 1133 1658 1165 Ptolemaeus:

957 1187 1110 1227 Ἀρμενίας
1125 1187 1232 1227 μικρᾶς
1258 1186 1277 1224 ἡ
1302 1185 1359 1225 μὲν
1372 1183 1583 1226 ἆρκτικωτάτη
1606 1195 1660 1215 κα·

956 1239 1058 1269 λεΐται
1073 1236 1296 1279 Ὀρβαλισηνή·
1319 1237 1339 1274 ἦ
1365 1235 1397 1267 δὲ
1424 1236 1473 1266 ὑπ’
1489 1235 1585 1272 αὐτὴν
1607 1234 1659 1265 Αἶ-

956 1287 1104 1325 τουλανή.
1149 1287 1223 1320 Εἶτα
1245 1286 1398 1328 Αἷρετικὴ,
1421 1285 1472 1317 καὶ
1497 1287 1546 1316 ὑπ’
1562 1286 1659 1323 αὐτὴν

957 1339 1106 1379 Ὀρσηνὴ,
1128 1338 1178 1369 καὶ
1201 1335 1478 1378 μεσημβρινωτάτη
1503 1335 1582 1375 μετὰ
1601 1336 1660 1373 τὴν

956 1389 1116 1430 Ὀρσηνὴν,
1142 1387 1323 1430 Ὀρβισηνή.
1380 1387 1438 1418 Sic
1469 1388 1534 1427 leg.
1573 1387 1658 1418 Voss.

958 1441 1139 1473 Quomodo
1164 1441 1197 1471 in
1228 1440 1392 1479 AEtoliam,
1420 1448 1496 1469 cum
1527 1438 1603 1468 haec
1623 1438 1658 1468 in

958 1491 1040 1522 Asia
1057 1491 1184 1522 Minori
1201 1490 1369 1530 agantur?
1407 1488 1580 1519 Praeclare
1597 1487 1658 1528 igi-

960 1546 1015 1571 tur
1046 1541 1091 1572 Is.
1119 1541 1216 1572 Voss.
1241 1540 1299 1581 qui
1316 1540 1498 1570 AEtulanam
1524 1539 1658 1570 s.AEtu-

958 1591 1043 1630 liam,
1067 1600 1109 1621 ex
1138 1590 1327 1621 Ptolemaeo
1345 1589 1552 1620 emendavit.
1595 1590 1660 1620 Est

959 1647 1071 1672 autem
1088 1640 1259 1672 Armeniae
1279 1640 1421 1671 Minoris
1440 1640 1549 1680 portio
1566 1641 1658 1670 AEtu-

958 1693 1040 1723 lana.
1086 1692 1210 1732 Itaque
1227 1691 1313 1722 bene
1331 1691 1373 1721 ad
1389 1690 1659 1731 Cappadociam,

958 1744 991 1773 in
1023 1752 1090 1783 qua
1116 1746 1195 1773 tunc
1223 1747 1298 1773 erat
1328 1742 1512 1772 exercitus.
1556 1741 1657 1772 Addo

957 1794 1019 1824 hoe
1031 1794 1144 1831 etiam,
1156 1793 1309 1824 AEluliam
1318 1793 1352 1823 in
1360 1793 1427 1823 Ms.
1442 1791 1525 1823 Cod.
1538 1796 1659 1833 aperte

958 1844 1038 1885 legi,
1053 1844 1141 1884 quod
1167 1844 1207 1874 ad
1226 1843 1388 1874 fulturam
1411 1842 1659 1873 emendationis

959 1905 1024 1926 non
1042 1905 1159 1935 parum
1186 1894 1282 1925 facit.
1307 1894 1418 1926 Faber.
1465 1894 1543 1925 Non
1560 1894 1659 1925 intel-

957 1945 1096 1985 ligenda
1129 1945 1253 1976 AEtolia
1289 1945 1323 1975 in
1354 1946 1502 1985 Europa,
1538 1945 1597 1976 sed
1625 1945 1658 1975 in

956 1995 1062 2034 Asia;
1088 2006 1163 2037 quae
1177 2001 1229 2026 est
1243 2005 1320 2036 pars
1337 1995 1577 2036 Cappadociae.
1612 1996 1659 2026 Et

957 2046 1037 2087 quia
1052 2047 1085 2077 in
1103 2047 1260 2087 quibusd.
1283 2047 1367 2076 Mss.
1393 2050 1431 2076 ut
1456 2046 1566 2087 Bong.
1593 2050 1660 2076 tes-

957 2101 1062 2137 tatur,
1096 2102 1148 2128 est
1178 2097 1345 2136 AEtnliam,
1375 2097 1425 2128 ita
1453 2106 1588 2137 prorsus
1623 2100 1659 2128 et

955 2147 1091 2188 legend.
1150 2148 1358 2179 Ptolemaeus
1393 2147 1494 2187 enim,
1531 2153 1571 2179 ut
1610 2147 1658 2179 Is.

956 2199 1055 2230 Voss.
1083 2199 1252 2240 observat,
1275 2197 1467 2236 Αἶτουλανὴν
1492 2198 1657 2240 appellat.

963 2250 1036 2281 Vor-

1001 2301 1018 2341 ξ
1036 2303 1056 2332 ’7
1079 2301 1157 2331 Inde
1169 2300 1297 2340 SardIs]
1340 2299 1563 2331 Mss.habent
1580 2300 1657 2330 Sar·-

958 2352 1021 2390 des,
1037 2351 1125 2391 quod
1143 2360 1210 2381 non
1241 2351 1352 2390 video,
1376 2360 1438 2381 cur
1454 2350 1656 2390 repudiave-

959 2400 1038 2431 rint.
1085 2401 1215 2431 Saltem
1241 2401 1322 2432 illud
1361 2400 1474 2432 Sardis
1506 2399 1655 2431 habend.

958 2455 1009 2482 est
1024 2461 1086 2491 pro
1112 2451 1228 2481 Sardes
1258 2452 1310 2482 vel
1341 2451 1484 2490 Sar-deis,
1512 2450 1657 2491 antiqua

958 2502 1157 2542 scriptione,
1170 2511 1234 2542 qua
1251 2501 1339 2532 idem
1350 2501 1514 2540 innuitur,
1529 2510 1568 2531 ea
1581 2505 1655 2531 tan-

957 2556 1028 2583 tum
1046 2550 1261 2590 differentia3
1285 2550 1375 2592 quod
1390 2551 1425 2581 in
1439 2551 1548 2581 altero
1560 2550 1657 2582 Grae-

958 2612 1010 2641 ca,
1033 2603 1067 2632 in
1095 2602 1203 2632 altero
1233 2601 1427 2632 terminatio
1448 2601 1493 2631 sit
1519 2600 1655 2632 Latina.

957 2651 1064 2690 Sclzef.
1108 2651 1175 2682 Sed
1201 2651 1295 2681 Vett.
1323 2650 1520 2681 scribebant
1551 2650 1653 2681 ‘Sar-

958 2702 1024 2733 dis'
1040 2711 1113 2742 pro,
1125 2701 1260 2741 Sardes,
1272 2705 1309 2731 ut
1321 2700 1401 2731 Sall.
1419 2701 1428 2717 ‘
1442 2699 1549 2731 omnis
1560 2698 1569 2713 '
1582 2708 1657 2740 pro,

957 2762 1094 2791 omnes;
1117 2753 1126 2769 ‘
1142 2751 1225 2783 tris'
1250 2761 1324 2793 pro,
1340 2756 1430 2790 tres;
1454 2755 1489 2782 et
1501 2750 1593 2782 mille
1606 2755 1656 2782 ta-

956 2803 1012 2834 lia.
1038 2805 1147 2833 Graev.

1004 2855 1044 2885 Ut
1061 2854 1125 2892 ejus
1138 2862 1209 2883 voce
1231 2851 1423 2883 centuriones
1442 2850 1655 2892 principesque

955 2905 1222 2947 confirmarentur,
1237 2902 1307 2943 ὅπῃ]
1330 2902 1436 2934 Plane
1449 2902 1653 2934 soloecismus
