2174 3424
499 346 585 389 666
961 351 1101 383 No'rAE

504 460 576 482 rum
593 447 845 488 conspiratione
861 447 1062 488 populorum
1075 456 1135 487 per
1150 446 1199 476 in-

503 501 607 532 sidias
625 499 787 530 trucidati
808 502 934 538 essent,
957 501 996 529 ut
1011 497 1130 528 scribit
1146 507 1200 528 su-

503 561 567 594 pra
578 560 617 582 11.
631 553 663 581 3.
678 553 710 581 4.
738 549 840 581 Vorst.

547 602 771 640 Assecutasque
784 600 914 640 virtme]
936 598 1037 640 Angl.
1062 608 1116 639 per
1138 597 1200 628 vir-

504 655 613 684 tutem.
658 651 811 682 Alterum
828 654 880 680 est
895 658 937 679 ex
955 650 1078 689 glossa.
1103 649 1200 679 Lect.

504 704 596 743 vulg.
614 702 692 732 mihi
711 700 855 741 genuina
872 699 1016 730 videtur.
1041 698 1158 738 Scheffi

550 755 622 794 §31
649 749 862 789 Penthesilea]
887 749 1024 780 Servius
1048 748 1091 779 ad
1115 748 1198 779 illud

506 803 628 842 Vin-git.
652 806 660 818 ‘
677 801 784 831 Ducit
809 798 1052 830 Amazonidum
1080 798 1203 829 lunatis

507 854 641 891 agmina
672 852 772 893 peltis
802 849 1018 880 Penthesilea
1056 847 1169 878 furens
1183 848 1204 879 :’

506 907 515 920 ‘
531 906 712 935 Furentem
728 900 830 934 ideo,’
847 900 968 940 inquit,
989 900 998 914 ‘
1013 899 1113 938 dixit,
1127 899 1205 938 quia

509 963 655 985 sororem
673 961 765 982 suam
794 951 826 980 in
856 948 1036 979 venatione
1052 948 1205 987 confixit,

509 1004 664 1035 simulans
681 1011 715 1031 se
741 1010 876 1031 cervam
900 997 1016 1029 ferire.
1061 998 1127 1028 Sed
1144 1000 1205 1029 noc

509 1063 571 1094 per
587 1052 770 1084 transitum
786 1050 894 1090 tangit
908 1060 916 1080 z
942 1059 1018 1079 nam
1034 1048 1088 1079 hic
1112 1047 1206 1079 furor

510 1103 651 1135 bellicus
668 1101 883 1141 intelligitur,
907 1104 965 1130 aut
982 1099 1105 1138 furenS,
1130 1099 1208 1140 quia

510 1153 641 1193 majora
653 1151 781 1182 viribus
798 1149 958 1181 audebat.
992 1149 1076 1179 Haec
1095 1154 1207 1179 autem

510 1203 634 1234 Martis
665 1206 700 1232 et
732 1201 868 1231 Otreris
904 1199 972 1230 filia
1001 1198 1078 1237 fuit,
1109 1209 1208 1240 quam

511 1253 666 1285 Achilles
683 1261 758 1283 cum
770 1250 935 1281 adversus
950 1259 984 1280 se
1001 1254 1208 1289 pugnantem

512 1303 725 1344 peremisset,
742 1306 815 1341 post
828 1305 968 1331 mortem
986 1299 1060 1339 ejus
1076 1299 1208 1329 adama-

513 1354 572 1392 vit,
597 1351 847 1392 honorificeque
874 1349 1055 1390 sepelivit.’
1110 1349 1211 1386 Haec,

513 1404 661 1445 inquam,
684 1401 726 1432 ad
741 1402 833 1432 illum
851 1400 983 1439 Virgilii
1006 1400 1114 1429 locum
1135 1400 1211 1430 Ser-

512 1455 586 1486 vius
610 1458 724 1484 noster
750 1461 850 1482 manu
877 1455 1033 1481 exaratus
1066 1448 1210 1480 Fulden-

514 1505 573 1544 sis,
599 1513 664 1535 non
690 1501 981 1534 Pseudo-Servius
1009 1500 1065 1530 ille
1092 1500 1212 1539 vulga-

514 1560 581 1595 tus,
604 1565 659 1596 ap.
682 1563 781 1595 quem
804 1552 965 1592 pleraque
981 1555 1016 1581 et
1039 1549 1211 1581 meliorem

513 1606 633 1637 horum
664 1608 794 1645 partem
832 1611 898 1633 non
929 1601 1088 1632 invenias.
1123 1601 1211 1631 Mod.

517 1656 726 1688 Amazonum
745 1653 871 1693 regina,
883 1662 980 1694 quam
997 1651 1119 1682 anxilio
1132 1653 1213 1683 Tro-

512 1706 604 1747 jauis
623 1705 752 1735 venisse
770 1703 953 1744 proditum,
970 1706 1005 1733 et
1021 1702 1062 1733 ab
1080 1701 1213 1733 Achille

518 1756 676 1787 occisam.
728 1755 838 1786 Quam
870 1762 961 1791 cum,
989 1753 1147 1793 sepulcro
1176 1757 1214 1783 ut

517 1806 798 1843 condemnarent,
836 1803 971 1835 Graecis
1008 1802 1214 1843 persuadere

518 1859 624 1890 vellet
637 1856 797 1895 Achilles,
809 1862 910 1894 atque
920 1853 1091 1884 Thersites
1104 1852 1215 1883 eidem

518 1907 702 1949 opprobria
717 1905 898 1945 objiceret,
913 1904 983 1934 ictu
1004 1904 1103 1943 pugni
1126 1903 1216 1934 occi·

519 1968 585 1989 sus.
628 1957 722 1987 Tunc
733 1953 946 1989 Diomedem,
959 1952 1127 1983 Thersitae
1141 1963 1217 1993 cog-

521 2013 650 2045 natum,
666 2006 699 2036 in
724 2003 965 2035 Scamandrum
982 2001 1016 2033 fl.
1035 2002 1216 2042 projecisse

521 2058 666 2090 cadaver
693 2054 919 2086 Penthesileae
950 2052 1120 2092 proditum
1151 2057 1215 2084 est.

522 2110 654 2141 Bernec.
701 2105 747 2137 At
763 2104 990 2136 Penthesilcae
1009 2109 1121 2134 tamen
1141 2113 1217 2134 nus-

523 2168 621 2201 quam
636 2155 788 2187 meminit
802 2154 980 2185 Homerus.
1018 2153 1085 2184 Sed
1098 2154 1218 2194 Vin-gil.

524 2220 550 2242 1.
571 2209 645 2241 ΖΕΗ.
669 2206 799 2238 ‘Ducit
824 2203 1069 2236 Amazonidum
1096 2203 1219 2234 lunatis

524 2263 658 2304 agmina
669 2261 770 2302 peltis
781 2258 1001 2290 Penthesilea
1012 2256 1136 2296 furens,
1151 2266 1218 2287 me-

524 2314 651 2355 diisque
668 2313 700 2342 in
719 2310 865 2341 millibus
885 2308 997 2347 ardet,
1016 2307 1128 2338 Aurea
1145 2307 1220 2337 sub-

525 2370 666 2397 nectens
683 2368 810 2394 exertae
827 2360 963 2399 cingula
976 2368 1127 2389 mammae
1143 2357 1221 2388 Bel-

526 2416 639 2455 latrix‚
657 2413 827 2453 audetque
846 2411 924 2441 viris
940 2418 1141 2441 concurrere
1157 2408 1223 2439 vir-

527 2465 593 2507 go.'
639 2465 724 2495 Cum
740 2467 852 2494 autem
879 2461 984 2491 multa
1008 2460 1050 2491 ab
1072 2460 1223 2490 Homero

528 2521 716 2548 mutuatum
744 2523 818 2544 esse
842 2511 1020 2551 Virgilium
1047 2511 1142 2551 pueri
1159 2510 1223 2540 sci-

529 2572 599 2607 ant,
618 2567 680 2597 hoc
705 2572 836 2606 quoque
860 2572 902 2593 ex
919 2561 996 2592 eod.
1016 2559 1111 2592 fonte
1127 2561 1223 2591 haus-

529 2624 600 2650 tum
625 2626 697 2648 esse
720 2614 899 2646 crederent
915 2623 923 2650 ;
948 2612 1007 2643 sed
1024 2611 1141 2643 moniti
1158 2620 1223 2642 non

529 2668 668 2700 facient.
721 2665 788 2696 Hic
812 2673 922 2704 nuper
949 2662 1145 2703 gravissime
1173 2671 1224 2692 er-

530 2719 619 2750 ravit
636 2718 685 2748 vir
701 2716 827 2748 clariss
845 2714 934 2744 inter
950 2714 1133 2753 scriptores
1150 2721 1225 2743 nos-

531 2774 614 2807 tros,
631 2777 727 2808 quem
754 2774 890 2806 parcam
907 2764 1091 2804 appellare.
1116 2763 1225 2794 Faber.

533 2817 783 2850 Penthesileam
805 2816 890 2846 hanc
915 2815 1020 2855 ipsius
1037 2814 1173 2845 Otrerae
1190 2818 1224 2844 ct

535 2869 654 2900 Martis
685 2867 786 2898 filiam
821 2866 922 2897 fuisse
954 2865 1122 2905 proditum
1159 2870 1222 2896 cst.

533 2919 611 2951 Vid.
627 2917 754 2959 Hygin.
769 2926 843 2958 cap.
861 2919 932 2947 112.
961 2916 1061 2947 Vorse.

1135 349 1398 381 VARIORUM
1434 349 1483 379 ΙΝ

1294 447 1311 487 ᾧ
1327 448 1368 477 32
1396 446 1497 486 Usque
1517 443 1669 485 tempora]
1700 443 1802 485 Angl.
1818 453 1850 475 u.
1862 444 1903 475 ud
1915 447 1946 477 t.

1252 496 1312 527 Nil
1335 496 1481 527 arbitror
1506 495 1658 526 mutand.
1693 495 1819 526 Noster
1834 495 1947 526 statim

1251 546 1293 577 ab
1325 546 1442 577 initio:
1470 546 1479 562 ‘
1496 545 1669 576 Terminos
1695 554 1803 585 usque
1832 544 1947 585 Libyae

1252 595 1468 636 perdomuit.’
1527 596 1572 626 Et
1601 594 1716 634 paullo
1745 598 1825 634 post
1855 597 1886 624 5.
1917 596 1948 624 8.

1253 647 1391 688 ‘Usque
1419 650 1575 686 tempora
1596 645 1738 685 Jancyri
1762 643 1876 685 regis‚'
1900 644 1949 675 lo-

1254 697 1391 729 cutione
1404 696 1584 727 simillima.
1613 695 1721 725 Graev.

1298 750 1371 789 §33
1409 746 1580 778 Concubitu
1608 745 1784 777 Alexandri
1804 754 1860 785 per
1885 744 1951 776 dies

1255 808 1338 830 xm.
1350 799 1391 829 ad
1401 797 1529 828 sobolem
1538 807 1577 828 ex
1588 806 1622 827 eo
1631 797 1838 836 generandam
1849 795 1951 826 obten-

1256 849 1301 889 to]
1335 849 1390 880 Ita
1413 847 1589 879 emendavi
1612 846 1737 877 dudum
1761 855 1803 876 ex
1834 846 1952 877 Curtio

1256 909 1343 938 meo,
1354 900 1408 940 qni
1419 898 1485 929 ait:
1502 898 1511 914 ‘
1526 906 1610 928 xul.
1628 896 1742 927 diesin
1756 895 1952 936 obsequium

1256 949 1415 980 desiderii
1433 948 1503 989 ejus
1515 947 1659 978 absumti
1675 950 1752 978 sunt
1766 945 1787 977 ε’
1822 955 1885 977 nec
1897 946 1952 977 hic

1257 1003 1389 1031 tantum
1414 999 1460 1030 ita
1487 997 1676 1037 emendavi,
1699 996 1760 1028 sed
1783 1001 1818 1027 et
1842 999 1953 1028 xn.3.

1257 1050 1313 1080 nbi
1329 1050 1418 1080 male
1444 1053 1544 1079 antea
1569 1047 1769 1088 legebatur:
1794 1046 1872 1078 ‘Ob
1887 1046 1953 1077 hoc

1259 1108 1348 1131 xxx.
1377 1099 1495 1130 diebus
1524 1098 1593 1129 otio
1619 1097 1717 1137 datis,
1740 1102 1778 1128 ut
1805 1097 1876 1128 visa
1903 1101 1956 1128 est

1258 1155 1390 1180 uterum
1428 1149 1597 1189 implesse,
1636 1146 1819 1179 discessit.5
1873 1147 1955 1178 Vid.

1259 1205 1357 1231 notas
1371 1209 1462 1230 meas
1474 1199 1517 1229 ad
1531 1199 1627 1230 Curt.
1641 1197 1721 1228 Ruf.
1732 1197 1792 1228 lib.
1805 1206 1855 1228 vr.
1868 1198 1957 1229 Mod.

1259 1248 1326 1281 Inf.
1344 1258 1413 1281 xrr.
1435 1252 1466 1280 3.
1481 1253 1511 1280 5.
1529 1253 1565 1280 et
1587 1257 1678 1279 xmr.
1700 1250 1730 1279 3.
1743 1250 1774 1279 9.
1792 1248 1887 1279 Curt.
1905 1257 1954 1279 Vl.

1260 1302 1358 1330 5.42.
1381 1300 1480 1330 Bern.

1304 1349 1391 1380 CAP.
1409 1359 1442 1379 v.
1460 1350 1507 1389 §l
1532 1349 1669 1390 Scythoe,
1684 1349 1751 1390 εμπ]
1782 1347 1861 1379 Vid.
1885 1348 1957 1379 He-

1262 1399 1334 1430 rod.
1351 1399 1425 1430 init.
1443 1408 1491 1430 lv.
1506 1399 1561 1439 qui
1584 1409 1648 1429 non
1664 1405 1742 1430 octo
1759 1408 1877 1439 annos,
1897 1399 1958 1430 sed

1261 1451 1383 1490 viginti
1413 1455 1502 1490 octo,
1533 1451 1632 1482 domo
1662 1451 1785 1482 afuisse
1814 1450 1958 1491 Scythas

1262 1506 1401 1532 narrat:
1433 1502 1522 1543 quod
1552 1512 1631 1533 sane
1659 1502 1865 1543 probabilius
1894 1505 1959 1532 est.

1265 1552 1333 1584 Hic
1352 1557 1464 1583 tamen
1491 1557 1611 1584 contra
1635 1562 1835 1584 consensum
1861 1551 1963 1583 libro-

1264 1613 1337 1634 rum
1354 1604 1433 1634 nihil
1449 1608 1553 1635 muto.
1577 1604 1734 1643 Bongars.
1776 1602 1830 1634 An
1844 1601 1963 1634 eadem

1265 1654 1431 1685 cumbis?
1459 1657 1554 1684 certe
1579 1653 1746 1684 simillima
1771 1657 1861 1692 sunt,
1885 1661 1961 1694 quae

1266 1705 1334 1735 Sal.
1352 1704 1619 1744 Neugebaverus
1630 1704 1857 1735 Commentar.
1870 1702 1962 1732 Mos-

1266 1755 1372 1786 coviae
1389 1755 1449 1785 sub
1465 1754 1566 1785 finem
1582 1763 1656 1794 cap.
1668 1757 1697 1785 3.
1714 1752 1822 1784 refert
1837 1762 1879 1783 ex
1896 1750 1964 1782 An-

1266 1805 1398 1836 nalibus
1416 1806 1621 1836 Russorum:
1647 1803 1702 1834 ubi
1730 1803 1772 1834 de
1799 1802 1963 1843 Chlopz’go-

1266 1857 1334 1893 rod,
1349 1855 1382 1886 h.
1396 1864 1424 1886 e.
1451 1864 1605 1885 servorum
1627 1857 1739 1893 castro,
1767 1862 1866 1894 quem
1891 1853 1925 1883 in
1942 1852 1966 1883 l.

1267 1905 1356 1936 servi
1374 1904 1416 1935 ab
1433 1904 1522 1935 heris
1550 1904 1583 1934 in
1610 1902 1724 1944 fugam
1750 1904 1838 1934 versi
1861 1912 1896 1934 se
1914 1912 1963 1934 re-

1267 1959 1456 1995 ceperunt:
1478 1953 1545 1985 vid.
1564 1953 1676 1985 Arnis.
1688 1954 1731 1985 de
1744 1954 1831 1995 Rep.
1847 1964 1880 1995 p.
1891 1956 1964 1986 186.

1267 2004 1291 2036 f.
1318 2005 1498 2036 Berneccer.
1543 2005 1818 2036 Consentaneum
1832 2004 1862 2036 ei
1875 2004 1965 2045 quod

1269 2065 1364 2096 supr.
1392 2064 1432 2086 11.
1463 2058 1494 2086 3.
1526 2058 1555 2085 l.
1593 2054 1724 2094 scribit,
1759 2054 1964 2095 ‘imperium

1269 2105 1361 2136 Asiae
1375 2104 1517 2145 Scythas
1530 2110 1582 2136 ter
1595 2103 1814 2146 quaesivisse,'
1831 2104 1853 2136 i.
1864 2114 1893 2136 e.
1910 2113 1965 2136 ac-

1269 2156 1459 2197 quisivisse.
1488 2156 1589 2186 Vorst.

1315 2208 1393 2237 Cum
1408 2207 1497 2237 annis
1517 2207 1598 2247 octo]
1630 2206 1762 2238 Herod.
1791 2215 1841 2238 ιν.
1871 2205 1965 2237 annis

1270 2260 1324 2288 28.
1350 2257 1494 2297 Scythas
1529 2257 1628 2288 domo
1666 2256 1813 2288 abfuisse
1839 2256 1968 2288 scribit.

1272 2308 1799 2350 CumqueJustinnm‚ipsurnque
1809 2308 1967 2348 Trogum,

1272 2369 1314 2390 ex
1332 2359 1574 2401 antiquioribus
1587 2359 1735 2389 hausisse
1747 2359 1820 2389 haec
1831 2367 1969 2390 necesse

1274 2411 1329 2450 sit,
1347 2420 1412 2442 non
1429 2410 1614 2442 absurdum
1626 2409 1796 2441 fuerithic
1811 2409 1969 2441 mendum

1274 2466 1439 2498 statuere,
1456 2465 1492 2493 et
1519 2461 1633 2502 legere
1648 2461 1738 2492 annis
1756 2460 1872 2501 viginti
1892 2463 1970 2492 octo.

1273 2512 1354 2542 Vor.

1317 2562 1440 2593 Liberis
1464 2561 1648 2601 abfuissent]
1671 2561 1711 2592 In
1730 2561 1798 2592 Ms.
1823 2560 1969 2603 quodam

1275 2613 1399 2653 legitur
1421 2612 1442 2643 l.
1459 2613 1546 2651 longe
1563 2611 1661 2650 fuiss.
1684 2612 1773 2652 quod
1801 2612 1970 2643 eruditius

1275 2667 1340 2702 est,
1365 2672 1463 2704 quam
1494 2667 1531 2694 ut
1560 2662 1680 2693 scribae
1709 2666 1768 2693 aut
1794 2662 1970 2701 glossatori

1277 2714 1385 2754 possit
1413 2712 1528 2743 tribui.
1573 2712 1641 2743 Sed
1669 2713 1904 2753 neglexerunt,
1933 2716 1971 2744 ut

1277 2765 1439 2805 suspicor,
1455 2765 1511 2806 qui
1538 2764 1599 2795 hoe
1620 2773 1723 2804 genus
1740 2763 1899 2805 loquendi
1916 2773 1971 2795 ne·

1278 2815 1422 2850 scivere,
1435 2824 1473 2845 ac
1484 2814 1731 2846 substituerunt
1743 2814 1865 2845 notius.
1881 2813 1971 2844 Plin.

1279 2864 1406 2904 Paneg.
1426 2867 1478 2895 25.
1503 2865 1512 2880 ⁴
1527 2865 1770 2904 Exspectatum
1794 2867 1845 2894 est
1861 2863 1972 2904 provi-

1279 2924 1429 2956 sumque,
1447 2923 1487 2947 ne
1513 2914 1584 2956 quis
1612 2923 1714 2954 aeger,
1729 2923 1771 2945 nc
1787 2913 1859 2955 quis
1876 2922 1973 2945 occu-
