<?xml version="1.0" encoding="UTF-8"?>
<!DOCTYPE html PUBLIC "-//W3C//DTD XHTML 1.0 Transitional//EN"
    "http://www.w3.org/TR/xhtml1/DTD/xhtml1-transitional.dtd">
<html xmlns="http://www.w3.org/1999/xhtml" xml:lang="en" lang="en">
 <head>
  <title>
</title>
<meta http-equiv="Content-Type" content="text/html;charset=utf-8" />
  <meta name='ocr-system' content='tesseract 3.04.00' />
  <meta name='ocr-capabilities' content='ocr_page ocr_carea ocr_par ocr_line ocrx_word'/>
</head>
<body>
  <div class='ocr_page' id='page_1' title='image "./historiaephilipp02just/historiaephilipp02just_0425.png"; bbox 0 0 2101 3419; ppageno 0'>
   <div class='ocr_carea' id='block_1_1' title="bbox 558 366 1272 407">
    <p class='ocr_par' dir='ltr' id='par_1_1' title="bbox 558 366 1272 407">
     <span class='ocr_line' id='line_1_1' title="bbox 558 366 1272 407; baseline 0.001 -1"><span class='ocrx_word' id='word_1_1' title='bbox 558 375 754 406; x_wconf 77' lang='lat' dir='ltr'><strong>JUSTINI</strong></span> <span class='ocrx_word' id='word_1_2' title='bbox 788 374 883 406; x_wconf 76' lang='lat' dir='ltr'>mn.</span> <span class='ocrx_word' id='word_1_3' title='bbox 916 376 1061 406; x_wconf 76' lang='lat' dir='ltr'>xmu.</span> <span class='ocrx_word' id='word_1_4' title='bbox 1093 377 1201 407; x_wconf 81' lang='lat' dir='ltr'>cAP.</span> <span class='ocrx_word' id='word_1_5' title='bbox 1233 366 1272 407; x_wconf 94' lang='lat' dir='ltr'>l.</span> 
     </span>
    </p>
   </div>
   <div class='ocr_carea' id='block_1_2' title="bbox 189 465 889 1658">
    <p class='ocr_par' dir='ltr' id='par_1_2' title="bbox 193 465 889 607">
     <span class='ocr_line' id='line_1_2' title="bbox 195 465 889 506; baseline 0.001 -8"><span class='ocrx_word' id='word_1_6' title='bbox 195 465 388 506; x_wconf 76' lang='grc' dir='ltr'>Κατῷκησαν</span> <span class='ocrx_word' id='word_1_7' title='bbox 402 466 435 499; x_wconf 75' lang='grc' dir='ltr'>δὲ</span> <span class='ocrx_word' id='word_1_8' title='bbox 446 465 530 499; x_wconf 70' lang='grc' dir='ltr'>οὗτοι</span> <span class='ocrx_word' id='word_1_9' title='bbox 542 467 584 500; x_wconf 79' lang='grc' dir='ltr'>εἷς</span> <span class='ocrx_word' id='word_1_10' title='bbox 596 467 652 499; x_wconf 81' lang='grc' dir='ltr'>τὸν</span> <span class='ocrx_word' id='word_1_11' title='bbox 662 468 781 506; x_wconf 85' lang='grc' dir='ltr'>Τίβεριν</span> <span class='ocrx_word' id='word_1_12' title='bbox 794 481 889 499; x_wconf 80' lang='grc' dir='ltr'>ποτα-</span> 
     </span>
     <span class='ocr_line' id='line_1_3' title="bbox 193 517 889 559; baseline 0.001 -11"><span class='ocrx_word' id='word_1_13' title='bbox 193 518 261 557; x_wconf 69' lang='grc' dir='ltr'>μὸν,</span> <span class='ocrx_word' id='word_1_14' title='bbox 274 517 359 549; x_wconf 79' lang='grc' dir='ltr'><strong><em>ὅστις</em></strong></span> <span class='ocrx_word' id='word_1_15' title='bbox 368 517 425 558; x_wconf 87' lang='grc' dir='ltr'>ῥέει</span> <span class='ocrx_word' id='word_1_16' title='bbox 439 517 568 559; x_wconf 79' lang='grc' dir='ltr'>σήμερον</span> <span class='ocrx_word' id='word_1_17' title='bbox 580 519 626 550; x_wconf 80' lang='grc' dir='ltr'>διὰ</span> <span class='ocrx_word' id='word_1_18' title='bbox 639 518 736 558; x_wconf 79' lang='grc' dir='ltr'><strong><em>μέσης</em></strong></span> <span class='ocrx_word' id='word_1_19' title='bbox 749 520 805 557; x_wconf 84' lang='grc' dir='ltr'>τῆς</span> <span class='ocrx_word' id='word_1_20' title='bbox 818 518 889 550; x_wconf 79' lang='grc' dir='ltr'>Ῥώ-</span> 
     </span>
     <span class='ocr_line' id='line_1_4' title="bbox 193 581 263 607; baseline -0.014 0"><span class='ocrx_word' id='word_1_21' title='bbox 193 581 263 607; x_wconf 66' lang='lat' dir='ltr'>um·-</span> 
     </span>
    </p>

    <p class='ocr_par' dir='ltr' id='par_1_3' title="bbox 191 617 889 858">
     <span class='ocr_line' id='line_1_5' title="bbox 236 617 889 660; baseline 0.003 -11"><span class='ocrx_word' id='word_1_22' title='bbox 236 618 414 658; x_wconf 79' lang='lat' dir='ltr'>Pallanteo]</span> <span class='ocrx_word' id='word_1_23' title='bbox 445 619 562 658; x_wconf 83' lang='lat' dir='ltr'>Stepb.</span> <span class='ocrx_word' id='word_1_24' title='bbox 594 617 776 660; x_wconf 80' lang='grc' dir='ltr'>Παλάντιον,</span> <span class='ocrx_word' id='word_1_25' title='bbox 799 618 889 651; x_wconf 77' lang='grc' dir='ltr'>πόλις</span> 
     </span>
     <span class='ocr_line' id='line_1_6' title="bbox 191 668 886 709; baseline 0.001 -10"><span class='ocrx_word' id='word_1_26' title='bbox 191 668 362 709; x_wconf 83' lang='grc' dir='ltr'><strong><em>Ἀρκαδίας.</em></strong></span> <span class='ocrx_word' id='word_1_27' title='bbox 406 669 459 699; x_wconf 88' lang='lat' dir='ltr'>De</span> <span class='ocrx_word' id='word_1_28' title='bbox 496 669 630 700; x_wconf 81' lang='lat' dir='ltr'>Palatio</span> <span class='ocrx_word' id='word_1_29' title='bbox 666 669 733 700; x_wconf 86' lang='lat' dir='ltr'>vid.</span> <span class='ocrx_word' id='word_1_30' title='bbox 768 669 886 709; x_wconf 85' lang='lat' dir='ltr'>Virgil.</span> 
     </span>
     <span class='ocr_line' id='line_1_7' title="bbox 193 718 887 749; baseline 0 0"><span class='ocrx_word' id='word_1_31' title='bbox 193 727 273 749; x_wconf 83' lang='lat' dir='ltr'>vm.</span> <span class='ocrx_word' id='word_1_32' title='bbox 298 718 374 749; x_wconf 87' lang='lat' dir='ltr'>AEn.</span> <span class='ocrx_word' id='word_1_33' title='bbox 390 719 490 749; x_wconf 87' lang='lat' dir='ltr'>Varr.</span> <span class='ocrx_word' id='word_1_34' title='bbox 505 727 552 749; x_wconf 88' lang='lat' dir='ltr'>IV.</span> <span class='ocrx_word' id='word_1_35' title='bbox 581 718 622 748; x_wconf 90' lang='lat' dir='ltr'>de</span> <span class='ocrx_word' id='word_1_36' title='bbox 637 719 676 749; x_wconf 89' lang='lat' dir='ltr'>L.</span> <span class='ocrx_word' id='word_1_37' title='bbox 692 719 731 749; x_wconf 94' lang='lat' dir='ltr'>L.</span> <span class='ocrx_word' id='word_1_38' title='bbox 758 723 792 749; x_wconf 92' lang='lat' dir='ltr'>et</span> <span class='ocrx_word' id='word_1_39' title='bbox 811 719 887 749; x_wconf 76' lang='lat' dir='ltr'>Fes-</span> 
     </span>
     <span class='ocr_line' id='line_1_8' title="bbox 192 768 885 809; baseline 0 -9"><span class='ocrx_word' id='word_1_40' title='bbox 192 773 277 805; x_wconf 85' lang='lat' dir='ltr'><strong>tum,</strong></span> <span class='ocrx_word' id='word_1_41' title='bbox 294 768 410 800; x_wconf 86' lang='lat' dir='ltr'>Ovidii</span> <span class='ocrx_word' id='word_1_42' title='bbox 424 769 554 808; x_wconf 84' lang='lat' dir='ltr'>Fastos,</span> <span class='ocrx_word' id='word_1_43' title='bbox 575 769 751 809; x_wconf 84' lang='lat' dir='ltr'>Propertii</span> <span class='ocrx_word' id='word_1_44' title='bbox 768 769 823 800; x_wconf 90' lang='lat' dir='ltr'>lib.</span> <span class='ocrx_word' id='word_1_45' title='bbox 836 777 885 800; x_wconf 92' lang='lat' dir='ltr'>1v.</span> 
     </span>
     <span class='ocr_line' id='line_1_9' title="bbox 193 819 298 858; baseline 0.01 -9"><span class='ocrx_word' id='word_1_46' title='bbox 193 819 298 858; x_wconf 80' lang='lat' dir='ltr'>Bong.</span> 
     </span>
    </p>

    <p class='ocr_par' dir='ltr' id='par_1_4' title="bbox 189 868 887 1605">
     <span class='ocr_line' id='line_1_10' title="bbox 234 868 886 909; baseline 0.002 -10"><span class='ocrx_word' id='word_1_47' title='bbox 234 868 427 909; x_wconf 80' lang='lat' dir='ltr'>Palatinum]</span> <span class='ocrx_word' id='word_1_48' title='bbox 458 868 524 901; x_wconf 92' lang='lat' dir='ltr'>Ms.</span> <span class='ocrx_word' id='word_1_49' title='bbox 544 869 758 901; x_wconf 81' lang='lat' dir='ltr'>Palantinum.</span> <span class='ocrx_word' id='word_1_50' title='bbox 787 869 886 902; x_wconf 89' lang='lat' dir='ltr'>Junt.</span> 
     </span>
     <span class='ocr_line' id='line_1_11' title="bbox 189 918 885 951; baseline 0.001 -3"><span class='ocrx_word' id='word_1_51' title='bbox 189 918 381 949; x_wconf 78' lang='lat' dir='ltr'>Palatinum.</span> <span class='ocrx_word' id='word_1_52' title='bbox 400 918 508 949; x_wconf 90' lang='lat' dir='ltr'>Scrib.</span> <span class='ocrx_word' id='word_1_53' title='bbox 530 919 718 951; x_wconf 81' lang='lat' dir='ltr'>Palantium.</span> <span class='ocrx_word' id='word_1_54' title='bbox 742 919 885 950; x_wconf 80' lang='lat' dir='ltr'>Festus:</span> 
     </span>
     <span class='ocr_line' id='line_1_12' title="bbox 189 968 886 1010; baseline 0 -11"><span class='ocrx_word' id='word_1_55' title='bbox 189 968 407 999; x_wconf 89' lang='lat' dir='ltr'>‘Palantium</span> <span class='ocrx_word' id='word_1_56' title='bbox 432 978 527 999; x_wconf 88' lang='lat' dir='ltr'>mons</span> <span class='ocrx_word' id='word_1_57' title='bbox 553 969 669 1000; x_wconf 87' lang='lat' dir='ltr'>Romae</span> <span class='ocrx_word' id='word_1_58' title='bbox 695 969 886 1010; x_wconf 88' lang='lat' dir='ltr'>appellatus</span> 
     </span>
     <span class='ocr_line' id='line_1_13' title="bbox 190 1019 886 1060; baseline 0 -11"><span class='ocrx_word' id='word_1_59' title='bbox 190 1024 256 1058; x_wconf 87' lang='lat' dir='ltr'>est,</span> <span class='ocrx_word' id='word_1_60' title='bbox 285 1019 372 1059; x_wconf 85' lang='lat' dir='ltr'>quod</span> <span class='ocrx_word' id='word_1_61' title='bbox 395 1019 441 1050; x_wconf 90' lang='lat' dir='ltr'>ibi</span> <span class='ocrx_word' id='word_1_62' title='bbox 470 1029 612 1059; x_wconf 87' lang='lat' dir='ltr'>pascens</span> <span class='ocrx_word' id='word_1_63' title='bbox 640 1029 743 1060; x_wconf 90' lang='lat' dir='ltr'>pecus</span> <span class='ocrx_word' id='word_1_64' title='bbox 770 1019 886 1050; x_wconf 87' lang='lat' dir='ltr'>balare</span> 
     </span>
     <span class='ocr_line' id='line_1_14' title="bbox 190 1069 887 1110; baseline 0 -11"><span class='ocrx_word' id='word_1_65' title='bbox 190 1069 405 1100; x_wconf 80' lang='lat' dir='ltr'><strong>consueverit</strong></span> <span class='ocrx_word' id='word_1_66' title='bbox 420 1080 428 1100; x_wconf 87' lang='lat'><strong>:</strong></span> <span class='ocrx_word' id='word_1_67' title='bbox 457 1070 509 1100; x_wconf 90' lang='lat' dir='ltr'>vel</span> <span class='ocrx_word' id='word_1_68' title='bbox 523 1069 611 1110; x_wconf 91' lang='lat' dir='ltr'>quod</span> <span class='ocrx_word' id='word_1_69' title='bbox 627 1071 754 1110; x_wconf 85' lang='lat' dir='ltr'>palare,</span> <span class='ocrx_word' id='word_1_70' title='bbox 772 1069 805 1100; x_wconf 93' lang='lat' dir='ltr'>id</span> <span class='ocrx_word' id='word_1_71' title='bbox 822 1073 887 1108; x_wconf 87' lang='lat' dir='ltr'>est,</span> 
     </span>
     <span class='ocr_line' id='line_1_15' title="bbox 190 1119 886 1160; baseline 0.001 -11"><span class='ocrx_word' id='word_1_72' title='bbox 190 1119 371 1159; x_wconf 88' lang='lat' dir='ltr'>errare‚ibi</span> <span class='ocrx_word' id='word_1_73' title='bbox 385 1119 535 1160; x_wconf 87' lang='lat' dir='ltr'>pecudes</span> <span class='ocrx_word' id='word_1_74' title='bbox 549 1121 718 1151; x_wconf 79' lang='lat' dir='ltr'><strong>solerent:</strong></span> <span class='ocrx_word' id='word_1_75' title='bbox 733 1119 886 1160; x_wconf 87' lang='lat' dir='ltr'>aliiquod</span> 
     </span>
     <span class='ocr_line' id='line_1_16' title="bbox 190 1168 887 1210; baseline 0.003 -11"><span class='ocrx_word' id='word_1_76' title='bbox 190 1168 236 1200; x_wconf 90' lang='lat' dir='ltr'>ibi</span> <span class='ocrx_word' id='word_1_77' title='bbox 262 1169 477 1210; x_wconf 75' lang='lat' dir='ltr'>Hyperborei</span> <span class='ocrx_word' id='word_1_78' title='bbox 500 1169 568 1201; x_wconf 82' lang='lat' dir='ltr'>filia</span> <span class='ocrx_word' id='word_1_79' title='bbox 592 1171 737 1201; x_wconf 83' lang='lat' dir='ltr'>Palanto</span> <span class='ocrx_word' id='word_1_80' title='bbox 760 1170 887 1201; x_wconf 83' lang='lat' dir='ltr'>habita-</span> 
     </span>
     <span class='ocr_line' id='line_1_17' title="bbox 191 1219 887 1260; baseline 0.003 -11"><span class='ocrx_word' id='word_1_81' title='bbox 191 1219 293 1258; x_wconf 86' lang='lat' dir='ltr'>verit,</span> <span class='ocrx_word' id='word_1_82' title='bbox 318 1229 393 1260; x_wconf 88' lang='lat' dir='ltr'>quae</span> <span class='ocrx_word' id='word_1_83' title='bbox 418 1230 461 1251; x_wconf 85' lang='lat' dir='ltr'>ex</span> <span class='ocrx_word' id='word_1_84' title='bbox 487 1221 638 1251; x_wconf 82' lang='lat' dir='ltr'>Hercule</span> <span class='ocrx_word' id='word_1_85' title='bbox 657 1221 815 1252; x_wconf 87' lang='lat' dir='ltr'>Latinum</span> <span class='ocrx_word' id='word_1_86' title='bbox 829 1230 887 1260; x_wconf 89' lang='lat' dir='ltr'>pe-</span> 
     </span>
     <span class='ocr_line' id='line_1_18' title="bbox 191 1267 885 1309; baseline 0.003 -11"><span class='ocrx_word' id='word_1_87' title='bbox 191 1267 305 1308; x_wconf 86' lang='lat' dir='ltr'>perit.&#39;</span> <span class='ocrx_word' id='word_1_88' title='bbox 327 1268 447 1309; x_wconf 83' lang='lat' dir='ltr'>Virgil.</span> <span class='ocrx_word' id='word_1_89' title='bbox 464 1270 537 1301; x_wconf 85' lang='lat' dir='ltr'>AEn.</span> <span class='ocrx_word' id='word_1_90' title='bbox 556 1278 636 1301; x_wconf 76' lang='lat' dir='ltr'>vur.</span> <span class='ocrx_word' id='word_1_91' title='bbox 660 1271 669 1287; x_wconf 93' lang='lat'>‘</span> <span class='ocrx_word' id='word_1_92' title='bbox 683 1270 836 1300; x_wconf 87' lang='lat' dir='ltr'>Posuere</span> <span class='ocrx_word' id='word_1_93' title='bbox 852 1270 885 1300; x_wconf 91' lang='lat' dir='ltr'>in</span> 
     </span>
     <span class='ocr_line' id='line_1_19' title="bbox 191 1316 886 1359; baseline 0.003 -12"><span class='ocrx_word' id='word_1_94' title='bbox 191 1316 360 1348; x_wconf 87' lang='lat' dir='ltr'>montibus</span> <span class='ocrx_word' id='word_1_95' title='bbox 389 1318 504 1348; x_wconf 88' lang='lat' dir='ltr'>urbem</span> <span class='ocrx_word' id='word_1_96' title='bbox 528 1318 692 1350; x_wconf 86' lang='lat' dir='ltr'>Pallantis</span> <span class='ocrx_word' id='word_1_97' title='bbox 710 1319 826 1359; x_wconf 85' lang='lat' dir='ltr'>proavi</span> <span class='ocrx_word' id='word_1_98' title='bbox 843 1319 886 1349; x_wconf 89' lang='lat' dir='ltr'>de</span> 
     </span>
     <span class='ocr_line' id='line_1_20' title="bbox 190 1366 884 1399; baseline 0.001 -2"><span class='ocrx_word' id='word_1_99' title='bbox 190 1366 324 1398; x_wconf 85' lang='lat' dir='ltr'>nomine</span> <span class='ocrx_word' id='word_1_100' title='bbox 351 1367 567 1399; x_wconf 84' lang='lat' dir='ltr'>Pallanteum</span> <span class='ocrx_word' id='word_1_101' title='bbox 582 1367 602 1399; x_wconf 84' lang='lat'>:’</span> <span class='ocrx_word' id='word_1_102' title='bbox 626 1369 693 1399; x_wconf 90' lang='lat' dir='ltr'>vid.</span> <span class='ocrx_word' id='word_1_103' title='bbox 721 1368 767 1398; x_wconf 91' lang='lat' dir='ltr'>ibi</span> <span class='ocrx_word' id='word_1_104' title='bbox 787 1368 884 1398; x_wconf 86' lang='lat' dir='ltr'>Serv.</span> 
     </span>
     <span class='ocr_line' id='line_1_21' title="bbox 194 1416 886 1458; baseline 0.001 -12"><span class='ocrx_word' id='word_1_105' title='bbox 194 1416 302 1447; x_wconf 82' lang='lat' dir='ltr'>Graev.</span> <span class='ocrx_word' id='word_1_106' title='bbox 347 1416 568 1458; x_wconf 88' lang='lat' dir='ltr'>Antiquiores</span> <span class='ocrx_word' id='word_1_107' title='bbox 592 1418 683 1458; x_wconf 90' lang='lat' dir='ltr'>typis</span> <span class='ocrx_word' id='word_1_108' title='bbox 702 1427 797 1457; x_wconf 81' lang='lat' dir='ltr'>expr.</span> <span class='ocrx_word' id='word_1_109' title='bbox 822 1418 886 1447; x_wconf 88' lang='grc' dir='ltr'>Ρα-</span> 
     </span>
     <span class='ocr_line' id='line_1_22' title="bbox 190 1466 885 1508; baseline 0.001 -12"><span class='ocrx_word' id='word_1_110' title='bbox 190 1466 332 1497; x_wconf 81' lang='lat' dir='ltr'>latinum.</span> <span class='ocrx_word' id='word_1_111' title='bbox 378 1467 479 1498; x_wconf 83' lang='lat' dir='ltr'>Unde</span> <span class='ocrx_word' id='word_1_112' title='bbox 506 1467 622 1499; x_wconf 81' lang='lat' dir='ltr'>Graev.</span> <span class='ocrx_word' id='word_1_113' title='bbox 646 1467 779 1508; x_wconf 87' lang='lat' dir='ltr'>legend.</span> <span class='ocrx_word' id='word_1_114' title='bbox 808 1477 885 1498; x_wconf 90' lang='lat' dir='ltr'>cen-</span> 
     </span>
     <span class='ocr_line' id='line_1_23' title="bbox 191 1516 886 1557; baseline 0.001 -11"><span class='ocrx_word' id='word_1_115' title='bbox 191 1520 244 1546; x_wconf 90' lang='lat' dir='ltr'>set</span> <span class='ocrx_word' id='word_1_116' title='bbox 270 1516 470 1547; x_wconf 80' lang='lat' dir='ltr'>Palantium:</span> <span class='ocrx_word' id='word_1_117' title='bbox 497 1517 664 1557; x_wconf 86' lang='lat' dir='ltr'>quomodo</span> <span class='ocrx_word' id='word_1_118' title='bbox 690 1518 808 1548; x_wconf 87' lang='lat' dir='ltr'><strong>Festus</strong></span> <span class='ocrx_word' id='word_1_119' title='bbox 829 1527 886 1557; x_wconf 84' lang='lat' dir='ltr'>ap-</span> 
     </span>
     <span class='ocr_line' id='line_1_24' title="bbox 190 1565 410 1605; baseline 0.009 -10"><span class='ocrx_word' id='word_1_120' title='bbox 190 1565 309 1605; x_wconf 88' lang='lat' dir='ltr'>pellat.</span> <span class='ocrx_word' id='word_1_121' title='bbox 338 1566 410 1597; x_wconf 87' lang='lat' dir='ltr'>Vor.</span> 
     </span>
    </p>

    <p class='ocr_par' dir='ltr' id='par_1_5' title="bbox 234 1616 885 1658">
     <span class='ocr_line' id='line_1_25' title="bbox 234 1616 885 1658; baseline 0.003 -11"><span class='ocrx_word' id='word_1_122' title='bbox 234 1616 251 1656; x_wconf 73' lang='lat'>§</span> <span class='ocrx_word' id='word_1_123' title='bbox 275 1619 293 1647; x_wconf 84' lang='lat'><strong>7</strong></span> <span class='ocrx_word' id='word_1_124' title='bbox 318 1616 431 1658; x_wconf 85' lang='lat' dir='ltr'><strong><em>Lyceo]</em></strong></span> <span class='ocrx_word' id='word_1_125' title='bbox 453 1617 518 1648; x_wconf 90' lang='lat' dir='ltr'>Ov.</span> <span class='ocrx_word' id='word_1_126' title='bbox 533 1618 570 1649; x_wconf 86' lang='lat' dir='ltr'>F.</span> <span class='ocrx_word' id='word_1_127' title='bbox 587 1619 712 1648; x_wconf 77' lang='lat'><strong>11.424.</strong></span> <span class='ocrx_word' id='word_1_128' title='bbox 731 1618 739 1635; x_wconf 93' lang='lat'>‘</span> <span class='ocrx_word' id='word_1_129' title='bbox 755 1618 885 1649; x_wconf 85' lang='lat' dir='ltr'>Faunus</span> 
     </span>
    </p>
   </div>
   <div class='ocr_carea' id='block_1_3' title="bbox 191 1665 888 1709">
    <p class='ocr_par' dir='ltr' id='par_1_6' title="bbox 191 1665 888 1709">
     <span class='ocr_line' id='line_1_26' title="bbox 191 1665 888 1709; baseline 0.003 -13"><span class='ocrx_word' id='word_1_130' title='bbox 191 1665 224 1696; x_wconf 89' lang='lat' dir='ltr'>in</span> <span class='ocrx_word' id='word_1_131' title='bbox 262 1665 409 1698; x_wconf 86' lang='lat' dir='ltr'>Arcadia</span> <span class='ocrx_word' id='word_1_132' title='bbox 434 1668 562 1709; x_wconf 88' lang='lat' dir='ltr'>templa</span> <span class='ocrx_word' id='word_1_133' title='bbox 591 1669 732 1709; x_wconf 71' lang='lat' dir='ltr'>Lycaeus</span> <span class='ocrx_word' id='word_1_134' title='bbox 763 1668 888 1700; x_wconf 69' lang='lat' dir='ltr'>habet!</span> 
     </span>
    </p>
   </div>
   <div class='ocr_carea' id='block_1_4' title="bbox 181 1716 885 2956">
    <p class='ocr_par' dir='ltr' id='par_1_7' title="bbox 191 1716 292 1747">
     <span class='ocr_line' id='line_1_27' title="bbox 191 1716 292 1747; baseline 0.01 -1"><span class='ocrx_word' id='word_1_135' title='bbox 191 1716 292 1747; x_wconf 83' lang='lat' dir='ltr'>Bern.</span> 
     </span>
    </p>

    <p class='ocr_par' dir='ltr' id='par_1_8' title="bbox 187 1766 885 2209">
     <span class='ocr_line' id='line_1_28' title="bbox 232 1766 885 1808; baseline 0.008 -13"><span class='ocrx_word' id='word_1_136' title='bbox 232 1766 369 1805; x_wconf 75' lang='lat' dir='ltr'>Nudum,</span> <span class='ocrx_word' id='word_1_137' title='bbox 383 1767 509 1807; x_wconf 82' lang='lat' dir='ltr'>caprina</span> <span class='ocrx_word' id='word_1_138' title='bbox 520 1769 599 1808; x_wconf 81' lang='lat' dir='ltr'>pelle</span> <span class='ocrx_word' id='word_1_139' title='bbox 613 1768 774 1808; x_wconf 81' lang='lat' dir='ltr'>amictum]</span> <span class='ocrx_word' id='word_1_140' title='bbox 799 1768 885 1800; x_wconf 80' lang='lat' dir='ltr'>Haec</span> 
     </span>
     <span class='ocr_line' id='line_1_29' title="bbox 189 1815 885 1858; baseline 0.006 -13"><span class='ocrx_word' id='word_1_141' title='bbox 189 1815 371 1855; x_wconf 79' lang='grc' dir='ltr'>ἂντιφατικὰ</span> <span class='ocrx_word' id='word_1_142' title='bbox 397 1817 503 1847; x_wconf 85' lang='lat' dir='ltr'>videri</span> <span class='ocrx_word' id='word_1_143' title='bbox 537 1822 681 1858; x_wconf 84' lang='lat' dir='ltr'>qneant3</span> <span class='ocrx_word' id='word_1_144' title='bbox 712 1828 778 1848; x_wconf 91' lang='lat' dir='ltr'>non</span> <span class='ocrx_word' id='word_1_145' title='bbox 806 1824 885 1850; x_wconf 89' lang='lat' dir='ltr'>sunt</span> 
     </span>
     <span class='ocr_line' id='line_1_30' title="bbox 190 1866 884 1900; baseline 0.007 -5"><span class='ocrx_word' id='word_1_146' title='bbox 190 1869 316 1896; x_wconf 79' lang='lat' dir='ltr'>tamen.</span> <span class='ocrx_word' id='word_1_147' title='bbox 345 1867 426 1898; x_wconf 91' lang='lat' dir='ltr'>Sen.</span> <span class='ocrx_word' id='word_1_148' title='bbox 443 1866 564 1898; x_wconf 89' lang='lat' dir='ltr'>Benef.</span> <span class='ocrx_word' id='word_1_149' title='bbox 582 1876 615 1898; x_wconf 88' lang='lat' dir='ltr'>v.</span> <span class='ocrx_word' id='word_1_150' title='bbox 630 1870 681 1899; x_wconf 85' lang='lat'>13.</span> <span class='ocrx_word' id='word_1_151' title='bbox 694 1869 702 1885; x_wconf 93' lang='lat'>‘</span> <span class='ocrx_word' id='word_1_152' title='bbox 719 1868 785 1900; x_wconf 78' lang='lat' dir='ltr'>Qui</span> <span class='ocrx_word' id='word_1_153' title='bbox 798 1870 884 1900; x_wconf 87' lang='lat' dir='ltr'>male</span> 
     </span>
     <span class='ocr_line' id='line_1_31' title="bbox 188 1916 884 1957; baseline 0.006 -11"><span class='ocrx_word' id='word_1_154' title='bbox 188 1916 349 1947; x_wconf 89' lang='lat' dir='ltr'>vestitum</span> <span class='ocrx_word' id='word_1_155' title='bbox 373 1922 407 1948; x_wconf 88' lang='lat' dir='ltr'>et</span> <span class='ocrx_word' id='word_1_156' title='bbox 430 1927 615 1957; x_wconf 83' lang='lat' dir='ltr'>pannosum</span> <span class='ocrx_word' id='word_1_157' title='bbox 641 1918 737 1957; x_wconf 88' lang='lat' dir='ltr'>vidit,</span> <span class='ocrx_word' id='word_1_158' title='bbox 758 1919 884 1950; x_wconf 85' lang='lat' dir='ltr'>nudum</span> 
     </span>
     <span class='ocr_line' id='line_1_32' title="bbox 188 1967 883 2000; baseline 0.006 -4"><span class='ocrx_word' id='word_1_159' title='bbox 188 1975 224 1998; x_wconf 89' lang='lat' dir='ltr'>se</span> <span class='ocrx_word' id='word_1_160' title='bbox 256 1967 377 1997; x_wconf 90' lang='lat' dir='ltr'>vidisse</span> <span class='ocrx_word' id='word_1_161' title='bbox 404 1967 508 1999; x_wconf 82' lang='lat' dir='ltr'>dicit-⁹</span> <span class='ocrx_word' id='word_1_162' title='bbox 549 1969 633 2000; x_wconf 86' lang='lat' dir='ltr'>Tac.</span> <span class='ocrx_word' id='word_1_163' title='bbox 662 1968 706 2000; x_wconf 83' lang='lat' dir='ltr'>G.</span> <span class='ocrx_word' id='word_1_164' title='bbox 732 1972 784 2000; x_wconf 90' lang='lat'>20.</span> <span class='ocrx_word' id='word_1_165' title='bbox 816 1972 825 1987; x_wconf 89' lang='lat'>‘</span> <span class='ocrx_word' id='word_1_166' title='bbox 842 1969 883 2000; x_wconf 90' lang='lat' dir='ltr'>In</span> 
     </span>
     <span class='ocr_line' id='line_1_33' title="bbox 188 2016 882 2059; baseline 0.007 -13"><span class='ocrx_word' id='word_1_167' title='bbox 188 2016 278 2047; x_wconf 88' lang='lat' dir='ltr'>omui</span> <span class='ocrx_word' id='word_1_168' title='bbox 304 2016 402 2048; x_wconf 88' lang='lat' dir='ltr'>domo</span> <span class='ocrx_word' id='word_1_169' title='bbox 425 2017 540 2049; x_wconf 88' lang='lat' dir='ltr'>nudi:&#39;</span> <span class='ocrx_word' id='word_1_170' title='bbox 568 2018 600 2050; x_wconf 88' lang='lat' dir='ltr'>h.</span> <span class='ocrx_word' id='word_1_171' title='bbox 629 2028 659 2049; x_wconf 91' lang='lat' dir='ltr'>e.</span> <span class='ocrx_word' id='word_1_172' title='bbox 687 2020 882 2059; x_wconf 76' lang='lat' dir='ltr'>explicante</span> 
     </span>
     <span class='ocr_line' id='line_1_34' title="bbox 189 2064 882 2101; baseline 0.009 -6"><span class='ocrx_word' id='word_1_173' title='bbox 189 2064 325 2097; x_wconf 82' lang='lat' dir='ltr'>Caesare</span> <span class='ocrx_word' id='word_1_174' title='bbox 356 2067 446 2098; x_wconf 86' lang='lat' dir='ltr'>Gall.</span> <span class='ocrx_word' id='word_1_175' title='bbox 477 2077 528 2098; x_wconf 82' lang='lat' dir='ltr'>VI.</span> <span class='ocrx_word' id='word_1_176' title='bbox 548 2071 601 2099; x_wconf 87' lang='lat'>21.</span> <span class='ocrx_word' id='word_1_177' title='bbox 625 2069 798 2101; x_wconf 82' lang='lat' dir='ltr'>‘PeHIbus</span> <span class='ocrx_word' id='word_1_178' title='bbox 824 2075 882 2101; x_wconf 89' lang='lat' dir='ltr'>aut</span> 
     </span>
     <span class='ocr_line' id='line_1_35' title="bbox 188 2117 883 2161; baseline 0.009 -15"><span class='ocrx_word' id='word_1_179' title='bbox 188 2117 300 2156; x_wconf 87' lang='lat' dir='ltr'>parvis</span> <span class='ocrx_word' id='word_1_180' title='bbox 316 2127 478 2149; x_wconf 89' lang='lat' dir='ltr'>renonum</span> <span class='ocrx_word' id='word_1_181' title='bbox 495 2120 699 2159; x_wconf 77' lang='lat' dir='ltr'>tegumentis</span> <span class='ocrx_word' id='word_1_182' title='bbox 721 2125 883 2161; x_wconf 88' lang='lat' dir='ltr'>utuntur;</span> 
     </span>
     <span class='ocr_line' id='line_1_36' title="bbox 187 2169 787 2209; baseline 0.007 -12"><span class='ocrx_word' id='word_1_183' title='bbox 187 2176 309 2207; x_wconf 85' lang='lat' dir='ltr'>magna</span> <span class='ocrx_word' id='word_1_184' title='bbox 324 2169 474 2209; x_wconf 86' lang='lat' dir='ltr'>corporis</span> <span class='ocrx_word' id='word_1_185' title='bbox 492 2175 589 2209; x_wconf 85' lang='lat' dir='ltr'>parte</span> <span class='ocrx_word' id='word_1_186' title='bbox 602 2170 713 2202; x_wconf 62' lang='lat' dir='ltr'>nuda!</span> <span class='ocrx_word' id='word_1_187' title='bbox 736 2172 787 2202; x_wconf 83' lang='lat' dir='ltr'>Id.</span> 
     </span>
    </p>

    <p class='ocr_par' dir='ltr' id='par_1_9' title="bbox 181 2216 883 2956">
     <span class='ocr_line' id='line_1_37' title="bbox 229 2216 883 2260; baseline 0.008 -14"><span class='ocrx_word' id='word_1_188' title='bbox 229 2216 246 2256; x_wconf 54' lang='grc' dir='ltr'>ᾧ</span> <span class='ocrx_word' id='word_1_189' title='bbox 270 2219 289 2246; x_wconf 87' lang='grc'>8</span> <span class='ocrx_word' id='word_1_190' title='bbox 313 2217 428 2257; x_wconf 83' lang='lat' dir='ltr'>Fatua]</span> <span class='ocrx_word' id='word_1_191' title='bbox 461 2218 563 2249; x_wconf 86' lang='lat' dir='ltr'>Soror</span> <span class='ocrx_word' id='word_1_192' title='bbox 591 2219 777 2260; x_wconf 84' lang='lat' dir='ltr'>eademqne</span> <span class='ocrx_word' id='word_1_193' title='bbox 805 2229 883 2251; x_wconf 88' lang='lat' dir='ltr'>cou-</span> 
     </span>
     <span class='ocr_line' id='line_1_38' title="bbox 181 2265 882 2308; baseline 0.006 -13"><span class='ocrx_word' id='word_1_194' title='bbox 181 2265 244 2305; x_wconf 85' lang='lat' dir='ltr'>jux</span> <span class='ocrx_word' id='word_1_195' title='bbox 261 2267 385 2298; x_wconf 82' lang='lat' dir='ltr'>Fauni:</span> <span class='ocrx_word' id='word_1_196' title='bbox 404 2277 502 2308; x_wconf 87' lang='lat' dir='ltr'>quam</span> <span class='ocrx_word' id='word_1_197' title='bbox 528 2268 537 2285; x_wconf 75' lang='lat'><strong><em>⁴</em></strong></span> <span class='ocrx_word' id='word_1_198' title='bbox 551 2269 691 2299; x_wconf 85' lang='lat' dir='ltr'>Fatuam</span> <span class='ocrx_word' id='word_1_199' title='bbox 705 2268 714 2282; x_wconf 91' lang='lat'><em>&#39;</em></span> <span class='ocrx_word' id='word_1_200' title='bbox 731 2269 882 2300; x_wconf 88' lang='lat' dir='ltr'>nomina-</span> 
     </span>
     <span class='ocr_line' id='line_1_39' title="bbox 188 2317 883 2358; baseline 0.006 -13"><span class='ocrx_word' id='word_1_201' title='bbox 188 2321 259 2346; x_wconf 83' lang='lat' dir='ltr'>tam</span> <span class='ocrx_word' id='word_1_202' title='bbox 271 2317 375 2347; x_wconf 83' lang='lat' dir='ltr'>tradit</span> <span class='ocrx_word' id='word_1_203' title='bbox 387 2317 425 2348; x_wconf 82' lang='lat' dir='ltr'>C.</span> <span class='ocrx_word' id='word_1_204' title='bbox 441 2318 579 2357; x_wconf 81' lang='lat' dir='ltr'>Bassus,</span> <span class='ocrx_word' id='word_1_205' title='bbox 591 2318 677 2358; x_wconf 89' lang='lat' dir='ltr'>quod</span> <span class='ocrx_word' id='word_1_206' title='bbox 691 2319 883 2349; x_wconf 86' lang='lat' dir='ltr'>mulieribus</span> 
     </span>
     <span class='ocr_line' id='line_1_40' title="bbox 187 2365 881 2406; baseline 0.006 -10"><span class='ocrx_word' id='word_1_207' title='bbox 187 2365 295 2397; x_wconf 86' lang='lat' dir='ltr'>‘fata&#39;</span> <span class='ocrx_word' id='word_1_208' title='bbox 312 2376 432 2397; x_wconf 80' lang='lat' dir='ltr'>canere</span> <span class='ocrx_word' id='word_1_209' title='bbox 448 2369 691 2406; x_wconf 81' lang='lat' dir='ltr'>consuevisset,</span> <span class='ocrx_word' id='word_1_210' title='bbox 702 2372 739 2399; x_wconf 87' lang='lat' dir='ltr'>ut</span> <span class='ocrx_word' id='word_1_211' title='bbox 748 2369 881 2400; x_wconf 87' lang='lat' dir='ltr'>Faunus</span> 
     </span>
     <span class='ocr_line' id='line_1_41' title="bbox 188 2415 882 2448; baseline 0.003 -2"><span class='ocrx_word' id='word_1_212' title='bbox 188 2415 269 2446; x_wconf 89' lang='lat' dir='ltr'>viris</span> <span class='ocrx_word' id='word_1_213' title='bbox 284 2426 291 2446; x_wconf 91' lang='lat'><strong>:</strong></span> <span class='ocrx_word' id='word_1_214' title='bbox 317 2417 472 2447; x_wconf 88' lang='lat' dir='ltr'>Lactant.</span> <span class='ocrx_word' id='word_1_215' title='bbox 488 2425 512 2447; x_wconf 91' lang='lat'>1.</span> <span class='ocrx_word' id='word_1_216' title='bbox 536 2416 614 2448; x_wconf 85' lang='lat' dir='ltr'>vid.</span> <span class='ocrx_word' id='word_1_217' title='bbox 631 2418 723 2448; x_wconf 88' lang='lat' dir='ltr'>Serv.</span> <span class='ocrx_word' id='word_1_218' title='bbox 748 2418 781 2447; x_wconf 90' lang='lat' dir='ltr'>in</span> <span class='ocrx_word' id='word_1_219' title='bbox 797 2417 882 2448; x_wconf 91' lang='lat' dir='ltr'>illud</span> 
     </span>
     <span class='ocr_line' id='line_1_42' title="bbox 188 2466 881 2507; baseline 0 -10"><span class='ocrx_word' id='word_1_220' title='bbox 188 2467 265 2497; x_wconf 82' lang='lat' dir='ltr'>AEn.</span> <span class='ocrx_word' id='word_1_221' title='bbox 285 2475 334 2498; x_wconf 89' lang='lat' dir='ltr'>v1.</span> <span class='ocrx_word' id='word_1_222' title='bbox 350 2469 424 2497; x_wconf 86' lang='grc'><strong>775.</strong></span> <span class='ocrx_word' id='word_1_223' title='bbox 453 2468 463 2484; x_wconf 84' lang='lat'>‘</span> <span class='ocrx_word' id='word_1_224' title='bbox 477 2466 698 2507; x_wconf 87' lang='lat' dir='ltr'>Castrumque</span> <span class='ocrx_word' id='word_1_225' title='bbox 714 2467 804 2506; x_wconf 86' lang='lat' dir='ltr'>Inui,</span> <span class='ocrx_word' id='word_1_226' title='bbox 817 2468 881 2498; x_wconf 90' lang='lat' dir='ltr'>Bo-</span> 
     </span>
     <span class='ocr_line' id='line_1_43' title="bbox 186 2516 880 2557; baseline 0.003 -11"><span class='ocrx_word' id='word_1_227' title='bbox 186 2516 526 2557; x_wconf 73' lang='lat' dir='ltr'>lamque,Coramque</span> <span class='ocrx_word' id='word_1_228' title='bbox 537 2516 558 2547; x_wconf 89' lang='lat'>:&#39;</span> <span class='ocrx_word' id='word_1_229' title='bbox 569 2521 604 2547; x_wconf 88' lang='lat' dir='ltr'>et</span> <span class='ocrx_word' id='word_1_230' title='bbox 614 2526 679 2548; x_wconf 88' lang='lat' dir='ltr'>v11.</span> <span class='ocrx_word' id='word_1_231' title='bbox 693 2519 745 2548; x_wconf 84' lang='grc'>47.</span> <span class='ocrx_word' id='word_1_232' title='bbox 758 2518 767 2534; x_wconf 91' lang='lat'>‘</span> <span class='ocrx_word' id='word_1_233' title='bbox 778 2517 880 2548; x_wconf 90' lang='lat' dir='ltr'>Hunc</span> 
     </span>
     <span class='ocr_line' id='line_1_44' title="bbox 190 2566 881 2607; baseline 0 -11"><span class='ocrx_word' id='word_1_234' title='bbox 190 2566 306 2596; x_wconf 87' lang='lat' dir='ltr'>Fauno</span> <span class='ocrx_word' id='word_1_235' title='bbox 321 2571 357 2597; x_wconf 91' lang='lat' dir='ltr'>et</span> <span class='ocrx_word' id='word_1_236' title='bbox 377 2567 526 2607; x_wconf 87' lang='lat' dir='ltr'>nympha</span> <span class='ocrx_word' id='word_1_237' title='bbox 546 2566 694 2606; x_wconf 84' lang='lat' dir='ltr'>genitum</span> <span class='ocrx_word' id='word_1_238' title='bbox 709 2566 881 2597; x_wconf 84' lang='lat' dir='ltr'>Laurente</span> 
     </span>
     <span class='ocr_line' id='line_1_45' title="bbox 188 2615 881 2656; baseline 0 -10"><span class='ocrx_word' id='word_1_239' title='bbox 188 2616 322 2647; x_wconf 87' lang='lat' dir='ltr'>Marica</span> <span class='ocrx_word' id='word_1_240' title='bbox 346 2615 563 2656; x_wconf 64' lang='lat' dir='ltr'>Accipimus?</span> <span class='ocrx_word' id='word_1_241' title='bbox 614 2616 690 2648; x_wconf 84' lang='lat' dir='ltr'>Quo</span> <span class='ocrx_word' id='word_1_242' title='bbox 706 2615 728 2646; x_wconf 89' lang='lat' dir='ltr'>l.</span> <span class='ocrx_word' id='word_1_243' title='bbox 746 2615 881 2655; x_wconf 84' lang='lat' dir='ltr'>Virgili-</span> 
     </span>
     <span class='ocr_line' id='line_1_46' title="bbox 187 2664 880 2705; baseline -0.001 -9"><span class='ocrx_word' id='word_1_244' title='bbox 187 2675 226 2696; x_wconf 88' lang='lat' dir='ltr'>us</span> <span class='ocrx_word' id='word_1_245' title='bbox 243 2675 262 2696; x_wconf 85' lang='lat' dir='ltr'>a</span> <span class='ocrx_word' id='word_1_246' title='bbox 273 2666 386 2705; x_wconf 85' lang='lat' dir='ltr'>Trogo</span> <span class='ocrx_word' id='word_1_247' title='bbox 401 2665 560 2697; x_wconf 88' lang='lat' dir='ltr'>dissidet:</span> <span class='ocrx_word' id='word_1_248' title='bbox 584 2664 667 2696; x_wconf 86' lang='lat' dir='ltr'>facit</span> <span class='ocrx_word' id='word_1_249' title='bbox 683 2664 770 2695; x_wconf 88' lang='lat' dir='ltr'>enim</span> <span class='ocrx_word' id='word_1_250' title='bbox 788 2665 880 2696; x_wconf 87' lang='lat' dir='ltr'>Lati-</span> 
     </span>
     <span class='ocr_line' id='line_1_47' title="bbox 189 2715 880 2754; baseline 0 -9"><span class='ocrx_word' id='word_1_251' title='bbox 189 2724 267 2745; x_wconf 89' lang='lat' dir='ltr'>num</span> <span class='ocrx_word' id='word_1_252' title='bbox 278 2715 383 2746; x_wconf 88' lang='lat' dir='ltr'>Fauni</span> <span class='ocrx_word' id='word_1_253' title='bbox 396 2720 430 2746; x_wconf 91' lang='lat' dir='ltr'>et</span> <span class='ocrx_word' id='word_1_254' title='bbox 440 2716 579 2747; x_wconf 86' lang='lat' dir='ltr'>Maricae</span> <span class='ocrx_word' id='word_1_255' title='bbox 593 2715 708 2746; x_wconf 84' lang='lat' dir='ltr'>filium.</span> <span class='ocrx_word' id='word_1_256' title='bbox 724 2715 880 2754; x_wconf 82' lang='lat' dir='ltr'>Bongars.</span> 
     </span>
     <span class='ocr_line' id='line_1_48' title="bbox 188 2765 882 2797; baseline -0.001 -1"><span class='ocrx_word' id='word_1_257' title='bbox 188 2765 287 2796; x_wconf 88' lang='lat' dir='ltr'>Varr.</span> <span class='ocrx_word' id='word_1_258' title='bbox 304 2774 354 2796; x_wconf 89' lang='lat' dir='ltr'>v1.</span> <span class='ocrx_word' id='word_1_259' title='bbox 368 2765 411 2796; x_wconf 90' lang='lat' dir='ltr'>de</span> <span class='ocrx_word' id='word_1_260' title='bbox 426 2766 465 2797; x_wconf 90' lang='lat' dir='ltr'>L.</span> <span class='ocrx_word' id='word_1_261' title='bbox 482 2765 523 2797; x_wconf 91' lang='lat' dir='ltr'>L.</span> <span class='ocrx_word' id='word_1_262' title='bbox 555 2767 564 2783; x_wconf 88' lang='lat'>‘</span> <span class='ocrx_word' id='word_1_263' title='bbox 576 2766 681 2796; x_wconf 87' lang='lat' dir='ltr'>Fauni</span> <span class='ocrx_word' id='word_1_264' title='bbox 707 2766 768 2796; x_wconf 89' lang='lat' dir='ltr'>Dii</span> <span class='ocrx_word' id='word_1_265' title='bbox 790 2765 882 2796; x_wconf 83' lang='lat' dir='ltr'>Lati-</span> 
     </span>
     <span class='ocr_line' id='line_1_49' title="bbox 188 2814 882 2855; baseline 0.001 -11"><span class='ocrx_word' id='word_1_266' title='bbox 188 2824 328 2853; x_wconf 88' lang='lat' dir='ltr'>norum;</span> <span class='ocrx_word' id='word_1_267' title='bbox 355 2815 415 2845; x_wconf 89' lang='lat' dir='ltr'>hos</span> <span class='ocrx_word' id='word_1_268' title='bbox 453 2814 618 2854; x_wconf 87' lang='lat' dir='ltr'>versibus,</span> <span class='ocrx_word' id='word_1_269' title='bbox 647 2824 729 2855; x_wconf 88' lang='lat' dir='ltr'>quos</span> <span class='ocrx_word' id='word_1_270' title='bbox 760 2817 882 2845; x_wconf 87' lang='lat' dir='ltr'>vocant</span> 
     </span>
     <span class='ocr_line' id='line_1_50' title="bbox 188 2863 880 2904; baseline 0 -10"><span class='ocrx_word' id='word_1_271' title='bbox 188 2863 378 2904; x_wconf 83' lang='lat' dir='ltr'>Saturnios,</span> <span class='ocrx_word' id='word_1_272' title='bbox 393 2864 425 2894; x_wconf 91' lang='lat' dir='ltr'>in</span> <span class='ocrx_word' id='word_1_273' title='bbox 442 2864 650 2896; x_wconf 86' lang='lat' dir='ltr'>silvestribus</span> <span class='ocrx_word' id='word_1_274' title='bbox 673 2864 755 2896; x_wconf 88' lang='lat' dir='ltr'>locis</span> <span class='ocrx_word' id='word_1_275' title='bbox 776 2863 880 2895; x_wconf 77' lang='lat' dir='ltr'>tradi-</span> 
     </span>
     <span class='ocr_line' id='line_1_51' title="bbox 189 2914 880 2956; baseline -0.001 -11"><span class='ocrx_word' id='word_1_276' title='bbox 189 2920 258 2946; x_wconf 87' lang='lat' dir='ltr'>tum</span> <span class='ocrx_word' id='word_1_277' title='bbox 286 2920 336 2946; x_wconf 81' lang='lat' dir='ltr'>est</span> <span class='ocrx_word' id='word_1_278' title='bbox 364 2915 478 2947; x_wconf 85' lang='lat' dir='ltr'>solitos</span> <span class='ocrx_word' id='word_1_279' title='bbox 514 2914 600 2947; x_wconf 83' lang='lat' dir='ltr'>fari.’</span> <span class='ocrx_word' id='word_1_280' title='bbox 646 2915 771 2947; x_wconf 86' lang='lat' dir='ltr'>Nescio</span> <span class='ocrx_word' id='word_1_281' title='bbox 809 2914 880 2956; x_wconf 90' lang='lat' dir='ltr'>quis</span> 
     </span>
    </p>
   </div>
   <div class='ocr_carea' id='block_1_5' title="bbox 1524 365 1633 407">
    <p class='ocr_par' dir='ltr' id='par_1_10' title="bbox 1524 365 1633 407">
     <span class='ocr_line' id='line_1_52' title="bbox 1524 365 1633 407; baseline 0.009 -1"><span class='ocrx_word' id='word_1_282' title='bbox 1524 365 1633 407; x_wconf 67' lang='lat'>1027</span> 
     </span>
    </p>
   </div>
   <div class='ocr_carea' id='block_1_6' title="bbox 929 469 1639 2949">
    <p class='ocr_par' dir='ltr' id='par_1_11' title="bbox 937 469 1638 907">
     <span class='ocr_line' id='line_1_53' title="bbox 938 469 1633 502; baseline 0.003 -3"><span class='ocrx_word' id='word_1_283' title='bbox 938 469 1028 501; x_wconf 88' lang='lat' dir='ltr'>inter</span> <span class='ocrx_word' id='word_1_284' title='bbox 1063 470 1210 502; x_wconf 75' lang='lat' dir='ltr'>obscoeni</span> <span class='ocrx_word' id='word_1_285' title='bbox 1258 469 1417 501; x_wconf 82' lang='lat' dir='ltr'>carminis</span> <span class='ocrx_word' id='word_1_286' title='bbox 1452 474 1607 501; x_wconf 77' lang='lat' dir='ltr'>auctores</span> <span class='ocrx_word' id='word_1_287' title='bbox 1624 481 1633 501; x_wconf 90' lang='lat'>:</span> 
     </span>
     <span class='ocr_line' id='line_1_54' title="bbox 940 519 1635 551; baseline 0.003 -2"><span class='ocrx_word' id='word_1_288' title='bbox 940 520 1088 550; x_wconf 86' lang='lat' dir='ltr'>‘Fronte</span> <span class='ocrx_word' id='word_1_289' title='bbox 1104 523 1140 550; x_wconf 88' lang='lat' dir='ltr'>et</span> <span class='ocrx_word' id='word_1_290' title='bbox 1165 524 1338 551; x_wconf 87' lang='lat' dir='ltr'>comantes</span> <span class='ocrx_word' id='word_1_291' title='bbox 1364 519 1517 551; x_wconf 84' lang='lat' dir='ltr'>Arcadas</span> <span class='ocrx_word' id='word_1_292' title='bbox 1540 521 1635 551; x_wconf 84' lang='lat' dir='ltr'>vides</span> 
     </span>
     <span class='ocr_line' id='line_1_55' title="bbox 939 568 1636 600; baseline 0.003 -2"><span class='ocrx_word' id='word_1_293' title='bbox 939 568 1093 599; x_wconf 63' lang='lat' dir='ltr'>Faunos!</span> <span class='ocrx_word' id='word_1_294' title='bbox 1114 569 1251 599; x_wconf 77' lang='lat' dir='ltr'>Moctz&#39;us.</span> <span class='ocrx_word' id='word_1_295' title='bbox 1305 569 1357 599; x_wconf 92' lang='lat' dir='ltr'>De</span> <span class='ocrx_word' id='word_1_296' title='bbox 1387 569 1496 600; x_wconf 82' lang='lat' dir='ltr'>Fatua</span> <span class='ocrx_word' id='word_1_297' title='bbox 1519 569 1636 600; x_wconf 85' lang='lat' dir='ltr'>scribit</span> 
     </span>
     <span class='ocr_line' id='line_1_56' title="bbox 939 618 1637 649; baseline 0.003 -2"><span class='ocrx_word' id='word_1_298' title='bbox 939 618 1097 648; x_wconf 86' lang='lat' dir='ltr'>Lactant.</span> <span class='ocrx_word' id='word_1_299' title='bbox 1123 626 1148 648; x_wconf 90' lang='lat'>1.</span> <span class='ocrx_word' id='word_1_300' title='bbox 1175 621 1227 649; x_wconf 92' lang='lat'>22.</span> <span class='ocrx_word' id='word_1_301' title='bbox 1244 621 1276 648; x_wconf 79' lang='lat'>9.</span> <span class='ocrx_word' id='word_1_302' title='bbox 1299 618 1308 634; x_wconf 77' lang='lat'><em>¹</em></span> <span class='ocrx_word' id='word_1_303' title='bbox 1323 619 1457 648; x_wconf 89' lang='lat' dir='ltr'>Faunus</span> <span class='ocrx_word' id='word_1_304' title='bbox 1479 619 1511 648; x_wconf 90' lang='lat' dir='ltr'>in</span> <span class='ocrx_word' id='word_1_305' title='bbox 1537 618 1637 649; x_wconf 88' lang='lat' dir='ltr'>Latio</span> 
     </span>
     <span class='ocr_line' id='line_1_57' title="bbox 939 668 1637 698; baseline 0 0"><span class='ocrx_word' id='word_1_306' title='bbox 939 677 1085 698; x_wconf 85' lang='lat' dir='ltr'>sororem</span> <span class='ocrx_word' id='word_1_307' title='bbox 1102 677 1194 698; x_wconf 83' lang='lat' dir='ltr'>suam</span> <span class='ocrx_word' id='word_1_308' title='bbox 1213 668 1354 698; x_wconf 87' lang='lat' dir='ltr'>Fatuam</span> <span class='ocrx_word' id='word_1_309' title='bbox 1378 668 1526 698; x_wconf 85' lang='lat' dir='ltr'>Faunam</span> <span class='ocrx_word' id='word_1_310' title='bbox 1549 678 1637 698; x_wconf 83' lang='lat' dir='ltr'>eam-</span> 
     </span>
     <span class='ocr_line' id='line_1_58' title="bbox 938 717 1638 758; baseline 0.001 -11"><span class='ocrx_word' id='word_1_311' title='bbox 938 727 1004 758; x_wconf 85' lang='lat' dir='ltr'>que</span> <span class='ocrx_word' id='word_1_312' title='bbox 1020 717 1199 757; x_wconf 84' lang='lat' dir='ltr'>conjugem</span> <span class='ocrx_word' id='word_1_313' title='bbox 1215 718 1439 756; x_wconf 83' lang='lat' dir='ltr'>consecravit,</span> <span class='ocrx_word' id='word_1_314' title='bbox 1454 727 1552 758; x_wconf 86' lang='lat' dir='ltr'>quam</span> <span class='ocrx_word' id='word_1_315' title='bbox 1569 718 1638 749; x_wconf 90' lang='lat' dir='ltr'>Ga-</span> 
     </span>
     <span class='ocr_line' id='line_1_59' title="bbox 937 767 1638 798; baseline -0.001 0"><span class='ocrx_word' id='word_1_316' title='bbox 937 767 1010 798; x_wconf 88' lang='lat' dir='ltr'>bins</span> <span class='ocrx_word' id='word_1_317' title='bbox 1027 768 1150 798; x_wconf 86' lang='lat' dir='ltr'>Bassus</span> <span class='ocrx_word' id='word_1_318' title='bbox 1177 769 1318 798; x_wconf 86' lang='lat' dir='ltr'>Fatuam</span> <span class='ocrx_word' id='word_1_319' title='bbox 1342 768 1548 798; x_wconf 79' lang='lat' dir='ltr'>nominatam</span> <span class='ocrx_word' id='word_1_320' title='bbox 1571 772 1638 798; x_wconf 84' lang='lat' dir='ltr'>tra-</span> 
     </span>
     <span class='ocr_line' id='line_1_60' title="bbox 937 816 1637 858; baseline -0.001 -10"><span class='ocrx_word' id='word_1_321' title='bbox 937 817 1000 856; x_wconf 81' lang='lat' dir='ltr'>dit,</span> <span class='ocrx_word' id='word_1_322' title='bbox 1016 817 1104 858; x_wconf 83' lang='lat' dir='ltr'>quod</span> <span class='ocrx_word' id='word_1_323' title='bbox 1120 817 1317 848; x_wconf 83' lang='lat' dir='ltr'>mulieribus</span> <span class='ocrx_word' id='word_1_324' title='bbox 1333 816 1403 847; x_wconf 82' lang='lat' dir='ltr'>fata</span> <span class='ocrx_word' id='word_1_325' title='bbox 1418 826 1541 848; x_wconf 85' lang='lat' dir='ltr'>canere</span> <span class='ocrx_word' id='word_1_326' title='bbox 1557 826 1637 848; x_wconf 90' lang='lat' dir='ltr'>con-</span> 
     </span>
     <span class='ocr_line' id='line_1_61' title="bbox 937 866 1435 907; baseline 0 -9"><span class='ocrx_word' id='word_1_327' title='bbox 937 868 1112 907; x_wconf 84' lang='lat' dir='ltr'>suevisset,</span> <span class='ocrx_word' id='word_1_328' title='bbox 1125 871 1164 897; x_wconf 92' lang='lat' dir='ltr'>ut</span> <span class='ocrx_word' id='word_1_329' title='bbox 1180 868 1313 898; x_wconf 88' lang='lat' dir='ltr'>Faunus</span> <span class='ocrx_word' id='word_1_330' title='bbox 1328 866 1435 898; x_wconf 63' lang='lat' dir='ltr'>viris!</span> 
     </span>
    </p>

    <p class='ocr_par' dir='ltr' id='par_1_12' title="bbox 932 916 1639 2109">
     <span class='ocr_line' id='line_1_62' title="bbox 985 916 1637 957; baseline 0 -9"><span class='ocrx_word' id='word_1_331' title='bbox 985 917 1074 948; x_wconf 80' lang='lat' dir='ltr'>Velut</span> <span class='ocrx_word' id='word_1_332' title='bbox 1094 927 1150 957; x_wconf 81' lang='lat' dir='ltr'>per</span> <span class='ocrx_word' id='word_1_333' title='bbox 1167 916 1311 955; x_wconf 81' lang='lat' dir='ltr'>furorem</span> <span class='ocrx_word' id='word_1_334' title='bbox 1330 916 1445 954; x_wconf 80' lang='lat' dir='ltr'>sutura</span> <span class='ocrx_word' id='word_1_335' title='bbox 1468 926 1637 957; x_wconf 77' lang='lat' dir='ltr'>proemone-</span> 
     </span>
     <span class='ocr_line' id='line_1_63' title="bbox 937 966 1637 1006; baseline -0.001 -8"><span class='ocrx_word' id='word_1_336' title='bbox 937 967 1005 1006; x_wconf 72' lang='lat' dir='ltr'>bat]</span> <span class='ocrx_word' id='word_1_337' title='bbox 1028 968 1123 998; x_wconf 90' lang='lat' dir='ltr'>Serv.</span> <span class='ocrx_word' id='word_1_338' title='bbox 1149 967 1190 997; x_wconf 89' lang='lat' dir='ltr'>ad</span> <span class='ocrx_word' id='word_1_339' title='bbox 1219 966 1301 997; x_wconf 89' lang='lat' dir='ltr'>illud</span> <span class='ocrx_word' id='word_1_340' title='bbox 1327 967 1449 1006; x_wconf 83' lang='lat' dir='ltr'>Virgil.</span> <span class='ocrx_word' id='word_1_341' title='bbox 1477 967 1550 999; x_wconf 84' lang='lat' dir='ltr'>AEn.</span> <span class='ocrx_word' id='word_1_342' title='bbox 1576 976 1637 998; x_wconf 80' lang='lat'>111.</span> 
     </span>
     <span class='ocr_line' id='line_1_64' title="bbox 936 1016 1636 1057; baseline 0 -11"><span class='ocrx_word' id='word_1_343' title='bbox 936 1018 1012 1047; x_wconf 82' lang='grc'><strong>443.</strong></span> <span class='ocrx_word' id='word_1_344' title='bbox 1035 1016 1214 1047; x_wconf 77' lang='lat' dir='ltr'>‘Insaniam</span> <span class='ocrx_word' id='word_1_345' title='bbox 1237 1020 1347 1046; x_wconf 88' lang='lat' dir='ltr'>vatem</span> <span class='ocrx_word' id='word_1_346' title='bbox 1365 1016 1544 1056; x_wconf 86' lang='lat' dir='ltr'>adspicies,</span> <span class='ocrx_word' id='word_1_347' title='bbox 1561 1026 1636 1057; x_wconf 84' lang='lat' dir='ltr'>quae</span> 
     </span>
     <span class='ocr_line' id='line_1_65' title="bbox 937 1065 1637 1106; baseline 0.001 -10"><span class='ocrx_word' id='word_1_348' title='bbox 937 1075 1022 1106; x_wconf 90' lang='lat' dir='ltr'>rupe</span> <span class='ocrx_word' id='word_1_349' title='bbox 1043 1065 1102 1096; x_wconf 90' lang='lat' dir='ltr'>sub</span> <span class='ocrx_word' id='word_1_350' title='bbox 1120 1066 1187 1095; x_wconf 82' lang='lat' dir='ltr'>ima</span> <span class='ocrx_word' id='word_1_351' title='bbox 1202 1066 1287 1096; x_wconf 86' lang='lat' dir='ltr'>Fata</span> <span class='ocrx_word' id='word_1_352' title='bbox 1303 1066 1396 1096; x_wconf 90' lang='lat' dir='ltr'>canit</span> <span class='ocrx_word' id='word_1_353' title='bbox 1408 1066 1429 1098; x_wconf 88' lang='lat'>:’</span> <span class='ocrx_word' id='word_1_354' title='bbox 1450 1067 1458 1083; x_wconf 91' lang='lat'>‘</span> <span class='ocrx_word' id='word_1_355' title='bbox 1474 1066 1637 1097; x_wconf 83' lang='lat' dir='ltr'>Insanam</span> 
     </span>
     <span class='ocr_line' id='line_1_66' title="bbox 939 1115 1636 1156; baseline 0.001 -10"><span class='ocrx_word' id='word_1_356' title='bbox 939 1120 1063 1155; x_wconf 89' lang='lat' dir='ltr'>vatem,</span> <span class='ocrx_word' id='word_1_357' title='bbox 1080 1115 1157 1155; x_wconf 89' lang='lat' dir='ltr'>alii‚&#39;</span> <span class='ocrx_word' id='word_1_358' title='bbox 1169 1116 1289 1156; x_wconf 88' lang='lat' dir='ltr'>inquit,</span> <span class='ocrx_word' id='word_1_359' title='bbox 1303 1117 1312 1133; x_wconf 93' lang='lat'>‘</span> <span class='ocrx_word' id='word_1_360' title='bbox 1327 1126 1482 1156; x_wconf 81' lang='lat' dir='ltr'>magnam</span> <span class='ocrx_word' id='word_1_361' title='bbox 1495 1116 1636 1148; x_wconf 83' lang='lat' dir='ltr'>dicunt:</span> 
     </span>
     <span class='ocr_line' id='line_1_67' title="bbox 936 1165 1639 1207; baseline 0 -11"><span class='ocrx_word' id='word_1_362' title='bbox 936 1165 995 1196; x_wconf 83' lang='lat' dir='ltr'>scd</span> <span class='ocrx_word' id='word_1_363' title='bbox 1012 1166 1129 1196; x_wconf 89' lang='lat' dir='ltr'>melius</span> <span class='ocrx_word' id='word_1_364' title='bbox 1146 1170 1209 1204; x_wconf 69' lang='lat' dir='ltr'>est,</span> <span class='ocrx_word' id='word_1_365' title='bbox 1224 1166 1300 1196; x_wconf 88' lang='lat' dir='ltr'>Deo</span> <span class='ocrx_word' id='word_1_366' title='bbox 1319 1166 1454 1207; x_wconf 88' lang='lat' dir='ltr'>plenam</span> <span class='ocrx_word' id='word_1_367' title='bbox 1470 1171 1505 1197; x_wconf 86' lang='lat' dir='ltr'>et</span> <span class='ocrx_word' id='word_1_368' title='bbox 1519 1165 1639 1197; x_wconf 88' lang='lat' dir='ltr'>vatici-</span> 
     </span>
     <span class='ocr_line' id='line_1_68' title="bbox 936 1216 1637 1257; baseline -0.001 -10"><span class='ocrx_word' id='word_1_369' title='bbox 936 1216 1100 1248; x_wconf 86' lang='lat' dir='ltr'>natricem</span> <span class='ocrx_word' id='word_1_370' title='bbox 1116 1216 1366 1257; x_wconf 82' lang='lat' dir='ltr'>intelligamus:</span> <span class='ocrx_word' id='word_1_371' title='bbox 1398 1228 1417 1247; x_wconf 84' lang='lat' dir='ltr'>a</span> <span class='ocrx_word' id='word_1_372' title='bbox 1438 1217 1637 1248; x_wconf 80' lang='lat' dir='ltr'>Graecorum</span> 
     </span>
     <span class='ocr_line' id='line_1_69' title="bbox 936 1267 1638 1309; baseline -0.001 -12"><span class='ocrx_word' id='word_1_373' title='bbox 936 1271 1086 1298; x_wconf 90' lang='lat' dir='ltr'>tractum</span> <span class='ocrx_word' id='word_1_374' title='bbox 1108 1268 1324 1308; x_wconf 81' lang='lat' dir='ltr'>etymologia,</span> <span class='ocrx_word' id='word_1_375' title='bbox 1352 1268 1411 1309; x_wconf 83' lang='lat' dir='ltr'>qui</span> <span class='ocrx_word' id='word_1_376' title='bbox 1437 1267 1558 1306; x_wconf 76' lang='grc' dir='ltr'>μάντεις</span> <span class='ocrx_word' id='word_1_377' title='bbox 1577 1267 1638 1297; x_wconf 83' lang='grc' dir='ltr'>ἀπὸ</span> 
     </span>
     <span class='ocr_line' id='line_1_70' title="bbox 935 1316 1638 1358; baseline 0.001 -11"><span class='ocrx_word' id='word_1_378' title='bbox 935 1317 992 1354; x_wconf 78' lang='grc' dir='ltr'>τῆς</span> <span class='ocrx_word' id='word_1_379' title='bbox 1003 1316 1109 1355; x_wconf 79' lang='grc' dir='ltr'>μανίας</span> <span class='ocrx_word' id='word_1_380' title='bbox 1119 1318 1390 1357; x_wconf 84' lang='lat' dir='ltr'>appellaverunt.</span> <span class='ocrx_word' id='word_1_381' title='bbox 1437 1319 1523 1349; x_wconf 84' lang='lat' dir='ltr'>Nam</span> <span class='ocrx_word' id='word_1_382' title='bbox 1536 1327 1638 1358; x_wconf 87' lang='lat' dir='ltr'>supra</span> 
     </span>
     <span class='ocr_line' id='line_1_71' title="bbox 936 1367 1638 1408; baseline 0 -11"><span class='ocrx_word' id='word_1_383' title='bbox 936 1376 1051 1397; x_wconf 91' lang='lat' dir='ltr'>sensus</span> <span class='ocrx_word' id='word_1_384' title='bbox 1080 1367 1241 1398; x_wconf 82' lang='lat' dir='ltr'>humanos</span> <span class='ocrx_word' id='word_1_385' title='bbox 1277 1368 1518 1408; x_wconf 75' lang='lat' dir='ltr'>intelligentia,</span> <span class='ocrx_word' id='word_1_386' title='bbox 1543 1367 1638 1399; x_wconf 87' lang='lat' dir='ltr'>furor</span> 
     </span>
     <span class='ocr_line' id='line_1_72' title="bbox 936 1416 1635 1456; baseline 0.003 -10"><span class='ocrx_word' id='word_1_387' title='bbox 936 1420 972 1446; x_wconf 86' lang='lat' dir='ltr'>et</span> <span class='ocrx_word' id='word_1_388' title='bbox 996 1416 1123 1447; x_wconf 90' lang='lat' dir='ltr'>insania</span> <span class='ocrx_word' id='word_1_389' title='bbox 1137 1416 1277 1456; x_wconf 89' lang='lat' dir='ltr'>dicitur,</span> <span class='ocrx_word' id='word_1_390' title='bbox 1296 1421 1385 1448; x_wconf 86' lang='lat' dir='ltr'>teste</span> <span class='ocrx_word' id='word_1_391' title='bbox 1403 1417 1568 1448; x_wconf 78' lang='lat' dir='ltr'>Cicerone</span> <span class='ocrx_word' id='word_1_392' title='bbox 1592 1417 1635 1448; x_wconf 79' lang='lat' dir='ltr'>de</span> 
     </span>
     <span class='ocr_line' id='line_1_73' title="bbox 936 1466 1639 1506; baseline 0.001 -10"><span class='ocrx_word' id='word_1_393' title='bbox 936 1466 1160 1497; x_wconf 87' lang='lat' dir='ltr'>Divinatione</span> <span class='ocrx_word' id='word_1_394' title='bbox 1184 1466 1224 1505; x_wconf 85' lang='lat'>[1.</span> <span class='ocrx_word' id='word_1_395' title='bbox 1243 1466 1324 1506; x_wconf 85' lang='lat'><strong>31.].</strong></span> <span class='ocrx_word' id='word_1_396' title='bbox 1361 1466 1452 1498; x_wconf 82' lang='lat' dir='ltr'>Huic</span> <span class='ocrx_word' id='word_1_397' title='bbox 1474 1471 1639 1504; x_wconf 77' lang='lat' dir='ltr'>praestan-</span> 
     </span>
     <span class='ocr_line' id='line_1_74' title="bbox 936 1516 1639 1555; baseline 0.001 -9"><span class='ocrx_word' id='word_1_398' title='bbox 936 1516 1074 1546; x_wconf 85' lang='lat' dir='ltr'>tissimae</span> <span class='ocrx_word' id='word_1_399' title='bbox 1103 1517 1151 1546; x_wconf 88' lang='lat' dir='ltr'>rei</span> <span class='ocrx_word' id='word_1_400' title='bbox 1178 1525 1301 1547; x_wconf 90' lang='lat' dir='ltr'>nomen</span> <span class='ocrx_word' id='word_1_401' title='bbox 1327 1517 1433 1547; x_wconf 84' lang='lat' dir='ltr'>nostri</span> <span class='ocrx_word' id='word_1_402' title='bbox 1453 1526 1472 1547; x_wconf 88' lang='lat' dir='ltr'>a</span> <span class='ocrx_word' id='word_1_403' title='bbox 1497 1516 1639 1555; x_wconf 87' lang='lat' dir='ltr'>‘Divis,&#39;</span> 
     </span>
     <span class='ocr_line' id='line_1_75' title="bbox 937 1565 1639 1607; baseline 0.003 -11"><span class='ocrx_word' id='word_1_404' title='bbox 937 1565 1051 1597; x_wconf 85' lang='lat' dir='ltr'>Graeci</span> <span class='ocrx_word' id='word_1_405' title='bbox 1067 1565 1121 1607; x_wconf 89' lang='lat' dir='ltr'>(ut</span> <span class='ocrx_word' id='word_1_406' title='bbox 1136 1566 1238 1597; x_wconf 87' lang='lat' dir='ltr'>Plato</span> <span class='ocrx_word' id='word_1_407' title='bbox 1256 1566 1517 1607; x_wconf 86' lang='lat' dir='ltr'>interpretatur)</span> <span class='ocrx_word' id='word_1_408' title='bbox 1533 1577 1552 1598; x_wconf 88' lang='lat' dir='ltr'>a</span> <span class='ocrx_word' id='word_1_409' title='bbox 1566 1567 1575 1584; x_wconf 91' lang='lat'>‘</span> <span class='ocrx_word' id='word_1_410' title='bbox 1588 1566 1639 1598; x_wconf 88' lang='lat' dir='ltr'>fn-</span> 
     </span>
     <span class='ocr_line' id='line_1_76' title="bbox 935 1616 1637 1657; baseline 0.001 -10"><span class='ocrx_word' id='word_1_411' title='bbox 935 1616 1029 1647; x_wconf 88' lang='lat' dir='ltr'>rore&#39;</span> <span class='ocrx_word' id='word_1_412' title='bbox 1055 1617 1226 1655; x_wconf 83' lang='lat' dir='ltr'>dixerunt,</span> <span class='ocrx_word' id='word_1_413' title='bbox 1250 1627 1385 1657; x_wconf 80' lang='lat' dir='ltr'>prorsus</span> <span class='ocrx_word' id='word_1_414' title='bbox 1404 1617 1526 1648; x_wconf 87' lang='lat' dir='ltr'>furoris</span> <span class='ocrx_word' id='word_1_415' title='bbox 1552 1617 1637 1648; x_wconf 87' lang='lat' dir='ltr'>divi-</span> 
     </span>
     <span class='ocr_line' id='line_1_77' title="bbox 935 1666 1637 1707; baseline 0.001 -10"><span class='ocrx_word' id='word_1_416' title='bbox 935 1666 1109 1697; x_wconf 85' lang='lat' dir='ltr'>nationem</span> <span class='ocrx_word' id='word_1_417' title='bbox 1133 1667 1307 1707; x_wconf 83' lang='lat' dir='ltr'>Sibyllinis</span> <span class='ocrx_word' id='word_1_418' title='bbox 1324 1667 1468 1697; x_wconf 85' lang='lat' dir='ltr'>maxime</span> <span class='ocrx_word' id='word_1_419' title='bbox 1486 1667 1637 1698; x_wconf 86' lang='lat' dir='ltr'>versibus</span> 
     </span>
     <span class='ocr_line' id='line_1_78' title="bbox 935 1717 1636 1749; baseline 0.001 -2"><span class='ocrx_word' id='word_1_420' title='bbox 935 1718 1102 1748; x_wconf 81' lang='lat' dir='ltr'>contineri</span> <span class='ocrx_word' id='word_1_421' title='bbox 1140 1717 1322 1749; x_wconf 84' lang='lat' dir='ltr'>arbitrati.&#39;</span> <span class='ocrx_word' id='word_1_422' title='bbox 1360 1719 1496 1748; x_wconf 77' lang='lat' dir='ltr'>lllodius.</span> <span class='ocrx_word' id='word_1_423' title='bbox 1547 1719 1636 1749; x_wconf 86' lang='lat' dir='ltr'>Sane</span> 
     </span>
     <span class='ocr_line' id='line_1_79' title="bbox 936 1767 1637 1799; baseline 0.001 -2"><span class='ocrx_word' id='word_1_424' title='bbox 936 1767 1037 1797; x_wconf 90' lang='lat' dir='ltr'>Picus</span> <span class='ocrx_word' id='word_1_425' title='bbox 1064 1767 1257 1798; x_wconf 74' lang='lat' dir='ltr'>Min-andala</span> <span class='ocrx_word' id='word_1_426' title='bbox 1281 1767 1340 1799; x_wconf 90' lang='lat' dir='ltr'>lib.</span> <span class='ocrx_word' id='word_1_427' title='bbox 1363 1776 1415 1798; x_wconf 80' lang='lat' dir='ltr'>lx.</span> <span class='ocrx_word' id='word_1_428' title='bbox 1439 1768 1479 1798; x_wconf 90' lang='lat' dir='ltr'>de</span> <span class='ocrx_word' id='word_1_429' title='bbox 1496 1768 1637 1798; x_wconf 88' lang='lat' dir='ltr'>Praeno-</span> 
     </span>
     <span class='ocr_line' id='line_1_80' title="bbox 935 1816 1636 1857; baseline 0.003 -11"><span class='ocrx_word' id='word_1_430' title='bbox 935 1817 1040 1855; x_wconf 88' lang='lat' dir='ltr'>tione,</span> <span class='ocrx_word' id='word_1_431' title='bbox 1066 1816 1182 1847; x_wconf 81' lang='lat' dir='ltr'>sutura</span> <span class='ocrx_word' id='word_1_432' title='bbox 1209 1818 1446 1857; x_wconf 69' lang='lat' dir='ltr'>praenoscendi</span> <span class='ocrx_word' id='word_1_433' title='bbox 1473 1822 1509 1849; x_wconf 88' lang='lat' dir='ltr'>et</span> <span class='ocrx_word' id='word_1_434' title='bbox 1538 1827 1636 1849; x_wconf 89' lang='lat' dir='ltr'>reve-</span> 
     </span>
     <span class='ocr_line' id='line_1_81' title="bbox 934 1867 1635 1909; baseline 0.003 -12"><span class='ocrx_word' id='word_1_435' title='bbox 934 1867 1023 1898; x_wconf 86' lang='lat' dir='ltr'>landi</span> <span class='ocrx_word' id='word_1_436' title='bbox 1038 1877 1154 1899; x_wconf 90' lang='lat' dir='ltr'>munus</span> <span class='ocrx_word' id='word_1_437' title='bbox 1168 1867 1301 1901; x_wconf 73' lang='lat' dir='ltr'>Feminis</span> <span class='ocrx_word' id='word_1_438' title='bbox 1313 1879 1382 1909; x_wconf 72' lang='lat' dir='ltr'>prm</span> <span class='ocrx_word' id='word_1_439' title='bbox 1395 1869 1543 1899; x_wconf 83' lang='lat' dir='ltr'>maribus</span> <span class='ocrx_word' id='word_1_440' title='bbox 1558 1869 1635 1899; x_wconf 83' lang='lat' dir='ltr'>ideo</span> 
     </span>
     <span class='ocr_line' id='line_1_82' title="bbox 933 1916 1636 1959; baseline 0.003 -13"><span class='ocrx_word' id='word_1_441' title='bbox 933 1916 1051 1947; x_wconf 84' lang='lat' dir='ltr'>datum</span> <span class='ocrx_word' id='word_1_442' title='bbox 1073 1917 1270 1957; x_wconf 81' lang='lat' dir='ltr'>arbitratur,</span> <span class='ocrx_word' id='word_1_443' title='bbox 1287 1918 1376 1959; x_wconf 82' lang='lat' dir='ltr'>quod</span> <span class='ocrx_word' id='word_1_444' title='bbox 1399 1918 1504 1958; x_wconf 86' lang='lat' dir='ltr'>magis</span> <span class='ocrx_word' id='word_1_445' title='bbox 1520 1917 1636 1948; x_wconf 82' lang='lat' dir='ltr'>fatuus</span> 
     </span>
     <span class='ocr_line' id='line_1_83' title="bbox 933 1966 1635 2008; baseline 0.003 -12"><span class='ocrx_word' id='word_1_446' title='bbox 933 1966 990 1997; x_wconf 92' lang='lat' dir='ltr'>ille</span> <span class='ocrx_word' id='word_1_447' title='bbox 1003 1976 1101 1998; x_wconf 83' lang='lat' dir='ltr'>sexus</span> <span class='ocrx_word' id='word_1_448' title='bbox 1119 1968 1174 2000; x_wconf 87' lang='lat' dir='ltr'>sit.</span> <span class='ocrx_word' id='word_1_449' title='bbox 1219 1969 1385 2008; x_wconf 85' lang='lat' dir='ltr'>Exempla</span> <span class='ocrx_word' id='word_1_450' title='bbox 1407 1973 1485 2000; x_wconf 90' lang='lat' dir='ltr'>sunt</span> <span class='ocrx_word' id='word_1_451' title='bbox 1505 1968 1539 1998; x_wconf 92' lang='lat' dir='ltr'>in</span> <span class='ocrx_word' id='word_1_452' title='bbox 1555 1969 1635 1999; x_wconf 87' lang='lat' dir='ltr'>Tac.</span> 
     </span>
     <span class='ocr_line' id='line_1_84' title="bbox 934 2019 1636 2050; baseline 0 -1"><span class='ocrx_word' id='word_1_453' title='bbox 934 2027 1013 2050; x_wconf 78' lang='lat' dir='ltr'>xiv.</span> <span class='ocrx_word' id='word_1_454' title='bbox 1028 2021 1079 2049; x_wconf 83' lang='lat'>32.</span> <span class='ocrx_word' id='word_1_455' title='bbox 1097 2021 1127 2049; x_wconf 90' lang='lat'>2.</span> <span class='ocrx_word' id='word_1_456' title='bbox 1145 2019 1240 2050; x_wconf 86' lang='lat' dir='ltr'>Curt.</span> <span class='ocrx_word' id='word_1_457' title='bbox 1262 2028 1344 2050; x_wconf 91' lang='lat' dir='ltr'>v111.</span> <span class='ocrx_word' id='word_1_458' title='bbox 1370 2021 1402 2050; x_wconf 89' lang='grc'>6.</span> <span class='ocrx_word' id='word_1_459' title='bbox 1430 2021 1481 2050; x_wconf 87' lang='lat'>22.</span> <span class='ocrx_word' id='word_1_460' title='bbox 1526 2019 1636 2049; x_wconf 87' lang='lat' dir='ltr'>Zona-</span> 
     </span>
     <span class='ocr_line' id='line_1_85' title="bbox 932 2068 1634 2109; baseline 0 -10"><span class='ocrx_word' id='word_1_461' title='bbox 932 2077 977 2099; x_wconf 79' lang='lat' dir='ltr'>rae</span> <span class='ocrx_word' id='word_1_462' title='bbox 996 2069 1111 2099; x_wconf 85' lang='lat' dir='ltr'>Leone</span> <span class='ocrx_word' id='word_1_463' title='bbox 1128 2068 1304 2108; x_wconf 86' lang='lat' dir='ltr'>Armenio,</span> <span class='ocrx_word' id='word_1_464' title='bbox 1321 2074 1356 2101; x_wconf 90' lang='lat' dir='ltr'>et</span> <span class='ocrx_word' id='word_1_465' title='bbox 1373 2070 1508 2109; x_wconf 83' lang='lat' dir='ltr'>passim.</span> <span class='ocrx_word' id='word_1_466' title='bbox 1533 2069 1634 2099; x_wconf 66' lang='lat' dir='ltr'>Ber-r..</span> 
     </span>
    </p>

    <p class='ocr_par' dir='ltr' id='par_1_13' title="bbox 929 2118 1636 2949">
     <span class='ocr_line' id='line_1_86' title="bbox 978 2118 1636 2159; baseline 0.002 -11"><span class='ocrx_word' id='word_1_467' title='bbox 978 2118 1096 2149; x_wconf 74' lang='lat' dir='ltr'>Futura</span> <span class='ocrx_word' id='word_1_468' title='bbox 1115 2119 1336 2159; x_wconf 66' lang='lat' dir='ltr'>praemonebat]</span> <span class='ocrx_word' id='word_1_469' title='bbox 1369 2119 1519 2151; x_wconf 87' lang='lat' dir='ltr'>Gronov.</span> <span class='ocrx_word' id='word_1_470' title='bbox 1547 2128 1636 2158; x_wconf 85' lang='lat' dir='ltr'>prae-</span> 
     </span>
     <span class='ocr_line' id='line_1_87' title="bbox 932 2168 1633 2209; baseline 0.001 -11"><span class='ocrx_word' id='word_1_471' title='bbox 932 2168 1003 2198; x_wconf 79' lang='lat' dir='ltr'>fert</span> <span class='ocrx_word' id='word_1_472' title='bbox 1040 2169 1107 2200; x_wconf 87' lang='lat' dir='ltr'>Ms.</span> <span class='ocrx_word' id='word_1_473' title='bbox 1141 2169 1339 2209; x_wconf 85' lang='lat' dir='ltr'>lectionem,</span> <span class='ocrx_word' id='word_1_474' title='bbox 1367 2168 1400 2208; x_wconf 85' lang='lat' dir='ltr'>f.</span> <span class='ocrx_word' id='word_1_475' title='bbox 1431 2168 1633 2209; x_wconf 78' lang='lat' dir='ltr'>praecinebat.</span> 
     </span>
     <span class='ocr_line' id='line_1_88' title="bbox 929 2218 1633 2258; baseline 0 -9"><span class='ocrx_word' id='word_1_476' title='bbox 929 2218 1063 2249; x_wconf 70' lang='lat' dir='ltr'>„Canere</span> <span class='ocrx_word' id='word_1_477' title='bbox 1086 2219 1174 2249; x_wconf 85' lang='lat' dir='ltr'>enim</span> <span class='ocrx_word' id='word_1_478' title='bbox 1198 2223 1252 2250; x_wconf 87' lang='lat' dir='ltr'>est</span> <span class='ocrx_word' id='word_1_479' title='bbox 1268 2224 1385 2250; x_wconf 88' lang='lat' dir='ltr'>vatum</span> <span class='ocrx_word' id='word_1_480' title='bbox 1408 2218 1525 2249; x_wconf 88' lang='lat' dir='ltr'>futura</span> <span class='ocrx_word' id='word_1_481' title='bbox 1547 2228 1633 2258; x_wconf 85' lang='lat' dir='ltr'>prae-</span> 
     </span>
     <span class='ocr_line' id='line_1_89' title="bbox 932 2266 1633 2309; baseline 0.003 -13"><span class='ocrx_word' id='word_1_482' title='bbox 932 2266 1128 2298; x_wconf 85' lang='lat' dir='ltr'>dicentium.</span> <span class='ocrx_word' id='word_1_483' title='bbox 1160 2276 1249 2299; x_wconf 81' lang='lat' dir='ltr'><strong>xxx,</strong></span> <span class='ocrx_word' id='word_1_484' title='bbox 1277 2271 1308 2300; x_wconf 87' lang='lat'>4.</span> <span class='ocrx_word' id='word_1_485' title='bbox 1344 2269 1353 2285; x_wconf 92' lang='lat'>‘</span> <span class='ocrx_word' id='word_1_486' title='bbox 1371 2269 1447 2301; x_wconf 85' lang='lat' dir='ltr'>Quo</span> <span class='ocrx_word' id='word_1_487' title='bbox 1477 2268 1633 2309; x_wconf 83' lang='lat' dir='ltr'>prodigio</span> 
     </span>
     <span class='ocr_line' id='line_1_90' title="bbox 933 2317 1632 2349; baseline 0.003 -3"><span class='ocrx_word' id='word_1_488' title='bbox 933 2317 1061 2347; x_wconf 82' lang='lat' dir='ltr'>territis</span> <span class='ocrx_word' id='word_1_489' title='bbox 1079 2317 1232 2348; x_wconf 88' lang='lat' dir='ltr'>omnibus</span> <span class='ocrx_word' id='word_1_490' title='bbox 1250 2322 1346 2349; x_wconf 90' lang='lat' dir='ltr'>vates</span> <span class='ocrx_word' id='word_1_491' title='bbox 1363 2318 1520 2349; x_wconf 85' lang='lat' dir='ltr'>cecinere</span> <span class='ocrx_word' id='word_1_492' title='bbox 1535 2317 1557 2349; x_wconf 93' lang='lat'>:&#39;</span> <span class='ocrx_word' id='word_1_493' title='bbox 1574 2326 1632 2349; x_wconf 78' lang='lat'>11¹.</span> 
     </span>
     <span class='ocr_line' id='line_1_91' title="bbox 930 2368 1632 2409; baseline 0 -11"><span class='ocrx_word' id='word_1_494' title='bbox 930 2370 962 2399; x_wconf 84' lang='lat'>4.</span> <span class='ocrx_word' id='word_1_495' title='bbox 977 2369 985 2385; x_wconf 90' lang='lat'>‘</span> <span class='ocrx_word' id='word_1_496' title='bbox 999 2368 1074 2398; x_wconf 91' lang='lat' dir='ltr'>Hoc</span> <span class='ocrx_word' id='word_1_497' title='bbox 1101 2369 1188 2398; x_wconf 87' lang='lat' dir='ltr'>enim</span> <span class='ocrx_word' id='word_1_498' title='bbox 1212 2369 1312 2399; x_wconf 89' lang='lat' dir='ltr'>modo</span> <span class='ocrx_word' id='word_1_499' title='bbox 1338 2378 1542 2409; x_wconf 86' lang='lat' dir='ltr'>recuperare</span> <span class='ocrx_word' id='word_1_500' title='bbox 1558 2369 1632 2399; x_wconf 84' lang='lat' dir='ltr'>illos</span> 
     </span>
     <span class='ocr_line' id='line_1_92' title="bbox 932 2418 1634 2459; baseline 0.003 -12"><span class='ocrx_word' id='word_1_501' title='bbox 932 2418 1075 2457; x_wconf 85' lang='lat' dir='ltr'>patriam</span> <span class='ocrx_word' id='word_1_502' title='bbox 1092 2428 1186 2449; x_wconf 88' lang='lat' dir='ltr'>suam</span> <span class='ocrx_word' id='word_1_503' title='bbox 1209 2428 1319 2459; x_wconf 86' lang='lat' dir='ltr'>posse,</span> <span class='ocrx_word' id='word_1_504' title='bbox 1340 2419 1532 2459; x_wconf 83' lang='lat' dir='ltr'>Apollinem</span> <span class='ocrx_word' id='word_1_505' title='bbox 1555 2419 1634 2450; x_wconf 73' lang='lat' dir='ltr'>Del·</span> 
     </span>
     <span class='ocr_line' id='line_1_93' title="bbox 932 2467 1632 2508; baseline 0.003 -12"><span class='ocrx_word' id='word_1_506' title='bbox 932 2467 1005 2507; x_wconf 87' lang='lat' dir='ltr'>phis</span> <span class='ocrx_word' id='word_1_507' title='bbox 1022 2468 1185 2498; x_wconf 84' lang='lat' dir='ltr'>cecinisse</span> <span class='ocrx_word' id='word_1_508' title='bbox 1199 2467 1220 2498; x_wconf 92' lang='lat'>:&#39;</span> <span class='ocrx_word' id='word_1_509' title='bbox 1247 2477 1308 2500; x_wconf 84' lang='lat' dir='ltr'>vn.</span> <span class='ocrx_word' id='word_1_510' title='bbox 1321 2471 1351 2499; x_wconf 84' lang='lat'>6.</span> <span class='ocrx_word' id='word_1_511' title='bbox 1373 2469 1382 2486; x_wconf 93' lang='lat'>‘</span> <span class='ocrx_word' id='word_1_512' title='bbox 1396 2469 1544 2508; x_wconf 86' lang='lat' dir='ltr'>Propter</span> <span class='ocrx_word' id='word_1_513' title='bbox 1574 2477 1632 2498; x_wconf 84' lang='lat' dir='ltr'>ve-</span> 
     </span>
     <span class='ocr_line' id='line_1_94' title="bbox 931 2516 1633 2558; baseline 0.001 -12"><span class='ocrx_word' id='word_1_514' title='bbox 931 2520 1006 2546; x_wconf 87' lang='lat' dir='ltr'>tera</span> <span class='ocrx_word' id='word_1_515' title='bbox 1016 2517 1228 2547; x_wconf 82' lang='lat' dir='ltr'>Macedoniae</span> <span class='ocrx_word' id='word_1_516' title='bbox 1243 2516 1325 2557; x_wconf 82' lang='lat' dir='ltr'>fata,</span> <span class='ocrx_word' id='word_1_517' title='bbox 1336 2527 1411 2558; x_wconf 87' lang='lat' dir='ltr'>qnae</span> <span class='ocrx_word' id='word_1_518' title='bbox 1426 2517 1633 2556; x_wconf 84' lang='lat' dir='ltr'>cecinerant,</span> 
     </span>
     <span class='ocr_line' id='line_1_95' title="bbox 930 2566 1631 2607; baseline 0.004 -12"><span class='ocrx_word' id='word_1_519' title='bbox 930 2575 997 2596; x_wconf 88' lang='lat' dir='ltr'>uno</span> <span class='ocrx_word' id='word_1_520' title='bbox 1011 2576 1051 2596; x_wconf 88' lang='lat' dir='ltr'>ex</span> <span class='ocrx_word' id='word_1_521' title='bbox 1064 2566 1221 2606; x_wconf 83' lang='lat' dir='ltr'>Amyntae</span> <span class='ocrx_word' id='word_1_522' title='bbox 1234 2567 1312 2598; x_wconf 85' lang='lat' dir='ltr'>filiis</span> <span class='ocrx_word' id='word_1_523' title='bbox 1325 2571 1499 2607; x_wconf 85' lang='lat' dir='ltr'>regnante,</span> <span class='ocrx_word' id='word_1_524' title='bbox 1508 2566 1631 2598; x_wconf 79' lang='lat' dir='ltr'>floren-</span> 
     </span>
     <span class='ocr_line' id='line_1_96' title="bbox 932 2617 1631 2649; baseline 0.001 -2"><span class='ocrx_word' id='word_1_525' title='bbox 932 2617 1094 2648; x_wconf 89' lang='lat' dir='ltr'>tissimum</span> <span class='ocrx_word' id='word_1_526' title='bbox 1123 2617 1196 2648; x_wconf 85' lang='lat' dir='ltr'>fore</span> <span class='ocrx_word' id='word_1_527' title='bbox 1226 2618 1440 2649; x_wconf 76' lang='lat' dir='ltr'>Macedoniae</span> <span class='ocrx_word' id='word_1_528' title='bbox 1471 2622 1595 2648; x_wconf 85' lang='lat' dir='ltr'>statum</span> <span class='ocrx_word' id='word_1_529' title='bbox 1609 2617 1631 2649; x_wconf 67' lang='grc' dir='ltr'>ι’</span> 
     </span>
     <span class='ocr_line' id='line_1_97' title="bbox 931 2666 1631 2708; baseline 0.004 -12"><span class='ocrx_word' id='word_1_530' title='bbox 931 2675 983 2697; x_wconf 83' lang='lat' dir='ltr'>XI.</span> <span class='ocrx_word' id='word_1_531' title='bbox 998 2669 1028 2698; x_wconf 86' lang='lat'>7.</span> <span class='ocrx_word' id='word_1_532' title='bbox 1042 2667 1050 2684; x_wconf 90' lang='lat'>‘</span> <span class='ocrx_word' id='word_1_533' title='bbox 1065 2666 1215 2708; x_wconf 80' lang='lat' dir='ltr'>Antiqua</span> <span class='ocrx_word' id='word_1_534' title='bbox 1225 2666 1298 2698; x_wconf 90' lang='lat' dir='ltr'>fata</span> <span class='ocrx_word' id='word_1_535' title='bbox 1309 2668 1472 2699; x_wconf 85' lang='lat' dir='ltr'>cecinisse</span> <span class='ocrx_word' id='word_1_536' title='bbox 1485 2667 1506 2698; x_wconf 87' lang='lat'>:’</span> <span class='ocrx_word' id='word_1_537' title='bbox 1521 2676 1631 2699; x_wconf 79' lang='lat' dir='ltr'>xvur.</span> 
     </span>
     <span class='ocr_line' id='line_1_98' title="bbox 931 2715 1630 2757; baseline 0.004 -11"><span class='ocrx_word' id='word_1_538' title='bbox 931 2720 962 2746; x_wconf 86' lang='lat'>5.</span> <span class='ocrx_word' id='word_1_539' title='bbox 984 2715 994 2733; x_wconf 90' lang='lat'>‘</span> <span class='ocrx_word' id='word_1_540' title='bbox 1007 2716 1068 2746; x_wconf 92' lang='lat' dir='ltr'>Cui</span> <span class='ocrx_word' id='word_1_541' title='bbox 1084 2726 1158 2747; x_wconf 88' lang='lat' dir='ltr'>cum</span> <span class='ocrx_word' id='word_1_542' title='bbox 1173 2717 1327 2757; x_wconf 87' lang='lat' dir='ltr'>inspirati</span> <span class='ocrx_word' id='word_1_543' title='bbox 1342 2722 1435 2748; x_wconf 84' lang='lat' dir='ltr'>vates</span> <span class='ocrx_word' id='word_1_544' title='bbox 1446 2716 1630 2749; x_wconf 72' lang='lat' dir='ltr'>canerent!</span> 
     </span>
     <span class='ocr_line' id='line_1_99' title="bbox 933 2766 1629 2809; baseline 0.003 -12"><span class='ocrx_word' id='word_1_545' title='bbox 933 2766 1039 2798; x_wconf 83' lang='lat' dir='ltr'>Groev.</span> <span class='ocrx_word' id='word_1_546' title='bbox 1084 2767 1165 2798; x_wconf 88' lang='lat' dir='ltr'>Cod.</span> <span class='ocrx_word' id='word_1_547' title='bbox 1192 2768 1310 2809; x_wconf 88' lang='lat' dir='ltr'>aliquis</span> <span class='ocrx_word' id='word_1_548' title='bbox 1336 2769 1402 2798; x_wconf 86' lang='lat' dir='ltr'>Ms.</span> <span class='ocrx_word' id='word_1_549' title='bbox 1428 2767 1629 2807; x_wconf 76' lang='lat' dir='ltr'>praecz&#39;nebat.</span> 
     </span>
     <span class='ocr_line' id='line_1_100' title="bbox 931 2816 1629 2859; baseline 0 -10"><span class='ocrx_word' id='word_1_550' title='bbox 931 2816 1032 2849; x_wconf 82' lang='lat' dir='ltr'>Quod</span> <span class='ocrx_word' id='word_1_551' title='bbox 1060 2816 1211 2848; x_wconf 89' lang='lat' dir='ltr'>Gronov.</span> <span class='ocrx_word' id='word_1_552' title='bbox 1240 2818 1340 2848; x_wconf 87' lang='lat' dir='ltr'>alteri</span> <span class='ocrx_word' id='word_1_553' title='bbox 1362 2817 1523 2858; x_wconf 81' lang='lat' dir='ltr'>praefert3</span> <span class='ocrx_word' id='word_1_554' title='bbox 1550 2819 1629 2859; x_wconf 88' lang='lat' dir='ltr'>quia</span> 
     </span>
     <span class='ocr_line' id='line_1_101' title="bbox 930 2865 1627 2908; baseline 0.004 -13"><span class='ocrx_word' id='word_1_555' title='bbox 930 2865 939 2880; x_wconf 87' lang='lat'>‘</span> <span class='ocrx_word' id='word_1_556' title='bbox 953 2865 1091 2896; x_wconf 87' lang='lat' dir='ltr'>canere’</span> <span class='ocrx_word' id='word_1_557' title='bbox 1114 2870 1227 2898; x_wconf 82' lang='lat' dir='ltr'>vatum</span> <span class='ocrx_word' id='word_1_558' title='bbox 1243 2874 1296 2898; x_wconf 85' lang='lat' dir='ltr'>est</span> <span class='ocrx_word' id='word_1_559' title='bbox 1312 2865 1426 2900; x_wconf 87' lang='lat' dir='ltr'>futura</span> <span class='ocrx_word' id='word_1_560' title='bbox 1441 2866 1627 2908; x_wconf 63' lang='lat' dir='ltr'>praedicem</span> 
     </span>
     <span class='ocr_line' id='line_1_102' title="bbox 932 2916 1127 2949; baseline 0.01 -3"><span class='ocrx_word' id='word_1_561' title='bbox 932 2916 1025 2947; x_wconf 89' lang='lat' dir='ltr'>tium.</span> <span class='ocrx_word' id='word_1_562' title='bbox 1056 2916 1127 2949; x_wconf 65' lang='lat' dir='ltr'>Vor,</span> 
     </span>
    </p>
   </div>
  </div>
 </body>
</html>
