2174 3424
509 381 592 421 764

507 481 592 512 ritus
608 482 745 522 ignarus
770 483 832 515 hoc
855 485 959 516 solnm
977 486 1125 527 videbat,
1137 486 1204 519 ista

507 531 550 561 de
585 541 664 572 rege
698 533 774 565 dici.
808 535 990 566 Berneccer.
1037 537 1202 568 Nimirum

505 583 658 613 convivia
683 585 778 615 Vett.
804 587 955 617 coronati
970 588 1201 628 celebrabant,

506 637 543 662 ut
569 643 610 664 ex
634 634 747 666 Plaut.
770 635 892 667 Horat.
909 637 1048 678 aliisque
1070 644 1200 670 notum.

512 681 585 714 Vor.

547 733 563 772 ᾧ
587 736 606 763 2
631 733 693 764 Sed
720 744 772 765 nec
793 745 908 776 regem,
932 736 1002 777 &c.]
1028 737 1100 768 Ista
1122 737 1199 768 Sos-

503 783 621 814 tlienes
650 784 710 816 inf.
738 794 841 817 xxlv.
858 791 953 818 5.14.
998 789 1137 819 Factum
1165 789 1198 819 id

501 832 636 864 invidiae
653 835 844 867 minueudae
864 846 993 868 caussa.
1038 838 1115 870 Quo
1130 838 1197 869 fine

501 884 601 915 etiam
639 885 725 926 Imp.
751 885 939 927 Angustus,
964 888 1054 918 ‘non
1084 899 1198 930 regno,

501 943 611 974 neque
646 935 829 976 dictatura,
857 938 916 968 sed
951 939 1112 978 principis
1138 948 1197 970 no-

500 984 602 1021 mine,
628 987 805 1017 constitnit
830 988 1008 1028 Rempnb.'
1051 989 1135 1020 Tac.
1154 989 1196 1020 A.

498 1042 523 1065 1.
537 1037 567 1065 9.
584 1038 632 1067 12.
676 1037 720 1067 Et
737 1037 824 1077 Imp.
846 1038 1047 1070 Fredericus
1064 1049 1088 1070 1.
1108 1044 1196 1071 teste

499 1084 699 1124 Giinthero;
723 1088 855 1118 ‘Verba
876 1089 1073 1121 remittebat
1092 1091 1194 1122 cartis

497 1133 610 1165 odiosa
622 1136 798 1175 superbis-²
821 1138 915 1169 Rern.

539 1186 556 1224 ξ
580 1187 598 1215 3
623 1186 762 1217 Tac-itam
785 1187 942 1227 loetitiam]
967 1189 1034 1219 Ms.
1059 1192 1192 1231 tantam,

497 1236 585 1275 qnod
603 1236 757 1276 praefero.
800 1237 888 1268 Illud
912 1241 1039 1270 tacitam
1056 1249 1120 1271 non
1138 1246 1191 1273 est

496 1292 623 1327 aptum,
653 1289 731 1329 quia
760 1289 874 1320 tacitae
897 1290 1026 1321 laetitiae
1048 1300 1112 1321 non
1141 1297 1191 1323 est

494 1338 696 1379 moderatio,
731 1340 887 1379 quoniam
922 1350 982 1381 per
1019 1341 1065 1381 id,
1101 1343 1191 1382 quod

493 1389 600 1419 tacita
616 1390 756 1429 est,jam
779 1395 832 1420 est
847 1390 1030 1422 moderata.
1054 1392 1160 1430 Schef.

536 1440 553 1478 ξ
576 1441 595 1469 4
620 1440 707 1469 Bello
721 1440 979 1480 consumptorum]
1005 1441 1046 1471 H.
1062 1451 1092 1472 e.
1106 1452 1192 1482 prae-

491 1488 560 1519 lio:
585 1489 633 1519 sic
646 1498 686 1519 n.
707 1492 756 1520 12.
772 1492 824 1520 23.
849 1490 966 1521 ‘Inter
990 1491 1114 1530 primos
1132 1493 1192 1523 du-

492 1547 548 1569 ces
580 1538 705 1569 bellum
743 1540 906 1570 acerrime
943 1541 1077 1573 ciebat.’
1123 1543 1191 1576 Qui

491 1592 605 1618 tamen
619 1589 808 1619 accuratius
833 1589 1026 1630 loquuntur,
1046 1591 1110 1622 ista
1127 1592 1192 1622 dis-

491 1637 658 1677 tinguunt.
704 1639 777 1669 Liv.
803 1647 852 1669 ix.
880 1642 930 1670 18.
958 1643 989 1671 8.
1012 1641 1190 1681 ‘Populus

491 1688 660 1718 Romanus
688 1688 750 1719 etsi
775 1689 865 1719 nullo
892 1689 991 1729 bello,
1008 1692 1121 1723 multis
1141 1697 1190 1724 ta-

488 1747 563 1768 men
583 1739 719 1777 praeliis,
735 1739 868 1769 victus.’
915 1741 960 1770 Et
974 1750 1049 1781 cap.
1068 1745 1117 1774 19.
1136 1746 1187 1774 10.

487 1790 495 1804 ‘
512 1789 610 1819 Unde
628 1790 744 1830 praelio
760 1790 868 1821 victus
887 1790 1083 1823 Alexander
1097 1793 1187 1825 bello

487 1839 595 1870 victus
611 1840 724 1871 esset!
770 1841 814 1871 Et
839 1850 925 1873 xxx.
951 1844 1004 1873 35.
1029 1846 1058 1874 8.
1082 1847 1090 1861 ‘
1109 1844 1186 1875 Non

486 1889 604 1928 pra-,lio
623 1890 733 1929 modo,
750 1890 809 1921 sed
827 1890 928 1931 bello,
954 1892 1065 1923 victus
1082 1893 1186 1925 Anni-

486 1939 565 1970 bal!
607 1941 687 1971 Tac.
715 1940 757 1971 A.
789 1950 828 1972 11.
856 1944 909 1974 88.
933 1945 964 1973 5.
989 1942 1184 1974 ‘Arminius

485 1989 611 2028 praeliis
633 1990 819 2030 ambiguus,
845 1992 933 2023 bello
957 2002 1023 2023 non
1050 1993 1183 2024 victus!

487 2039 584 2070 Cart.
613 2049 660 2071 ιν.
687 2043 736 2071 14.
757 2043 810 2071 25.
833 2042 842 2057 ⁴
858 2041 955 2073 Bello
991 2043 1182 2083 vicerimus,

483 2089 511 2119 si
530 2090 693 2121 vincimus
707 2090 845 2130 praelio?
870 2092 969 2122 Rern.

529 2140 664 2180 Corpora
692 2141 857 2180 sepulturoe
880 2140 1030 2180 reddidit]
1053 2141 1092 2173 In
1115 2143 1182 2176 Ms.

482 2190 609 2229 legitur
641 2199 813 2230 corporum,
859 2190 946 2221 unde
990 2192 1181 2224 verosimile

482 2239 570 2271 Just.
588 2240 763 2279 scripsisse
787 2239 861 2270 bello
877 2244 1100 2272 consumtorum
1115 2253 1180 2273 cor·

480 2299 588 2329 porum
598 2291 787 2330 sepulturam
799 2291 896 2320 dedit.
921 2291 1008 2322 Sane
1021 2291 1064 2322 de
1077 2292 1179 2324 Athe-

482 2339 655 2370 niensibus
682 2344 734 2370 est
767 2349 890 2379 sermo,
911 2340 991 2381 quid
1022 2342 1179 2374 nimirum

481 2390 687 2421 concesserit
724 2390 817 2430 ipsis,
845 2395 880 2421 et
903 2390 934 2420 in
960 2391 1072 2422 verbis
1095 2402 1179 2433 prae-

481 2439 580 2470 cedd.
600 2440 764 2480 proxime,
781 2445 815 2470 et
831 2440 982 2480 proxime
1006 2451 1100 2483 seqq.
1130 2443 1179 2475 At

480 2490 585 2521 verba
600 2492 726 2522 reddere
746 2500 874 2530 corpora
898 2493 1075 2532 sepultum,
1089 2494 1178 2526 sicut

480 2550 569 2572 nnuc
586 2542 757 2582 leguntur,
773 2541 814 2572 de
826 2542 984 2583 Phiiippo
997 2548 1076 2574 sunt
1091 2545 1177 2576 acci-

480 2592 626 2632 pieuda3
644 2591 732 2633 qnod
752 2602 818 2622 non
833 2593 1003 2624 convenit.
1027 2593 1131 2631 Schef.

522 2643 610 2673 Bello
625 2646 867 2682 consumptorum
878 2653 1002 2683 corpora
1016 2645 1175 2684 reliquias-

479 2703 534 2733 que
553 2693 716 2733 funerum]
753 2695 869 2734 Corpus
884 2699 920 2725 et
935 2695 1081 2735 reliquias
1096 2705 1174 2726 con-

472 2744 589 2784 junxit
617 2744 665 2775 ita
694 2748 730 2775 et
757 2743 848 2775 alibi.
895 2745 943 2775 Ut
967 2753 1034 2776 xu.
1052 2748 1173 2777 15.15.

477 2795 486 2810 ‘
503 2794 633 2834 Corpus
661 2794 752 2833 regio
776 2803 867 2824 more
884 2795 1034 2834 sepeliri,
1051 2800 1085 2827 et
1101 2797 1174 2827 reli-

477 2845 572 2885 quias
597 2845 667 2884 ejus
691 2846 852 2885 majorum
880 2846 1016 2877 tumulis
1042 2846 1173 2887 inferri,

470 2896 597 2935 jussit.'
640 2896 728 2926 Item
761 2905 810 2926 ix.
840 2900 871 2927 7.
906 2900 956 2928 11.
991 2898 1172 2930 ‘Refixnm

477 2954 598 2985 corpus
627 2944 859 2978 interfectoris
884 2957 985 2988 super
1015 2949 1172 2991 reliquias

963 395 1103 426 NOTAE
1139 397 1401 428 VARlORUM
1435 398 1486 427 ΓΝ

1253 489 1365 519 mariti
1381 488 1568 522 cremavit!
1597 490 1671 522 Vor.

1295 540 1311 578 ξ
1334 542 1354 569 6
1377 539 1491 579 Ροννο]
1515 541 1552 571 F.
1564 550 1646 581 vero,
1660 545 1697 572 ut
1709 541 1753 573 sit
1769 542 1947 574 antithesis

1251 588 1378 619 Athen.
1423 590 1500 621 Vid.
1533 594 1645 622 tamen
1683 600 1761 622 xiv.
1785 595 1815 623 3.
1844 596 1875 624 7.
1912 598 1949 625 et

1251 647 1347 669 xuv.
1364 642 1395 670 4.
1410 642 1462 670 22.
1487 641 1586 672 Rern.

1292 688 1489 729 Sepulturam
1517 691 1670 732 vendidit]
1705 691 1946 723 Emendandus

1250 743 1302 770 est
1329 740 1430 771 Oros.
1455 749 1510 772 111.
1537 744 1588 771 14.
1611 751 1652 772 ex
1676 743 1742 774 Ms.
1765 745 1774 760 ⁴
1790 743 1944 774 Mortuo-

1249 798 1322 818 rum
1351 796 1489 829 morteS,
1521 790 1733 822 venditiones
1765 791 1946 832 captivita-

1248 843 1367 879 tesque
1393 840 1558 879 vivorum,
1590 841 1686 871 unius
1717 842 1806 881 regis
1836 840 1943 881 frans,

1247 887 1385 927 ferocia,
1411 889 1612 928 dominatus,
1641 891 1782 930 agitavit
1795 891 1814 922 :'
1842 892 1944 924 aMs.

1248 939 1344 970 abest
1365 950 1430 970 vox
1453 944 1584 971 mortes:
1606 946 1812 972 mortuorum
1828 942 1944 973 vendi-

1246 990 1370 1021 tionem
1385 991 1469 1021 lianc
1487 991 1658 1031 intelligit.
1674 992 1828 1030 Bongars.
1853 991 1943 1022 Vide

1244 1041 1288 1071 sis
1305 1041 1463 1081 adagium
1480 1041 1624 1081 Erasmi,
1655 1041 1664 1058 ‘
1678 1039 1711 1071 A
1731 1045 1865 1072 mortuo
1881 1041 1939 1072 tri-

1243 1091 1360 1122 butum
1377 1091 1538 1132 exigere!
1561 1092 1661 1122 Bern.

1284 1142 1340 1182 §7
1364 1143 1404 1172 In
1437 1142 1580 1173 exsilium
1610 1140 1745 1180 redegit]
1790 1140 1939 1172 Dicend.

1242 1196 1295 1222 est
1310 1191 1343 1222 in
1359 1201 1424 1222 exs.
1449 1192 1535 1231 egit;
1557 1201 1655 1222 nemo
1672 1191 1761 1222 enim
1776 1191 1809 1221 iu
1826 1192 1941 1223 exsili-

1241 1251 1296 1271 um
1313 1241 1419 1282 redigi
1435 1242 1572 1280 (Ἠοίων,
1586 1241 1648 1271 nisi
1665 1241 1722 1282 qui
1738 1241 1830 1281 prius
1844 1243 1940 1272 exsul

1241 1289 1362 1330 fuerit,
1388 1297 1423 1322 et
1444 1291 1522 1321 inde
1541 1292 1627 1322 ultro
1643 1297 1721 1322 ante
1736 1296 1868 1331 tempus
1885 1300 1938 1322 re-

1240 1351 1357 1371 versus
1385 1341 1440 1372 sit.
1465 1341 1578 1372 Faber.
1624 1342 1724 1381 Angl.
1752 1341 1828 1379 egit,
1847 1341 1938 1381 quod

1241 1395 1293 1421 est
1310 1391 1515 1430 glossatoris,
1543 1391 1598 1431 qni
1621 1391 1761 1422 notabat
1777 1390 1940 1431 composi-

1241 1445 1310 1470 tum
1342 1445 1539 1480 usurpatum
1571 1450 1632 1480 pro
1651 1441 1806 1480 simplici.
1829 1440 1936 1479 Schef.

1240 1490 1307 1520 Sed
1317 1495 1410 1521 recte
1426 1490 1524 1530 Angli
1539 1500 1580 1521 ex
1592 1491 1736 1521 cod.suo
1752 1491 1935 1530 rescripse-

1241 1545 1321 1572 runt
1345 1541 1432 1580 egit,·
1462 1541 1628 1572 rationem
1651 1540 1801 1572 reddidit
1816 1541 1937 1573 Faber.

1244 1592 1352 1622 Groev.

1283 1642 1344 1682 §8
1376 1642 1496 1681 Putsos,
1518 1640 1589 1681 &c.]
1634 1640 1734 1672 Oros,
1768 1645 1804 1671 et
1836 1640 1936 1671 Frec.

1242 1692 1386 1723 ‘Pnlsos
1413 1692 1537 1723 dudum
1565 1691 1746 1732 [‘deinde'
1773 1690 1888 1731 Frec.]
1916 1701 1936 1722 a

1238 1743 1369 1774 civibus
1383 1753 1443 1783 per
1458 1743 1514 1783 inj.
1530 1741 1622 1772 rest)

1281 1795 1297 1834 ξ
1321 1797 1341 1824 9
1366 1794 1457 1829 Quod
1475 1794 1522 1834 se]
1545 1793 1613 1823 Pro
1637 1801 1671 1823 se
1698 1791 1832 1823 mallem
1853 1790 1934 1823 scri-

1236 1844 1316 1875 bere
1328 1844 1420 1883 ipsos.
1448 1843 1525 1875 Fal).

1276 1896 1293 1935 ξ
1317 1897 1356 1925 10
1382 1894 1534 1929 Quoniam
1553 1892 1643 1923 rebus
1670 1895 1820 1932 nequeunt
1843 1891 1933 1922 ulcis-

1232 1944 1273 1983 ci,
1297 1943 1366 1984 &c.]
1393 1944 1518 1974 Melius
1547 1942 1644 1974 Junt.
1669 1951 1759 1982 qaam
1786 1951 1816 1972 r.
1841 1951 1872 1972 π.
1897 1951 1929 1972 ιι.

1234 1995 1351 2026 Graev.
1395 1993 1497 2027 Quod
1527 1993 1650 2032 dicam,
1680 1993 1750 2023 scio
1776 2002 1796 2022 a
1817 1992 1930 2023 multis

1232 2045 1340 2075 minus
1368 2044 1547 2084 probatum
1570 2043 1622 2082 iri,
1658 2042 1718 2073 sed
1744 2042 1824 2073 mihi
1846 2042 1929 2074 JCti

1230 2093 1420 2131 favebunt;
1464 2094 1526 2124 lioc
1556 2093 1657 2132 igitur
1689 2092 1754 2130 aio,
1787 2091 1928 2122 verbum

1230 2143 1312 2174 illud
1341 2143 1445 2174 ulcisci
1479 2152 1545 2173 non
1577 2152 1676 2182 posse
1705 2142 1758 2173 hic
1784 2142 1806 2173 l.
1831 2151 1927 2172 suurn

1231 2194 1339 2232 tueri;
1356 2192 1489 2224 dicend.
1508 2193 1595 2223 euim
1612 2193 1724 2223 fuerat
1747 2192 1927 2229 vindicare,-

1230 2244 1318 2285 quod
1336 2243 1415 2284 qnid
1433 2244 1555 2282 valeat,
1572 2242 1654 2273 nulli
1671 2242 1790 2273 melius
1812 2242 1925 2273 dicere

1229 2300 1370 2335 possunt
1387 2304 1484 2335 qnam
1503 2294 1596 2326 Jnris
1610 2293 1757 2334 interpp.
1801 2293 1923 2334 ltaque

1228 2354 1336 2375 meam
1370 2349 1408 2375 nt
1443 2343 1646 2374 sententiam
1678 2342 1840 2383 aperiam,
1874 2343 1924 2373 sic

1228 2395 1326 2436 lego:
1351 2398 1380 2425 et
1407 2405 1498 2435 quam
1527 2394 1615 2424 rebus
1639 2396 1802 2433 nequeunt,
1822 2392 1925 2423 verbis

1226 2455 1274 2476 us.
1303 2445 1356 2476 lib.
1384 2445 1433 2475 ita
1464 2449 1500 2475 ut
1520 2443 1657 2474 verbum
1685 2443 1735 2473 bis
1762 2447 1924 2482 sumatur,

1227 2496 1328 2537 quod,
1353 2500 1448 2536 puto,
1471 2494 1650 2534 elegantiae
1680 2498 1734 2524 est
1761 2502 1828 2523 non
1852 2492 1922 2522 vul-

1225 2547 1325 2586 garis.
1352 2546 1462 2577 Faber.
1510 2545 1676 2575 Notarum
1705 2541 1921 2581 Anglicarnm

1226 2596 1354 2627 Auctor
1369 2596 1470 2627 docet
1494 2595 1638 2626 Fabrum
1658 2593 1711 2624 hic
1727 2592 1842 2623 delere
1864 2601 1922 2623 vo-

1224 2657 1296 2678 cem
1311 2647 1428 2687 ulcisci,
1443 2646 1533 2688 qnod
1553 2645 1649 2676 valde
1667 2644 1791 2684 placet.
1815 2642 1922 2680 Schef.

1224 2697 1402 2728 Assentior
1417 2702 1452 2728 et
1469 2697 1541 2737 ipse
1570 2694 1691 2733 Fabro,
1717 2693 1842 2734 quippe
1865 2693 1919 2724 cni

1223 2749 1265 2779 ad
1292 2749 1376 2779 lianc
1399 2746 1670 2778 emendationem
1699 2744 1834 2785 praeivit
1864 2743 1918 2774 ed.

1221 2800 1372 2832 Juntinoe
1389 2798 1572 2837 scriptura,
1597 2805 1672 2836 qnae
1696 2803 1757 2834 pro
1773 2794 1917 2834 quoniam

1221 2854 1394 2880 exaratum
1407 2848 1508 2878 habet
1524 2856 1626 2886 qaam.
1650 2844 1766 2875 Graev.

1264 2900 1349 2930 CAP.
1374 2908 1408 2929 v.
1456 2899 1472 2937 ᾧ
1496 2900 1514 2927 3
1543 2897 1584 2926 Et
1605 2904 1709 2934 regem
1731 2897 1758 2924 et
1775 2893 1856 2933 leges
1870 2893 1916 2933 c.]

1220 2950 1326 2989 Malo,
1350 2955 1386 2980 ut
1403 2953 1453 2980 cst
1468 2949 1502 2979 in
1525 2946 1649 2978 nostris
1661 2945 1797 2986 scriptis
1811 2945 1918 2976 Codd.
