2101 3419
430 329 517 369 lxx

475 431 604 461 Interire
618 441 687 461 cum
703 430 807 471 aliquo
823 429 863 466 vi,
875 433 907 467 8,
923 433 943 462 2
965 431 1044 462 inter
1058 432 1134 462 alta-

431 474 476 504 ria
490 473 553 504 Dei
567 473 639 508 xvii,
657 476 688 508 3,
704 476 723 504 7

476 517 555 546 inter
576 516 726 546 Interiora
747 515 855 556 spiritu
878 526 946 546 cum
970 516 1041 557 igne
1070 516 1133 548 luc-

433 563 518 588 tante
536 558 576 594 iv,
595 561 626 595 1,
640 561 661 589 4

474 601 620 631 Interitus
633 601 713 630 urbis
728 599 768 636 xi,
784 603 834 636 14,
849 603 888 631 10
912 600 1018 641 populi
1030 602 1134 637 xxviii,

431 646 463 679 3,
478 646 499 675 6
521 654 625 683 regum
640 644 761 679 xxxviii,
777 648 809 680 5,
824 646 844 675 4
867 645 967 674 caedes
984 649 1015 674 et
1031 645 1134 674 interi-

433 691 482 715 tus
497 686 577 721 xxvi,
592 689 623 721 2,
639 689 660 716 2

475 728 680 759 Intermittere
721 728 822 757 onmia
858 728 957 758 officia
993 727 1135 758 militaria

430 782 502 806 xxv,
518 775 548 807 1,
564 774 584 802 9
613 771 704 812 regiae
720 770 886 811 majestatis
910 771 1009 801 officia
1033 771 1133 807 xxxiv,

432 817 464 850 2,
481 817 500 844 7

474 855 661 886 Intermixtis
675 854 849 885 mulieribus
865 855 897 892 ii,
913 859 943 891 8,
960 859 979 887 3

474 898 701 929 Internecivurn
717 898 829 927 bellum
852 898 932 934 xxvi,
948 901 979 935 2,
993 902 1012 930 3
1041 898 1134 929 inter·

431 942 540 971 neciva
555 942 626 970 odia
642 941 681 977 vi,
700 944 731 976 6,
748 944 779 971 2.
803 941 844 975 xi,
860 944 891 976 9,
907 944 927 972 4

474 994 529 1024 per
543 982 752 1013 Internuntios
768 983 840 1012 data
852 993 996 1023 responsa
1011 984 1031 1019 i,
1047 987 1078 1020 2,
1092 986 1132 1015 12

432 1036 502 1056 curn
518 1036 588 1063 rege
605 1027 762 1056 Persarum
779 1025 843 1064 agit
859 1026 969 1056 Conon
985 1026 1025 1062 vi,
1043 1030 1074 1062 2,
1092 1029 1133 1058 14

473 1068 675 1108 Interpellare
698 1068 770 1108 (pro
787 1068 957 1107 prohibere,
972 1069 1133 1099 interrum-

431 1111 520 1151 pere)
545 1122 594 1146 xv,
618 1114 648 1146 3,
666 1113 696 1140 3.
726 1110 807 1144 xviii,
824 1115 854 1145 5,
871 1113 902 1140 7.
925 1111 1017 1147 xxvii,
1034 1115 1065 1147 2,
1082 1115 1132 1142 10.

430 1154 503 1189 xliv,
516 1156 547 1189 4,
562 1156 601 1184 14
625 1153 692 1194 (Ita
707 1153 788 1193 apud
800 1152 948 1183 Senecam
962 1154 993 1183 in
1006 1154 1132 1185 Consol.

430 1197 470 1225 ad
485 1196 585 1226 Marc.
600 1206 668 1235 cap.
684 1198 734 1225 22.
759 1199 767 1212 ‘
784 1194 988 1226 Accusatores
1000 1207 1132 1237 querun-

430 1243 479 1267 tur
508 1238 582 1267 mori
610 1238 756 1273 Cordum,
791 1237 1020 1278 interpellantes
1048 1241 1131 1280 quod

430 1280 620 1320 coegerant!
636 1280 718 1321 quod
736 1281 859 1310 verbum
876 1282 948 1321 qnia
963 1292 1025 1311 non
1042 1282 1132 1312 intel-

430 1323 514 1358 lexit,
540 1323 669 1363 pessime
693 1323 857 1363 detorquet
879 1324 909 1353 in
933 1325 1019 1354 novis
1044 1326 1131 1366 (vere

430 1366 534 1406 novis)
549 1366 786 1406 cogitationibus
801 1367 840 1395 ad
853 1365 992 1397 Tacitum
1005 1367 1046 1398 A.
1059 1379 1131 1409 pag.

428 1411 503 1440 472.
519 1419 550 1448 p.
571 1409 604 1449 1)
627 1408 764 1439 Freinsh.

472 1451 659 1491 Interposita
675 1450 819 1492 pactione
842 1451 923 1482 bella
947 1462 1131 1493 componere

431 1494 481 1528 vii,
499 1497 530 1528 6,
545 1497 576 1525 4.
599 1494 671 1529 xxii,
689 1497 719 1529 3,
736 1496 754 1525 3

472 1536 626 1576 Interpres
652 1547 700 1572 xx,
717 1540 748 1571 5,
767 1538 804 1567 13

471 1578 661 1619 Interrogare
686 1579 819 1619 aliquem
842 1579 922 1615 xxxi,
939 1582 970 1615 5,
988 1582 1003 1610 1
1038 1580 1131 1610 inter-

428 1626 551 1662 rogatus
575 1622 658 1658 xviii,
673 1625 704 1657 2,
722 1624 762 1652 10

470 1665 745 1704 Interrogationem
763 1674 886 1704 poscere
909 1664 950 1699 xi,
968 1667 1020 1699 11,
1039 1667 1078 1695 10

471 1707 695 1747 Interrumpere
711 1712 836 1747 pontem
859 1706 892 1742 ii,
910 1710 962 1743 13,
985 1711 1003 1737 5

470 1750 649 1780 Interstrato
666 1750 815 1780 bitumine
830 1760 929 1779 arenae
945 1749 1012 1780 vice
1035 1750 1056 1786 i,
1067 1752 1100 1786 2,
1111 1753 1129 1781 7

470 1792 659 1822 Intervenire
683 1793 725 1827 iii,
742 1796 773 1828 5,
789 1796 820 1823 9.
843 1793 895 1828 xii,
912 1796 943 1829 6,
961 1796 980 1823 8

469 1835 665 1865 Interventus
689 1835 727 1869 xi,
746 1838 774 1870 1,
792 1838 811 1866 7

469 1877 654 1908 Intestinum
684 1877 796 1908 bellurn
831 1877 875 1913 iii,
904 1880 936 1913 4,
962 1879 981 1908 2
1019 1877 1132 1907 malum

429 1931 460 1957 v,
477 1923 508 1955 3,
525 1923 545 1950 9

472 1960 677 1992 Intolerabilis
693 1961 834 2002 superbia
856 1961 955 1998 xxxix,
972 1965 1001 1998 1,
1018 1964 1037 1993 3

473 2003 663 2035 Intolerandi
685 2004 738 2039 xli,
754 2007 786 2039 2,
802 2007 821 2034 8

472 2047 558 2077 Intra
573 2046 699 2086 patriam
715 2046 825 2086 cuique
841 2056 924 2076 suam
946 2056 1039 2087 regna
1065 2046 1133 2076 fini-

429 2090 559 2120 ebantur
580 2088 601 2124 i,
622 2091 652 2124 1,
679 2092 696 2119 3
732 2089 808 2118 intra
834 2089 933 2118 nodos
955 2090 1133 2119 abscondita

430 2132 664 2162 loramentoruin
681 2131 784 2171 capita
807 2131 848 2166 xi,
865 2135 895 2167 7,
914 2135 953 2162 16
977 2132 1055 2161 intra
1083 2132 1133 2161 tri-

430 2175 578 2215 gesimum
594 2184 707 2203 annum
724 2174 862 2204 defuncti
890 2174 942 2209 xii,
962 2177 1011 2210 15,
1029 2177 1045 2205 l

473 2216 683 2247 Intractabilia
699 2216 767 2246 loca
782 2216 891 2256 frigore
914 2217 995 2252 xxiv,
1011 2219 1043 2253 4,
1057 2219 1077 2247 4

472 2260 589 2290 Intrare
605 2264 701 2289 castra
725 2259 807 2295 xviii,
824 2262 854 2295 7,
870 2262 909 2290 10
934 2265 1037 2299 portas
1063 2270 1131 2295 xxv,

429 2307 462 2338 2,
478 2306 498 2333 4
523 2303 624 2332 urbem
649 2312 696 2337 xv,
713 2306 744 2337 5,
760 2305 781 2332 6

473 2344 650 2384 Intrepidus
674 2344 753 2379 xxiv,
767 2347 798 2379 4,
815 2347 835 2375 8

472 2388 659 2417 Intrinsecns
672 2386 868 2428 (Inmendig)
884 2386 925 2422 iv,
941 2389 970 2422 1,
985 2389 1003 2417 3
1029 2386 1132 2416 Frein-

430 2431 526 2460 shem.

472 2472 654 2503 Introducta
670 2470 752 2511 virgo
776 2471 850 2506 xliii,
872 2473 902 2507 3,
922 2474 958 2502 ll

473 2515 601 2545 Introire
619 2515 721 2543 urbem
744 2514 796 2549 xii,
815 2517 863 2548 13,
877 2516 896 2544 3

474 2557 620 2587 Introitus
635 2556 742 2587 Xerxis
758 2557 789 2586 in
814 2556 965 2587 Graeciam
991 2556 1132 2587 terribilis

429 2600 462 2636 ii,
480 2604 531 2635 ll,
549 2603 563 2631 l

473 2642 588 2673 Intueri
611 2641 792 2672 Occidentis
818 2640 972 2682 regionem
996 2642 1078 2677 xviii,
1100 2644 1130 2677 3,

472 2727 621 2758 Invadere
636 2726 712 2768 (hoc
727 2731 785 2762 est,
801 2725 970 2766 occupare)
999 2738 1028 2762 v,
1045 2730 1075 2765 8,
1091 2729 1131 2757 12

429 2781 483 2809 pro
511 2770 635 2811 aggredi
659 2769 699 2805 vi,
724 2772 756 2805 2,
784 2772 822 2800 11
856 2768 992 2799 Freinsh.
1015 2770 1133 2799 invadit

429 2813 516 2842 illum
534 2812 642 2842 seditio
659 2812 800 2847 militum,
817 2811 892 2841 ibid.
923 2812 1066 2842 invadere
1083 2819 1131 2852 ty-

431 2855 588 2884 rannidem
612 2854 673 2890 xvi,
688 2858 719 2889 4,
736 2858 756 2886 6
779 2854 889 2884 invasit
902 2855 981 2884 bello
994 2854 1132 2885 civitates

432 2898 512 2934 xxxi,
529 2900 559 2932 3,
584 2900 604 2928 2
638 2897 755 2927 invadit
784 2896 900 2927 animos
925 2903 1009 2928 tanta
1034 2896 1132 2928 rabies

1086 332 1249 363 INDEX

1185 429 1265 465 xxvi,
1281 432 1313 466 2,
1327 432 1346 461 3
1369 429 1488 460 invadit
1503 429 1635 471 aliquem
1646 431 1808 463 solicitudo
1825 432 1891 470 xlii,

1184 476 1217 509 4,
1233 475 1273 503 14
1307 472 1421 502 invasit
1444 478 1537 503 terror
1563 473 1695 504 nominis
1722 473 1891 505 Alexandri

1186 515 1359 546 universum
1371 516 1474 546 orbem
1490 520 1633 545 terrarum
1649 516 1702 551 xii,
1715 519 1767 553 13,
1782 520 1802 548 2

1228 557 1429 596 Invalidiores
1444 557 1549 587 Parthi
1571 558 1623 594 xli,
1639 561 1671 594 6,
1686 561 1705 589 3

1227 599 1337 630 Invehi
1353 600 1430 630 ostio
1446 600 1580 630 fluminis
1593 602 1729 631 secundo
1745 606 1820 632 aestu
1835 601 1889 638 xii,

1186 645 1237 675 10.
1254 647 1272 673 5
1297 642 1384 673 alveo
1401 643 1534 673 fluminis
1555 643 1647 679 xxxii,
1663 646 1695 678 3,
1712 647 1752 675 14

1227 685 1370 715 Invenire
1387 696 1509 715 uxorem
1532 686 1712 722 xxviii,2,9
1735 692 1813 717 artes
1825 697 1891 716 ma-

1183 727 1266 767 gicas
1303 728 1325 763 i,
1355 731 1385 763 1,
1418 731 1438 759 9
1472 728 1645 758 solstitiales
1673 734 1755 759 ortus
1783 729 1890 759 sideris

1183 770 1246 804 xiii,
1265 773 1297 806 7,
1314 773 1353 801 10
1376 770 1510 800 victoriae
1534 771 1612 801 viam
1635 771 1710 808 xxii,
1735 774 1767 808 4,
1792 774 1811 803 3
1841 772 1890 802 in·

1183 812 1280 842 veniri
1309 811 1481 844 inferiorem
1511 824 1548 843 ea
1577 819 1664 854 parte
1694 814 1801 844 virium
1827 825 1890 855 qua

1183 855 1320 894 superior
1335 856 1374 885 sis
1397 856 1439 892 vi,
1455 859 1487 891 2,
1504 859 1543 887 14
1570 867 1660 887 nemo
1674 856 1818 888 inventus
1842 861 1890 887 est

1183 908 1286 938 quem,
1301 897 1359 928 &c.
1382 908 1412 933 x,
1429 902 1459 934 1,
1473 901 1494 929 6

1226 939 1357 970 Inventa
1384 940 1620 970 Atheniensium
1643 941 1676 977 ii,
1698 944 1731 977 6,
1758 945 1776 973 5
1801 940 1889 971 Aris-

1183 982 1233 1011 taei
1257 982 1321 1017 xiii,
1337 986 1368 1018 7,
1386 986 1426 1014 10
1450 983 1595 1024 Gargoris
1617 983 1691 1021 xliv,
1705 986 1739 1021 4,
1752 987 1770 1015 1
1799 984 1890 1025 Trip-

1183 1024 1289 1054 tolemi
1312 1025 1344 1061 ii,
1361 1028 1392 1060 6,
1410 1029 1449 1057 13

1225 1067 1409 1098 Inventione
1435 1073 1467 1098 et
1494 1068 1636 1110 exemplo
1659 1069 1759 1109 legum
1798 1078 1887 1109 aeque

1182 1109 1280 1139 clarus
1309 1110 1470 1151 Lycurgus
1492 1111 1537 1147 iii,
1559 1114 1591 1147 2,
1618 1115 1638 1143 7
1675 1111 1888 1142 inventionum

1182 1151 1312 1182 facilitas
1335 1154 1376 1189 ix,
1393 1156 1423 1190 8,
1441 1157 1481 1184 10

1226 1195 1362 1225 Invicem
1378 1206 1502 1227 munera
1517 1196 1636 1227 mittere
1661 1195 1745 1237 (pro,
1768 1196 1825 1226 sibi
1841 1196 1889 1226 in·

1182 1238 1298 1278 vicem)
1322 1237 1354 1274 ii,
1372 1242 1423 1275 10,
1442 1241 1481 1269 10
1504 1239 1636 1269 invicem
1651 1244 1786 1270 metuere
1802 1239 1888 1280 (pro,

1182 1291 1213 1310 se
1230 1280 1375 1319 invicem)
1390 1281 1454 1317 viii,
1477 1284 1508 1317 3,
1527 1284 1565 1312 14
1589 1282 1718 1312 invicem
1744 1291 1776 1312 se
1800 1282 1889 1312 time-

1183 1324 1257 1353 bant
1279 1323 1341 1359 xiii,
1358 1327 1389 1359 2,
1406 1327 1425 1356 2
1456 1324 1587 1354 invicem
1614 1335 1646 1355 se
1672 1325 1820 1365 amplexae
1845 1325 1887 1362 xi,

1183 1369 1216 1402 9,
1234 1368 1272 1396 13
1297 1366 1400 1396 Vorst.

1225 1408 1364 1438 Invictus
1392 1409 1429 1438 ad
1461 1409 1653 1439 devincenda
1687 1419 1781 1449 regna
1817 1420 1888 1447 xxV,

1181 1453 1213 1486 4,
1231 1454 1249 1481 3
1279 1451 1411 1481 invictus
1432 1452 1581 1482 exercitus
1603 1451 1655 1486 xii,
1671 1454 1702 1486 4,
1720 1455 1759 1482 10
1791 1452 1889 1483 invic-

1183 1498 1231 1523 tus
1257 1494 1347 1523 sicuti
1374 1494 1406 1524 in
1432 1495 1561 1530 hostem,
1583 1494 1626 1524 ita
1652 1499 1683 1524 et
1705 1494 1735 1523 in
1759 1501 1888 1525 mortem

1182 1536 1234 1571 xii,
1254 1539 1304 1572 15,
1319 1539 1338 1567 4
1363 1536 1564 1577 invictajuga
1579 1535 1707 1576 Alpium
1730 1538 1887 1574 xxiv,4‚4

1182 1577 1305 1608 invicta:
1322 1579 1476 1619 opinionis
1491 1580 1640 1609 exercitus
1655 1579 1730 1620 (hoc
1753 1585 1810 1616 est,
1835 1591 1888 1611 ex·

1182 1621 1294 1651 ercitus
1310 1632 1363 1662 pro
1379 1621 1493 1652 invicto
1515 1621 1636 1652 habitus
1664 1621 1811 1662 opinione
1830 1623 1888 1654 ho-

1184 1664 1316 1703 minum)
1339 1664 1442 1700 xxxiii,
1460 1668 1490 1701 1,
1507 1667 1525 1695 3
1552 1664 1688 1695 Freinsh.
1863 1663 1866 1666 ”

1227 1706 1368 1737 Invidere
1384 1707 1579 1738 incrementis
1596 1706 1677 1737 urbis
1699 1707 1773 1744 xliii,
1790 1710 1821 1744 3,
1835 1710 1887 1739 13.

1183 1749 1255 1785 xliv,
1273 1753 1303 1784 5,
1320 1753 1339 1780 2
1364 1750 1491 1780 invideri
1508 1749 1705 1792 (imperson.)
1727 1751 1758 1786 ii,
1785 1754 1837 1787 15,
1864 1753 1886 1782 4

1184 1793 1249 1832 spei
1267 1793 1346 1821 urbis
1362 1792 1500 1827 invideri,
1514 1793 1588 1822 ibid.

1224 1834 1348 1864 Invidia
1362 1846 1398 1865 ex
1417 1835 1527 1865 virtute
1551 1847 1581 1871 v,
1597 1838 1629 1871 2,
1650 1837 1670 1866 4
1697 1835 1813 1866 invidia
1835 1846 1886 1866 su-

1182 1883 1304 1918 peratur
1327 1877 1529 1918 amplitudine
1553 1889 1650 1909 rerum
1677 1879 1698 1915 i,
1725 1881 1757 1914 2,
1774 1882 1792 1909 6
1831 1879 1888 1909 de-

1182 1920 1265 1950 cedit
1294 1921 1375 1960 apud
1407 1926 1555 1960 posteros,
1585 1921 1676 1951 Praef.
1706 1924 1726 1952 6
1762 1921 1886 1951 invidiae

1182 1962 1329 2002 impetum
1347 1963 1499 1993 declinare
1517 1963 1566 1999 iii,
1581 1967 1612 2000 7,
1628 1967 1648 1994 9
1671 1963 1740 2003 plus
1762 1963 1886 1993 invidiae

1182 2015 1274 2044 quam
1312 2005 1416 2045 gratiae
1453 2006 1604 2035 contrahit
1640 2006 1734 2036 virtus
1756 2005 1887 2046 alicujus

1183 2047 1266 2087 apud
1282 2047 1414 2087 aliquem
1438 2058 1467 2084 v,
1484 2051 1548 2083 2,4
1573 2048 1688 2078 invidia
1713 2048 1785 2089 (pro
1812 2049 1886 2079 odio

1182 2095 1213 2119 et
1230 2090 1308 2119 mala
1323 2089 1564 2130 existimatione)
1582 2090 1631 2126 xii,
1643 2094 1674 2126 6,
1692 2094 1732 2122 12
1748 2090 1886 2121 Freinsh.

1182 2131 1329 2162 invidiam
1346 2132 1454 2162 inferre
1471 2133 1559 2172 (vide
1574 2132 1706 2172 Inferre)

1224 2174 1410 2204 Invidiosius
1427 2176 1503 2215 (hoc
1519 2181 1575 2211 est,
1600 2175 1749 2216 iniquiore
1765 2174 1886 2217 animo)

1182 2216 1235 2252 xii,
1252 2220 1283 2253 3,
1300 2220 1320 2248 9
1344 2217 1479 2247 Freinsh.

1226 2260 1400 2290 Invidiosus
1423 2261 1474 2296 xii,
1493 2262 1543 2296 14,
1560 2263 1579 2291 2
1612 2259 1763 2290 invidiosa
1790 2260 1886 2290 oratio

1183 2302 1258 2342 (hoc
1281 2308 1338 2337 est,
1363 2303 1459 2332 oratio
1476 2304 1514 2332 ad
1530 2303 1676 2332 invidiam
1702 2304 1886 2333 movendam

1183 2345 1374 2385 comparata)
1391 2345 1423 2381 ii,
1436 2349 1465 2380 8,
1477 2349 1497 2375 9
1522 2345 1673 2374 invidiosa
1686 2350 1885 2386 tyrannorum

1183 2389 1306 2416 nomina
1330 2388 1390 2423 xxi,
1407 2392 1437 2423 5,
1455 2392 1474 2419 9
1509 2387 1706 2418 invidiosiora
1730 2389 1805 2430 (hoc
1827 2394 1886 2426 est,

1183 2430 1352 2470 odiosiora)
1376 2431 1426 2466 xii,
1444 2434 1476 2466 7,
1495 2433 1508 2461 1
1536 2430 1671 2460 Freinsh.

1227 2472 1410 2502 inviolatum
1442 2473 1558 2502 nullum
1579 2473 1633 2513 jus
1658 2473 1886 2513 praetermittere

1183 2515 1245 2550 viii,
1260 2518 1291 2550 3.
1311 2519 1349 2546 13
1375 2516 1519 2545 inviolata
1534 2521 1635 2545 statua
1657 2516 1698 2552 ix,
1711 2519 1742 2552 2,
1762 2519 1799 2547 12

1226 2558 1345 2587 Invisus
1361 2559 1442 2598 apud
1459 2558 1575 2588 incolas
1598 2559 1698 2595 xxxvi,
1715 2562 1746 2594 2,
1765 2562 1802 2589 15
1838 2558 1886 2588 in-

1182 2600 1246 2629 visa
1262 2607 1459 2641 tyrannorum
1476 2601 1600 2630 nomina
1629 2600 1689 2636 xxi,
1706 2605 1737 2637 5,
1753 2603 1773 2631 9
1806 2601 1886 2631 mili-

1184 2643 1264 2672 tibus
1290 2644 1386 2673 invisa
1412 2654 1458 2673 res
1480 2644 1560 2679 xxvi,
1577 2646 1607 2679 3,
1624 2647 1642 2674 5
1676 2643 1801 2674 invisior
1822 2644 1885 2680 xxi,

1182 2688 1213 2721 2,
1228 2688 1245 2715 3

1227 2727 1359 2758 Invitare
1382 2737 1414 2758 se
1439 2727 1538 2767 epulis
1562 2727 1581 2763 i,
1605 2730 1638 2763 6,
1661 2731 1694 2758 5.
1719 2727 1771 2764 xii,
1796 2731 1847 2765 13,
1864 2732 1884 2761 7

1182 2770 1249 2810 (Ita
1263 2770 1366 2799 Livius
1381 2771 1401 2805 i,
1418 2773 1449 2806 9,
1465 2770 1512 2809 8.)
1531 2770 1666 2800 Freinsh.
1689 2771 1778 2811 (Ipse
1788 2771 1885 2801 Justi·

1182 2823 1239 2842 nus
1257 2813 1354 2852 priore
1378 2812 1444 2842 loco
1471 2813 1572 2848 habet,
1599 2818 1606 2830 ¹
1621 2813 1731 2843 invitat
1755 2814 1884 2844 eosdem

1182 2855 1336 2895 apparatis
1351 2855 1449 2895 epulis
1462 2855 1480 2884 :'
1498 2860 1530 2884 ut
1544 2866 1606 2885 non
1621 2866 1664 2890 se,
1681 2856 1734 2886 sed
1749 2856 1824 2886 alios
1835 2856 1883 2886 in-

1182 2898 1292 2928 vitasse
1317 2898 1434 2938 Cyrum
1458 2897 1551 2929 dicat.
1594 2898 1655 2929 Sed
1678 2903 1708 2929 et
1733 2898 1765 2928 in
1788 2898 1882 2930 altero
