2101 3419
616 381 813 414 JUSTINI
846 382 940 413 ms.
973 379 1200 412 xxxvni.
1230 380 1335 412 cAr.
1373 371 1416 412 5.
1640 369 1725 412 999

286 481 381 509 tunm
398 474 598 517 poscerent!
622 475 720 507 Gran.

330 528 347 567 ξ
373 529 412 557 12
436 525 757 565 Subjugummissos]
787 525 840 557 Sc.
855 525 979 557 aSam-

286 577 411 608 nitibus
425 576 467 608 ad
490 575 658 607 Caudinas
679 574 805 606 furcas.
830 576 902 608 Liv.
924 585 978 607 lx.

286 630 319 658 6.
344 628 443 658 Rern.

329 679 348 718 ς
371 679 411 707 13
436 674 650 714 Immoremur]
680 675 821 706 Mallem
839 674 979 706 immore-

285 731 351 758 tur.
394 725 462 758 Sed
478 729 555 756 sunt
568 725 632 755 alia
647 734 781 766 quoque
795 724 864 765 huj.
878 734 980 764 gene-

286 776 332 807 ris
359 775 503 807 orationi
527 774 669 806 directae
696 773 833 814 propria
856 774 892 804 in
916 774 979 804 hac

286 825 452 864 oratione,
467 824 510 855 de
527 823 647 865 quibus
664 823 795 864 pridem
812 823 874 854 viri
889 823 980 855 docti

285 884 457 907 monuere.
501 875 549 905 Ut
565 873 588 906 f.
603 874 732 906 Justini
746 873 871 915 potius,
882 883 981 915 quam

285 925 413 957 librarii
429 926 500 956 haec
525 924 570 955 sit
591 925 701 965 culpa.
724 923 831 962 Schef.
875 924 980 965 Cujus

286 974 555 1006 emendationem
565 973 745 1005 confirmat
755 973 777 1006 J
781 977 853 1005 unt.
866 973 901 1004 in
916 983 982 1014 qua

285 1024 414 1065 legitur
432 1024 621 1055 immoretur.
646 1024 762 1055 Graev.
799 1024 888 1055 Saxo
905 1033 982 1055 xw.

287 1085 322 1115 p.
350 1077 424 1106 348.
451 1077 502 1105 11.
537 1074 616 1105 ‘Ne
642 1072 832 1114 peregrinis
856 1073 983 1104 diutius

286 1124 456 1164 immorer,
492 1123 616 1164 stylum
646 1122 689 1153 ad
728 1122 866 1163 propria
896 1121 984 1154 refe-

287 1174 384 1206 ram.’

331 1224 423 1255 Bello
447 1222 602 1263 Marsico]
643 1222 783 1254 Dictum
811 1231 831 1253 a
858 1221 985 1253 Marsis

289 1273 372 1305 belli
398 1273 606 1311 auctoribus,
629 1273 743 1305 Strab.
772 1282 807 1304 v.
845 1273 984 1304 Dictum

289 1325 392 1356 etiam
407 1325 566 1356 Italicum
582 1328 619 1355 et
634 1324 790 1355 Sociale:
807 1323 849 1355 de
865 1333 905 1355 eo
920 1323 986 1363 leg.

291 1374 440 1416 Appian.
468 1378 504 1405 et
525 1375 615 1406 Flor.
640 1379 676 1405 et
698 1374 799 1404 alios:
825 1383 880 1414 ap.
901 1383 986 1414 quos

290 1429 327 1455 et
343 1434 395 1464 ap.
411 1424 503 1455 Plut.
517 1423 583 1455 vid.
595 1424 769 1455 historiam
782 1423 863 1454 belli
876 1422 987 1455 civilis

292 1474 439 1505 Mariani
469 1478 505 1504 et
534 1473 710 1513 Cimbrici,
740 1483 880 1514 quorum
910 1482 987 1503 mox

292 1523 456 1555 meminit.
499 1523 600 1554 Oros.
638 1533 672 1555 v.
705 1526 757 1554 19.
795 1523 871 1555 eod.
901 1532 987 1554 anno

290 1572 418 1605 bellum
440 1572 547 1604 Civile
570 1577 774 1604 commotum
797 1578 832 1604 et
856 1573 988 1604 Mithri-

292 1623 441 1655 daticum
458 1627 606 1663 coeptum
621 1622 751 1654 scribit.
775 1623 880 1662 Bong.

337 1675 357 1714 §
379 1675 418 1704 14
447 1673 554 1704 Vicina
578 1671 699 1712 Itazioe]
735 1673 832 1705 Junt.
858 1673 987 1704 vicinoe:

294 1727 330 1754 et
345 1733 422 1754 mox
438 1723 497 1755 iid.
509 1723 605 1763 peric.
619 1722 777 1753 accessisse
790 1724 864 1756 Ital.
888 1724 988 1757 Quod

295 1773 499 1814 praeferend.
516 1774 650 1813 vulgato
666 1783 741 1804 esse.
772 1774 889 1805 Graev.

338 1823 431 1863 Esse]
455 1823 674 1865 Antiquior-es
698 1823 787 1864 typis
812 1833 909 1864 expr.
932 1825 989 1856 ha-

295 1872 378 1905 bent
391 1873 548 1905 accessisse
558 1884 569 1905 .-
585 1883 647 1905 nec
661 1874 750 1905 male
763 1883 838 1905 meo
848 1874 990 1914 judicio.

300 1923 372 1955 Vor.

339 1974 428 2006 CAP.
455 1983 488 2005 v.
532 1975 548 2014 ξ
579 1976 596 2004 1
638 1973 793 2004 Utendum
821 1974 989 2016 occasione]

293 2023 303 2040 ‘
320 2024 422 2055 Valet
444 2023 476 2054 in
499 2023 654 2055 omnibus
672 2023 772 2054 rebus
789 2023 940 2055 humanis
956 2029 991 2056 et

295 2076 402 2116 pollet
422 2076 568 2117 occasio,
586 2075 646 2107 sed
669 2075 813 2106 maxime
839 2076 873 2106 in
899 2076 992 2107 beili-

295 2125 367 2165 cis,’
384 2126 507 2166 Polyb.
523 2135 576 2158 lx.
592 2128 645 2157 14.
667 2129 704 2157 et
720 2134 757 2157 x.
773 2128 826 2157 39.
848 2126 946 2157 Bern.

337 2177 500 2217 Rapienda
513 2176 715 2216 incrementa]
738 2176 845 2208 Verbi
856 2178 992 2218 empha-

295 2226 346 2258 sin
371 2227 533 2268 exprimit
558 2227 639 2258 illud
667 2227 805 2258 Senecae
832 2227 875 2258 ad
901 2228 993 2259 Mar-

297 2277 383 2307 ciam
399 2279 451 2308 10.
471 2277 482 2294 ‘
496 2275 664 2317 Quicquid
683 2285 702 2306 a
725 2275 861 2308 fortuna
875 2276 991 2309 datum

296 2330 362 2364 est,
378 2329 537 2365 tanquam
547 2325 718 2364 extemplo
731 2325 898 2357 abiturum
917 2337 993 2366 pos-

299 2376 408 2407 sideat
424 2376 563 2406 animus.
608 2375 730 2415 Rapite
745 2385 788 2406 ex
803 2376 919 2407 liberis
936 2387 992 2408 vo-

298 2427 465 2467 luptates:
485 2425 643 2457 fruendos
657 2434 713 2457 vos
724 2425 866 2457 invicem
877 2427 995 2459 liberis

302 2477 395 2514 date,
408 2480 443 2506 et
456 2476 527 2506 sine
544 2475 702 2506 dilatione
721 2485 820 2507 omne
836 2476 995 2516 gaudium

300 2526 454 2557 haurite:
478 2526 561 2556 nihil
583 2525 625 2557 de
653 2525 818 2557 hodierna
842 2527 897 2557 die
919 2536 995 2566 pro-

302 2575 460 2615 mittitur,
470 2575 535 2606 imo
552 2575 631 2606 nihil
646 2575 759 2606 dehac
775 2575 866 2607 hora.
889 2576 996 2607 Festi-

303 2625 449 2657 nandum
474 2630 546 2656 est:
580 2625 683 2657 instat
712 2635 731 2656 a
760 2629 858 2665 tergo
886 2625 996 2665 mors‚’

303 2678 368 2707 διο.
411 2677 457 2707 Et
480 2676 581 2707 alibi:
614 2677 647 2707 in
678 2686 713 2707 re
744 2676 855 2707 subita
883 2676 892 2693 ‘
910 2677 997 2716 rapi-

304 2725 405 2764 enda,
417 2735 483 2757 non
497 2726 667 2767 capienda
681 2726 839 2758 consilia?
872 2727 997 2758 Ennius

306 2784 362 2814 ap.
391 2775 463 2806 Cic.
493 2775 536 2806 de
564 2776 664 2808 Orat.
692 2786 750 2808 111.
782 2780 834 2809 40.
869 2777 996 2817 ‘Vive,

305 2825 456 2864 Ulysses,
481 2825 559 2857 dum
589 2826 691 2857 licet:
723 2826 841 2858 Oculis
868 2832 996 2868 postre-

306 2884 394 2905 mum
423 2875 534 2906 lumen
573 2877 737 2908 radiatum
774 2877 876 2918 rape!
920 2878 998 2909 Ber-

306 2935 422 2957 neccer.
459 2926 531 2958 Liv.
554 2935 672 2959 xxvu.
696 2930 747 2959 17.
777 2928 785 2944 ‘
803 2928 886 2959 Eam
903 2928 997 2960 velut

1028 475 1171 516 primam
1185 475 1395 507 occasionem
1420 474 1576 516 raptam?
1601 475 1728 508 Lucan.

1029 533 1066 555 x.
1083 528 1158 556 508.
1179 526 1188 542 ‘
1204 525 1320 557 Caesar
1336 535 1471 566 semper
1485 524 1633 557 feliciter
1647 536 1727 558 usus

1027 573 1207 614 Praecipiti
1238 584 1338 605 cursu
1366 575 1544 614 bellorum,
1573 579 1610 606 et
1645 580 1729 607 tem-

1028 633 1110 664 pore
1125 628 1226 663 rapto
1239 624 1259 655 :'
1277 629 1313 655 et
1324 624 1414 655 Stat.
1431 633 1465 655 v.
1479 624 1540 655 Th.
1556 633 1614 655 111.
1637 625 1647 641 ‘
1661 625 1730 656 Ra-

1029 673 1105 713 puit
1134 674 1250 713 gavisa
1280 674 1411 714 Polyxo
1439 674 1623 704 Fortunam
1638 674 1659 705 z'
1693 679 1730 706 et

1029 723 1154 755 Paulus
1183 724 1292 756 JCtus
1321 724 1362 755 L.
1391 726 1466 755 168.
1496 724 1544 754 D.
1570 723 1614 754 de
1643 725 1728 764 Reg.

1028 772 1133 805 Juris.
1167 774 1177 790 ‘
1195 772 1373 813 Rapienda
1401 772 1536 803 occasio
1559 778 1626 812 est,
1654 783 1731 815 quae

1029 823 1163 864 praebet
1177 823 1355 863 benignius
1371 822 1593 863 responsum.'
1621 823 1720 856 Gron.

1072 873 1236 913 Rapienda
1258 872 1447 904 incrementa
1471 872 1601 912 virium]
1644 873 1731 906 Quis

1029 923 1151 954 Latine
1182 923 1307 954 dixerit
1333 932 1443 962 rupere
1471 923 1659 954 incrementa
1685 925 1732 955 ui-

1029 972 1138 1005 rium?
1162 974 1286 1011 Nemo,
1309 973 1399 1013 quod
1422 973 1538 1004 sciam.
1562 973 1630 1005 Ms.
1649 974 1734 1014 Ley-

1031 1022 1144 1053 densis
1158 1032 1186 1053 r.
1202 1022 1341 1053 mar-nica
1363 1031 1394 1053 v.
1424 1023 1478 1055 Ex
1494 1032 1560 1063 quo
1575 1023 1656 1064 quid
1672 1024 1732 1055 eli-

1032 1082 1111 1104 cere
1124 1073 1266 1113 possint,
1280 1073 1419 1104 videant
1433 1072 1570 1103 eruditi.
1593 1073 1700 1105 Boxh.

1075 1124 1093 1163 ξ
1117 1125 1135 1154 3
1159 1124 1239 1154 Dati
1251 1122 1379 1163 auxilii]
1405 1122 1648 1163 Legend.puto
1664 1124 1734 1156 lati.

1034 1173 1124 1204 Nam
1147 1174 1221 1204 dare
1243 1173 1397 1204 auxilium
1417 1182 1484 1204 non
1505 1173 1644 1204 memini
1665 1174 1735 1215 legi

1034 1232 1090 1264 ap.
1107 1222 1242 1254 Latinos
1259 1223 1456 1263 scriptores,
1481 1223 1590 1254 Groev.

1078 1274 1096 1313 ξ
1118 1274 1138 1303 4
1160 1273 1332 1313 Adoptione
1353 1272 1544 1314 testamenti]
1572 1272 1664 1303 Mira
1686 1273 1734 1304 lo-

1037 1322 1140 1354 cutio.
1179 1322 1270 1355 Quid
1285 1322 1373 1353 enim
1388 1322 1515 1363 adoptio
1530 1321 1734 1354 testamenti?

1036 1373 1073 1404 F.
1087 1382 1162 1414 quae
1178 1372 1218 1404 fit
1234 1382 1295 1413 per
1311 1377 1561 1403 testamentum.
1605 1370 1653 1403 At
1670 1372 1734 1404 hoe

1036 1431 1135 1454 nemo
1161 1422 1226 1454 ista
1263 1421 1408 1454 formula
1444 1423 1598 1463 exponit.
1640 1423 1735 1454 Dein

1037 1473 1126 1503 unde
1155 1476 1303 1512 constat,
1325 1471 1454 1504 factum
1479 1472 1514 1503 id
1541 1482 1602 1514 per
1630 1476 1735 1504 testa·

1037 1523 1214 1554 mentum?
1248 1522 1324 1554 Nisi
1361 1522 1473 1553 omnia
1509 1531 1563 1553 me
1599 1521 1735 1563 faliunt,

1037 1574 1176 1614 scripsit
1186 1575 1276 1607 Just.
1288 1575 1341 1605 sed
1355 1574 1529 1615 adoptione,
1543 1576 1736 1615 testamento,

1036 1627 1078 1656 et.
1096 1623 1210 1657 Schef.

1080 1676 1097 1716 ξ
1120 1679 1138 1705 5
1163 1676 1307 1706 Parendo
1326 1685 1386 1706 non
1408 1675 1526 1715 tamen]
1554 1675 1608 1708 Id.
1624 1677 1735 1716 questi

1037 1725 1081 1756 de
1104 1725 1264 1756 Romanis
1286 1725 1455 1765 Britanni,
1468 1726 1477 1742 ‘
1495 1725 1612 1766 Nihil,'
1627 1726 1735 1768 inqui-

1038 1780 1112 1814 unt,
1136 1776 1145 1793 ⁴
1164 1775 1282 1816 profici
1306 1775 1486 1816 patientia,
1511 1776 1575 1807 nisi
1598 1780 1636 1808 ut
1663 1786 1738 1817 gra·

1039 1825 1132 1856 viora
1145 1829 1318 1866 tamquam
1343 1835 1386 1856 ex
1404 1825 1497 1856 facili
1511 1826 1736 1858 tolerantibus

1038 1874 1270 1915 imperentur.¹
1292 1874 1381 1906 Pub.
1396 1875 1521 1915 Syrus:
1545 1876 1554 1893 ⁴
1568 1876 1737 1908 Patiendo

1038 1925 1146 1955 multa
1172 1923 1324 1963 veniunt,
1357 1933 1431 1964 quae
1472 1933 1619 1964 nequeas
1646 1926 1740 1965 pati!

1040 1973 1131 2006 Add.
1156 1973 1312 2015 Thucyd.
1334 1983 1359 2006 1.
1381 1977 1435 2005 24.
1459 1977 1510 2007 13.
1532 1974 1605 2007 Liv.
1622 1984 1735 2008 xxxv.

1041 2027 1091 2056 17.
1105 2027 1138 2055 6.
1154 2029 1189 2055 et
1205 2033 1292 2056 xm.
1310 2028 1340 2056 l.
1356 2027 1385 2056 8.
1409 2025 1505 2056 Rern.

1085 2076 1164 2106 Cum
1179 2075 1261 2106 inter
1282 2075 1360 2106 hanc
1380 2077 1571 2107 decretorum
1589 2078 1739 2109 amaritu-

1038 2126 1140 2157 dinem
1154 2127 1288 2167 parendo
1304 2136 1364 2157 non
1385 2130 1488 2157 tamen
1502 2136 1552 2157 eos
1565 2127 1738 2167 mitigaret,

1039 2178 1113 2217 quin
1127 2177 1264 2208 acerbius
1283 2187 1315 2208 se
1335 2177 1370 2208 in
1390 2177 1456 2208 dies
1473 2181 1599 2218 gerant,
1613 2188 1672 2210 non
1686 2179 1738 2210 ob-

1038 2226 1186 2266 tinuisse]
1216 2227 1284 2258 Ms.
1310 2231 1346 2258 et
1371 2227 1468 2259 Junt.
1491 2237 1560 2258 cum
1581 2228 1638 2259 hac
1656 2229 1739 2260 decr.

1040 2277 1246 2308 amaritudine
1279 2278 1427 2317 parendo.
1471 2277 1567 2310 Junt.
1605 2288 1739 2319 quoque

1040 2328 1208 2367 mitigarit.
1252 2328 1358 2358 Totus
1384 2328 1478 2358 locus
1502 2327 1550 2358 sic
1580 2333 1633 2358 est
1661 2328 1741 2359 scri-

1040 2378 1173 2409 bendus
1187 2388 1195 2409 :
1217 2387 1286 2408 eum
1299 2377 1429 2418 interea,
1444 2377 1513 2408 huic
1528 2379 1609 2408 decr.
1624 2378 1740 2409 amari-

1040 2429 1143 2460 tudini
1154 2430 1303 2469 parendo,
1320 2437 1380 2458 non.
1394 2431 1497 2458 tamen
1510 2437 1559 2458 eos
1571 2428 1742 2467 mitigavit.

1041 2479 1050 2496 ‘
1068 2479 1174 2509 Decr.
1200 2476 1411 2508 amaritudo'
1436 2482 1516 2507 sunt
1543 2486 1656 2508 amara
1683 2476 1741 2508 de-

1044 2532 1159 2559 creta:
1184 2527 1227 2558 de
1244 2536 1308 2568 quo
1323 2526 1482 2567 loquendi
1501 2535 1626 2566 genere
1642 2527 1739 2566 plura

1045 2586 1145 2617 supra
1159 2576 1287 2607 notavi.
1305 2576 1410 2606 Groev.
1449 2575 1591 2606 Rectius
1606 2575 1742 2607 videtur

1043 2626 1211 2665 mitigavit.
1233 2626 1348 2656 Vorst.
1387 2625 1505 2655 Vorst.
1527 2634 1604 2656 cum
1624 2625 1741 2658 Graev.

1045 2676 1161 2706 mallet
1174 2674 1340 2714 mitigarit.
1371 2674 1443 2704 Nec
1460 2683 1624 2714 repugno.
1650 2674 1741 2706 Illud

1047 2735 1161 2767 quaero
1192 2725 1317 2766 potius,
1345 2723 1512 2765 quomodo
1545 2725 1742 2757 cohaereant

1043 2777 1177 2818 parendo
1200 2785 1259 2806 non
1280 2774 1452 2814 mitigarit,
1474 2784 1536 2806 non
1564 2774 1741 2809 obtinuisse.

1047 2824 1228 2857 Manifeste
1255 2824 1327 2855 haec
1356 2823 1513 2855 mendosa
1541 2829 1632 2865 sunt,
1664 2836 1739 2868 quae

1046 2875 1202 2907 videntur
1224 2883 1322 2914 posse
1346 2873 1468 2914 sanari,
1490 2873 1518 2903 si
1544 2874 1647 2906 verba
1672 2876 1741 2915 ilia,

1044 2935 1103 2957 non
1131 2928 1234 2957 tamen
1257 2934 1305 2955 eos
1325 2923 1494 2964 mitigaret,
1519 2925 1653 2966 penitus
1682 2927 1739 2958 dc-
