2174 3424
449 361 534 404 830

451 465 520 495 Pro
542 463 659 496 Auctor
674 463 732 496 im.
755 462 855 495 habet
869 462 1029 495 Vincent.
1059 461 1147 494 ‘Ac-

451 519 507 545 tor
523 513 746 545 insidiarum!
1020 553 1023 556 η

492 565 663 604 Antipater
669 564 751 605 fuit,
765 564 817 604 qui
831 574 911 601 cum,
929 563 995 604 δρα]
1018 563 1148 595 Delent

450 615 534 645 illud
551 615 614 655 qui,
633 620 671 646 ut
687 615 843 646 otiosum.
888 614 974 645 Mihi
990 613 1146 646 Justinus

450 665 498 695 sic
514 664 690 705 scripsisse
708 663 863 695 videtur:
889 662 1147 703 Antipaterfuit,

448 715 540 753 idque
567 723 646 744 cum.
692 713 732 744 In
763 713 929 744 vocabulo
956 713 1045 753 idque
1073 713 1147 745 duae

450 763 569 803 primae
585 764 711 794 litterae
737 763 912 804 perierunt
938 768 1080 803 propter
1105 764 1148 794 si-

450 812 672 844 militudinem
689 813 842 853 proxime
859 813 1147 853 praecedentium3

450 867 530 903 post
544 873 600 903 que
615 866 783 894 mutatum
808 867 862 894 est
888 863 922 893 in
938 863 1000 903 qui.
1033 861 1148 894 Schef.

450 912 491 943 In
507 912 605 944 Junt.
621 912 839 943 desideratur
853 922 933 943 cum.
979 912 1044 943 Sed
1063 921 1148 952 prae·

449 966 519 993 stat
534 962 587 1002 qui
613 962 727 993 delere
751 971 828 993 cum
851 962 968 993 Vorst.
1013 961 1150 993 Pendet

453 1012 575 1053 alioqui
591 1012 709 1043 oratio.
736 1012 842 1043 Graev.

492 1062 704 1093 Alexandrum
719 1060 951 1102 Lync-istarum]
975 1061 1150 1102 Rescripsi

451 1122 493 1144 ex
506 1112 528 1144 J
532 1113 622 1144 untis
636 1113 851 1144 Alexandrum
866 1112 1058 1154 Inlue-istam.
1081 1112 1149 1153 Ap.

451 1173 536 1205 quos
552 1168 665 1195 tamen
686 1164 854 1204 Lyncisten
868 1164 923 1195 hic
939 1164 1150 1204 conspicitur

451 1213 653 1246 formatione
684 1214 820 1245 Graeca.
857 1214 966 1245 Groev.
1020 1213 1150 1253 Scripsi

451 1274 579 1306 rursus,
612 1270 650 1296 ut
687 1265 722 1295 in
751 1265 850 1297 Junt.
888 1274 963 1295 esse
1001 1267 1151 1295 testatur

451 1314 567 1346 Graev.
632 1315 743 1355 Vulgo
783 1314 900 1355 inepte
937 1314 1150 1345 Alexandrum

450 1364 687 1404 lqueisturum:
721 1363 764 1394 de
796 1373 861 1405 quo
889 1363 969 1405 quid
999 1361 1148 1394 habend.

450 1414 520 1444 dixi
536 1413 578 1444 ad
593 1423 643 1445 xr.
659 1417 691 1444 2.
720 1413 794 1445 Vor.

493 1465 511 1504 ξ)
534 1466 554 1494 2
590 1464 661 1495 Non
686 1467 751 1493 tam
773 1466 901 1502 gratum
924 1463 1006 1502 apud
1032 1471 1150 1501 regem,

449 1523 542 1553 quam
566 1511 764 1553 invidiosum]
796 1511 853 1542 Ita
877 1521 912 1544 v.
939 1515 971 1543 2.
996 1514 1029 1542 4.
1065 1511 1150 1544 Eod.

448 1563 560 1594 animo
578 1561 683 1593 fuisse
698 1566 828 1602 patrem
843 1559 1029 1592 Alexandri
1053 1564 1150 1600 patet

450 1621 492 1642 ex
518 1611 612 1642 hisce
641 1612 813 1642 Demosth.
840 1611 873 1641 in
903 1611 1002 1642 Orat.
1038 1616 1149 1643 contr.

451 1662 560 1702 Epist.
578 1661 668 1692 Phil.
691 1661 700 1678 ‘
717 1662 801 1692 Eum
825 1661 871 1692 ita
888 1661 1002 1701 gloriae
1019 1661 1149 1702 cupidi-

451 1717 524 1744 tate
550 1711 792 1743 inflammatum
819 1711 947 1751 dicunt,
973 1718 1008 1742 ut
1037 1713 1150 1743 omnia

450 1763 619 1804 praeclara
634 1761 786 1793 facinora
800 1771 861 1793 sua
878 1771 952 1793 esse
970 1762 1078 1793 videri
1095 1772 1148 1793 ve-

449 1814 511 1844 lit:
536 1818 572 1844 et
596 1813 703 1852 magis
726 1812 918 1853 indignetur
934 1812 1075 1843 ducibus
1100 1817 1149 1843 at-

449 1872 516 1905 que
532 1862 709 1903 praefectis
732 1862 787 1903 qui
813 1861 939 1902 aliquid
962 1862 1062 1893 laude
1078 1862 1149 1902 ‹lig-

449 1922 528 1944 num
546 1917 734 1952 gesserunt,
750 1921 848 1952 quam
865 1911 996 1952 illisqui
1015 1921 1149 1952 prorsus

449 1961 636 1993 infeliciter
651 1971 722 1992 rem
744 1960 1003 1992 administrant!
1047 1962 1092 1992 Et
1114 1961 1148 1991 in

449 2012 644 2042 uuiversum
674 2011 753 2042 Sall.
785 2010 860 2042 Cat.
891 2013 923 2041 7.
958 2011 969 2028 ‘
998 2010 1147 2050 Regibus

449 2061 530 2093 boni
556 2071 653 2102 quani
684 2061 762 2091 mali
790 2061 1015 2101 suspectiores
1048 2066 1146 2092 sunt:

448 2120 648 2152 semperque
665 2111 715 2140 his
731 2111 840 2141 aliena
861 2111 967 2141 virtus
989 2109 1148 2141 formido·

449 2163 522 2194 losa
537 2165 612 2194 est.’
656 2161 753 2194 Quod
771 2162 897 2192 dictum
923 2160 1073 2201 pluribus
1090 2170 1147 2191 ex-

451 2213 597 2253 plicatur
620 2222 639 2243 a
664 2212 815 2244 Grutero
834 2211 926 2242 Diss.
941 2213 991 2241 34.
1007 2210 1048 2241 ad
1067 2211 1148 2242 Tac.

450 2264 551 2295 Ber-n.

493 2315 511 2353 ᾧ
535 2316 553 2344 3
582 2313 681 2344 Variis
702 2322 735 2344 se
750 2311 1032 2351 criminationibus]
1056 2311 1146 2342 Illud

448 2372 481 2394 se
497 2362 622 2393 factum
639 2373 681 2393 ex
699 2362 815 2393 littera
831 2361 922 2392 finali
951 2361 1146 2401 praeceden-

450 2413 506 2450 tis,
521 2417 557 2443 et
581 2413 702 2443 initiali
728 2412 900 2452 sequentis
923 2411 1089 2449 vocabuli,
1107 2421 1146 2442 ac

450 2462 645 2494 delendum.
691 2461 865 2492 Praecedit
879 2461 968 2492 enim
983 2461 993 2478 ‘
1011 2470 1046 2491 se
1059 2470 1148 2501 mag-

452 2512 503 2543 nis
522 2510 645 2551 rebus,'
660 2513 723 2541 Sec.
748 2509 851 2548 Schef.

493 2562 511 2602 ξ
534 2564 553 2592 4
578 2560 752 2602 Supplicia]
776 2562 832 2592 De
855 2559 976 2602 quibus
1000 2569 1067 2593 ΧΠ.
1094 2563 1146 2591 10.

454 2614 486 2643 8.
509 2611 643 2642 Bernec.

492 2662 510 2702 ᾗ
533 2665 552 2692 5
576 2660 629 2692 Ad
641 2659 778 2701 poenam]
811 2659 892 2692 vid.
921 2668 972 2692 xl.
1000 2663 1031 2692 5.
1057 2662 1090 2692 3.
1112 2663 1148 2691 et

449 2710 497 2743 ibi
514 2715 640 2742 notam.
666 2711 764 2742 Idem.

493 2762 510 2801 ᾧ
534 2764 554 2792 6
577 2761 628 2792 Aa
643 2771 706 2792 occ.
728 2760 771 2801 tn]
793 2760 848 2791 Ita
863 2769 997 2802 quoque
1013 2759 1145 2801 legend.

451 2822 505 2854 ap.
522 2813 680 2845 Vinccnt.
694 2823 754 2854 pro
772 2813 823 2844 Aa
838 2824 898 2845 occ.
913 2823 1053 2853 regnum.

494 2864 510 2901 ξ
549 2865 567 2893 7
607 2863 702 2902 Cujus
729 2861 854 2903 veneni]
886 2863 1008 2895 Mallet
1039 2863 1146 2904 Bong.

903 370 1044 401 NOTAE

1078 369 1342 400 VARIORUM
1377 369 1429 400 IN

1197 462 1261 501 ejus
1275 473 1303 495 v.
1329 461 1414 493 Mihi
1431 461 1567 502 propius
1584 460 1729 501 vulgatae
1746 458 1896 501 videtur,

1199 513 1226 544 si
1242 513 1391 552 legamus
1407 512 1494 551 hujus
1508 522 1537 542 v.
1561 510 1675 542 Schef.

1245 562 1288 592 Ut
1313 571 1384 602 non,
1407 561 1473 601 φη]
1494 561 1655 593 Viucent.
1688 561 1775 592 ‘nec
1801 559 1892 591 ferro

1197 621 1262 643 nec
1277 611 1315 643 t.’

1245 662 1368 701 Ungula
1389 661 1473 702 equi]
1495 661 1550 693 Sic
1564 665 1600 693 et
1613 661 1718 692 Paus.
1734 659 1768 691 in
1787 658 1892 691 Arca-

1197 712 1292 743 dicis.
1350 712 1442 743 Plut.
1474 716 1585 743 autem
1612 710 1711 742 Alex.
1747 713 1820 741 129.
1856 713 1893 740 et

1197 763 1318 794 AElian.
1336 763 1382 794 H.
1403 759 1465 793 An.
1487 771 1523 792 x.
1549 764 1601 792 40.
1625 762 1634 778 ‘
1650 760 1805 800 ungulam
1829 759 1892 789 asi-

1197 812 1332 843 ninam!
1356 811 1490 843 Arrian.
1516 820 1581 842 vu.
1607 811 1697 841 Plio.
1721 818 1811 840 xxx.
1835 808 1893 842 fin.

1198 867 1233 894 et
1245 863 1380 894 Vitruv.
1394 871 1476 893 vm.
1489 864 1520 892 3.
1537 864 1546 878 ‘
1559 861 1718 892 mulinam
1728 859 1736 873 '
1753 858 1894 891 habent.

1199 914 1295 945 Curt.
1322 923 1358 944 x.
1384 916 1436 944 10.
1454 915 1506 944 25.
1527 912 1694 953 ‘jumenti
1716 909 1894 951 ungulam’

1198 962 1326 1000 dicens,
1353 973 1424 994 rem
1454 963 1488 993 in
1514 962 1624 993 medio
1646 962 1792 1003 reliquit.
1836 961 1893 992 De

1198 1022 1327 1044 veneno
1349 1013 1406 1044 illo
1429 1012 1561 1054 (Stygos
1581 1013 1678 1052 hydor
1702 1009 1895 1052 appellant)

1198 1061 1356 1093 indicatis
1369 1062 1468 1092 modo
1494 1062 1575 1093 locis
1601 1061 1678 1091 add.
1693 1059 1824 1091 Herod.
1841 1068 1894 1094 vr.

1197 1114 1250 1142 74.
1271 1112 1349 1143 Sen.
1364 1121 1422 1142 111.
1437 1112 1482 1142 N.
1497 1112 1539 1144 Q.
1552 1114 1604 1142 25.
1617 1111 1709 1142 Plut.
1724 1110 1767 1141 de
1784 1110 1891 1142 Prim.

1200 1161 1291 1202 Frig.
1317 1164 1370 1192 25.
1398 1166 1434 1192 et
1467 1161 1581 1192 strab.
1609 1160 1671 1192 sub
1704 1160 1806 1191 finem
1831 1159 1891 1191 lib.

1198 1221 1278 1244 vm.
1302 1212 1391 1244 Add.
1408 1212 1583 1244 Philandr.
1607 1212 1640 1243 in
1656 1212 1746 1244 Vitr.
1762 1222 1796 1253 p.
1819 1214 1894 1244 332.

1199 1271 1249 1302 pr.
1264 1263 1393 1294 Bernec.
1417 1261 1485 1293 Alii
1497 1263 1530 1293 in
1544 1263 1669 1303 ungula
1682 1262 1780 1294 mulae
1793 1271 1893 1293 vene·

1197 1321 1274 1342 num
1303 1311 1387 1342 illud
1416 1317 1586 1343 servatum
1612 1313 1775 1344 scribunt.
1828 1311 1894 1343 Ar-

1198 1362 1282 1394 rian.
1307 1371 1372 1393 vu.
1390 1362 1421 1392 ἐν
1435 1361 1556 1400 ἡμιόνου
1580 1363 1672 1403 ὁπλῇ.
1696 1363 1785 1394 Plin.
1803 1371 1892 1394 XXX.

1198 1414 1249 1443 16.
1279 1413 1289 1428 ‘
1307 1412 1460 1452 Ungulas
1492 1416 1623 1443 tantum
1648 1412 1813 1442 mularum
1841 1421 1894 1443 re-

1197 1465 1326 1502 perta5‚
1343 1471 1452 1501 neque
1475 1461 1574 1492 aliam
1600 1461 1701 1492 ullam
1718 1461 1894 1492 materiam

1198 1520 1272 1551 quae
1289 1520 1355 1541 non
1373 1510 1615 1551 perroderetur
1630 1521 1649 1540 a
1671 1520 1800 1542 veneno
1825 1515 1895 1552 sty-

1199 1560 1249 1600 gis
1267 1570 1376 1601 aquae,
1391 1570 1467 1592 eum
1484 1560 1517 1590 id
1539 1559 1683 1591 dandum
1698 1559 1895 1592 Alexandro

1199 1610 1249 1641 M.
1272 1609 1457 1649 Antipater
1470 1610 1634 1649 mitteret,
1648 1610 1808 1641 memoria
1822 1610 1898 1649 dig-

1199 1668 1277 1690 num
1305 1663 1371 1699 est,
1393 1670 1516 1700 magna
1541 1659 1737 1690 Aristotelis
1757 1658 1896 1690 infamia

1198 1709 1450 1748 excogitatum?
1495 1710 1629 1740 Vitruv.
1649 1719 1727 1740 vni.
1749 1712 1779 1741 3.
1801 1709 1811 1727 ‘
1833 1711 1896 1741 Est

1199 1759 1232 1790 in
1250 1759 1397 1790 Arcadia
1423 1759 1587 1790 Nonacris
1603 1760 1776 1791 nominata
1793 1764 1894 1791 terrae

1199 1810 1304 1849 regio,
1319 1819 1392 1850 quae
1416 1809 1518 1839 habet
1540 1809 1573 1838 in
1591 1808 1761 1840 montibus
1776 1819 1795 1840 e
1811 1818 1893 1840 saxo

1199 1859 1366 1889 stillantes
1377 1857 1613 1897 frigidissimos
1625 1858 1790 1890 humores.
1806 1859 1894 1890 Haec

1199 1914 1311 1939 autem
1341 1918 1429 1948 aqua
1454 1907 1568 1945 ‹rrxrybs
1593 1907 1669 1947 ὕδωρ
1691 1908 1896 1948 nominatur,

1198 1967 1296 1998 quain
1323 1967 1432 1998 neque
1462 1962 1673 1997 argenteum,
1700 1966 1811 1998 neque
1848 1967 1893 1988 ἃ·

1198 2017 1309 2047 neum,
1332 2017 1440 2048 neque
1456 2006 1602 2038 ferreum
1621 2016 1677 2037 vas
1694 2011 1807 2047 potest
1823 2017 1893 2039 sus-

1198 2057 1319 2096 tinere,
1331 2057 1389 2088 sed
1406 2057 1529 2088 dissilit
1545 2057 1783 2097 etdissipatur.
1807 2058 1894 2089 Con-

1197 2117 1333 2138 servare
1351 2111 1462 2138 autem
1479 2116 1553 2137 eain
1570 2111 1605 2137 et
1620 2106 1794 2137 continere
1810 2107 1894 2137 nihil

1198 2157 1286 2187 aliud
1325 2161 1452 2197 potest,
1488 2157 1548 2187 nisi
1589 2156 1715 2186 mulina
1751 2158 1889 2197 ungula.

1196 2207 1281 2239 Qua>
1299 2207 1399 2237 etiarn
1422 2211 1629 2236 memoratur
1645 2206 1687 2236 ab
1706 2205 1892 2247 Antipatro

1195 2256 1228 2287 in
1255 2256 1470 2296 provinciam,
1499 2256 1556 2286 ubi
1583 2261 1656 2287 erat
1687 2255 1894 2299 Alexander,

1196 2316 1258 2346 per
1273 2306 1397 2337 Jollam
1415 2305 1518 2336 filium
1537 2307 1668 2346 perlata
1689 2316 1774 2345 esse,
1790 2311 1825 2338 et
1848 2307 1891 2338 ab

1196 2365 1236 2386 eo
1264 2365 1304 2387 ea
1333 2366 1420 2397 aqua
1457 2366 1570 2397 regem
1604 2365 1679 2387 esse
1708 2356 1893 2389 necatum-¹

1201 2407 1274 2439 Vor.

1238 2458 1255 2497 §
1277 2459 1298 2488 9
1323 2457 1521 2495 Proeguslure
1536 2467 1572 2487 ac
1593 2460 1762 2496 temperare
1784 2460 1891 2498 potum

1195 2507 1278 2546 regis
1305 2507 1404 2547 soliti]
1438 2507 1530 2538 Plut.
1562 2506 1659 2537 Alex.
1689 2510 1762 2538 125.
1790 2513 1891 2539 vocat

1195 2557 1416 2599 ἀρχιοινοχόον.
1452 2559 1659 2599 Hieronymo
1684 2558 1821 2598 οἰνοχόος
1841 2559 1892 2590 di-

1196 2610 1284 2640 citur
1313 2610 1323 2627 ‘
1349 2609 1501 2640 minister
1527 2609 1697 2641 vinarius!
1734 2611 1889 2649 Bongars.

1197 2660 1262 2693 Qui
1278 2669 1348 2690 mos
1373 2669 1393 2690 a
1421 2659 1535 2690 Persis
1561 2664 1635 2698 est3
1669 2660 1756 2691 Xen.
1773 2669 1797 2691 1.
1816 2665 1889 2690 Παι-

1195 2708 1286 2740 δείας.
1308 2709 1347 2740 Οἱ
1359 2711 1419 2740 τῶν
1433 2707 1588 2744 βασιλέων
1609 2709 1752 2749 οἰνοχόοι,
1768 2710 1888 2741 ἐπειδὰν

1195 2759 1328 2790 ἐνδιδῶσι
1339 2758 1395 2796 τὴν
1409 2758 1536 2798 φιάλην,
1552 2758 1718 2799 ἀρύσαντες
1733 2760 1782 2790 ἀπ’
1796 2760 1890 2797 αὐτῆς

1194 2810 1239 2849 τῷ
1253 2808 1360 2849 κυάθῳ,
1376 2808 1417 2840 εἷς
1429 2809 1486 2847 τὴν
1501 2809 1657 2850 ἀριστερὰν
1675 2811 1763 2850 χεῖρα
1779 2808 1890 2848 ἐγχεά-

1193 2872 1288 2903 μενοι,
1304 2860 1540 2902 καταῤῥοψοῦσι,
1566 2861 1621 2892 τοῦ
1646 2860 1693 2901 δὴ,
1711 2859 1736 2892 εἰ
1749 2859 1891 2901 φάρμακα
