2101 3419
425 357 538 399 1038

423 473 467 494 ex
493 462 599 494 Celtis
624 461 757 494 Galleci
783 466 892 502 erant,
917 465 1054 502 arrepta
1079 459 1121 492 ad

422 513 560 544 Iberum
576 511 611 544 fl.
633 512 859 550 habitatione,
876 516 911 543 et
932 511 1122 552 posteriori-

423 562 485 593 bus
500 562 710 602 temporibus
721 562 955 602 Portugallia3
978 561 1025 592 ita
1041 561 1121 591 Gal-

423 613 514 643 lecos
529 622 571 643 ex
586 612 660 644 ead.
679 612 790 643 Gallia
805 611 920 651 fuisse,
934 621 972 642 ac
988 610 1120 641 venisse

421 662 454 694 in
472 663 671 704 Hispaniam
687 672 752 694 nou
770 667 821 694 est
835 672 888 703 ap.
902 671 955 692 me
971 661 1120 694 dubium.

421 714 490 745 Eos
516 718 585 745 tum
605 713 811 744 Ptolemaeus
838 717 873 743 et
899 711 1022 743 Strabo
1045 712 1121 742 Cal·

420 763 527 794 laicos
549 763 737 794 nominasse
755 762 925 794 videntur.
970 762 1015 792 Et
1040 762 1120 792 Pto-

422 813 561 844 lemaeus
597 822 654 843 eos
687 812 841 853 duplices
876 811 972 850 facit,
1005 816 1041 842 et
1078 810 1120 842 ad

420 867 604 903 utrumque
618 861 792 893 Oceanum
816 861 1120 902 septentrionalem

420 922 461 944 ac
481 913 656 943 occiduum
683 912 789 953 ponit.
836 912 1020 952 Regionem
1046 921 1120 942 eam

420 963 507 994 hanc
520 967 642 1004 putant
658 961 825 994 Galiciam
842 961 964 992 vocari.
1009 961 1121 992 Multa

421 1013 455 1043 in
480 1012 513 1044 h.
535 1012 594 1043 lib.
619 1013 822 1052 ὑπερβολικῶς
845 1010 1000 1052 quibusd.
1025 1010 1120 1041 dicta

422 1062 601 1093 videntur:
626 1068 662 1093 ut
678 1062 767 1103 quod
792 1061 981 1101 Hispaniae,
997 1060 1120 1100 Italiae,

420 1112 565 1153 urbique
591 1113 707 1144 Romae
731 1117 928 1142 cunctarum
950 1120 1061 1141 rerum
1085 1120 1119 1140 a·

421 1162 641 1193 bundantiam
664 1166 837 1202 suppetat,
863 1166 897 1192 et
925 1160 1010 1191 adeo
1039 1170 1119 1191 auro

420 1211 515 1242 dives
529 1213 587 1252 sit,
602 1217 639 1242 ut
661 1212 763 1242 etiam
783 1215 896 1241 aratro
921 1210 1119 1251 frequenter

419 1262 535 1302 glebas
561 1271 679 1293 aureas
695 1261 904 1292 excindant:
930 1270 1005 1301 quae
1021 1261 1119 1300 longe

420 1313 521 1342 aliter
547 1312 646 1343 hodie
672 1316 864 1342 narrantur.
920 1311 993 1350 Ego
1021 1319 1118 1340 veras

421 1362 649 1402 Hispanorum
666 1362 764 1392 hodie
786 1361 901 1392 laudes
928 1366 1010 1401 puto
1025 1371 1042 1391 a
1067 1371 1119 1392 so-

420 1413 581 1452 brietate,
609 1422 628 1443 a
658 1412 837 1452 patientia,
876 1412 918 1442 ab
949 1410 1119 1442 indefesso

420 1462 550 1503 labore,
567 1472 585 1493 a
613 1462 726 1494 studio
755 1463 787 1493 in
805 1462 1029 1493 Christianam
1047 1462 1120 1492 reli-

420 1512 569 1552 gionem,
592 1513 689 1553 cujus
714 1511 824 1552 gentis
849 1512 998 1552 auspicio
1027 1516 1119 1542 totus

420 1563 578 1593 Oceanus
592 1562 751 1593 occiduus
762 1572 800 1593 ac
809 1563 947 1594 Indicus
958 1563 1119 1593 lustratus

419 1619 484 1651 est,
500 1623 538 1644 ac
565 1612 695 1644 infinita
719 1623 800 1653 gens
824 1613 865 1643 ad
892 1613 1119 1644 Christianam

418 1663 521 1695 fidem
539 1664 707 1704 pervenit.
735 1664 884 1695 Glurean.

463 1714 610 1754 Gallaeci]
629 1713 658 1744 A
672 1714 792 1755 quibus
804 1713 947 1745 devictis
956 1713 1119 1744 Decimus

419 1765 547 1795 Brutus
570 1765 578 1781 ‘
593 1764 765 1795 Gallaecus
778 1763 787 1776 ’
804 1764 927 1795 dictus.
964 1764 1010 1794 Hi
1026 1765 1120 1794 Stra-

420 1815 498 1845 boni
515 1824 568 1845 ιιι.
587 1825 618 1855 p.
636 1818 707 1846 115.
724 1818 776 1846 24.
793 1820 870 1846 sunt
887 1814 1070 1854 Καλλαϊκοὶ,
1084 1820 1120 1846 et

418 1875 451 1906 p.
476 1868 547 1896 105.
565 1868 594 1897 3.
633 1866 760 1896 Brutus
784 1864 971 1896 Καλλαῖκός.
1010 1865 1062 1895 Id.
1085 1875 1118 1905 p.

421 1919 493 1946 108.
511 1918 563 1947 30.
580 1925 645 1946 non
669 1916 779 1955 ipsum
794 1916 963 1946 Teucrum
981 1915 1025 1944 ibi
1042 1924 1119 1945 con-

417 1967 558 2005 sedisse,
576 1967 635 1998 sed
651 1969 713 1997 τῶν
727 1967 805 2006 μετὰ
822 1966 955 2006 Τεύκρου
973 1977 1119 2006 στρατευ-

418 2017 539 2047 σάντων
559 2015 655 2048 τινάς.
713 2017 764 2048 De
795 2017 1027 2057 Amphilochis
1054 2017 1118 2057 leg.

419 2067 520 2098 eund.
544 2067 651 2106 Bong.

465 2117 624 2155 Teucrum,
639 2116 708 2157 εμπ]
732 2117 787 2147 De
803 2117 934 2147 Teucro
950 2115 996 2147 id.
1013 2114 1119 2146 refert

418 2167 532 2198 Schol.
563 2167 675 2197 AEseh.
708 2167 801 2197 Pers.
829 2169 902 2198 896.
960 2167 1121 2204 Σαλαμῖνα

418 2217 475 2253 τὴν
491 2217 522 2247 ἐν
537 2215 648 2257 Κύπρῳ
662 2216 765 2256 φησίν·
788 2214 824 2252 ἧς
842 2216 862 2253 ἦ
885 2216 1084 2256 μητρόπολις,
1101 2215 1120 2252 ἡ

419 2267 451 2297 ἐν
477 2268 518 2307 τῇ
542 2267 667 2307 Ἀττικῇ
688 2266 816 2305 δηλαδὴ,
842 2265 913 2304 ἡμῖν
941 2265 1021 2296 αἰτία
1052 2265 1119 2295 ἐστὶ

418 2318 513 2347 τῶνδε
541 2318 604 2346 τῶν
625 2314 857 2354 στεναγμάτων.
896 2315 1035 2346 '‘Anum-01
1059 2313 1120 2355 γάρ

418 2367 492 2397 εἰσιν
521 2366 549 2397 οἶ
583 2367 616 2397 ἐν
647 2366 758 2407 Κύπρῳ
787 2366 965 2405 Σαλαμίνιοι
1001 2368 1064 2397 τῶν
1088 2368 1120 2397 ἐν

416 2417 555 2458 Ἀττικῇ.
585 2417 663 2447 Φασὶ
677 2417 737 2457 γὰρ
750 2417 796 2448 ὅτι
809 2419 865 2448 τοῦ
878 2417 1007 2449 Αἴαντος
1030 2417 1119 2448 alerb—

416 2479 517 2508 χειρος
528 2466 704 2506 γεγονότος,
727 2468 811 2508 [Ms.
828 2467 924 2499 Leid.
948 2467 1015 2498 αὐτ.
1039 2476 1119 2507 σφα.-

418 2518 528 2556 γέντος
552 2518 584 2548 ἐν
613 2517 730 2559 Τροίᾳ,]
767 2519 783 2548 ὁ
810 2518 951 2558 Τεῦκρος,
982 2518 999 2548 ὁ
1027 2518 1120 2548 αὐτοῦ

416 2567 559 2607 ἀδελφὸς,
572 2567 604 2598 ἐν
616 2568 655 2608 τῇ
671 2569 821 2606 Σαλαμῖνι
842 2569 881 2608 τῇ
896 2567 989 2598 αὐτοῦ
999 2566 1119 2607 πατρίδι

416 2618 570 2657 ἀπελθὼν,
603 2618 685 2658 [MS.
716 2617 812 2649 Leid.
844 2618 1028 2658 κατελθὼν,]
1064 2619 1119 2649 οὐκ

416 2667 528 2706 ἐδέχθη
550 2669 595 2706 τῷ
619 2667 709 2708 πατρὶ
732 2668 830 2699 αὐτῶν
852 2670 1019 2707 Τελαμῶνι,
1045 2670 1118 2700 ἀλλ’

417 2718 547 2756 ἐδιώχθη
568 2718 628 2748 ἀπὸ
651 2719 708 2754 τῆς
731 2719 915 2757 Σαλαμῖνος,
940 2718 979 2749 ὡς
1000 2718 1042 2757 μὴ
1064 2718 1119 2749 τὸν

416 2767 553 2806 ἀδελφὸν
573 2767 667 2798 αὐτοῦ
687 2767 803 2798 Αἴαντα
824 2766 965 2798 κωλύσας
984 2774 1118 2807 σφαγισ-

417 2817 584 2855 θησόμενον
601 2817 652 2856 ὑφ’
670 2818 772 2848 αὑτοῦ.
821 2818 986 2848 Κατελθὼν
1009 2817 1061 2848 οὖν
1084 2818 1118 2848 ἐν

417 2871 457 2910 τῇ
470 2869 590 2910 Κύπρῳ,
611 2869 788 2907 ἀνεδείματο
811 2869 914 2909 πόλιν,
931 2869 981 2899 καὶ
1001 2868 1118 2906 ταύτην

419 2918 554 2952 καλέσας
578 2921 736 2959 Σαλαμῖνα
772 2919 820 2950 ἐπ’
847 2919 969 2958 ὀνόματι
999 2920 1056 2956 τῆς
1085 2919 1117 2949 ἐν

879 367 1019 398 NOTAE
1052 366 1315 397 VARIORUM
1350 366 1401 396 IN

1168 459 1306 501 Ἀττικῇ.
1349 459 1417 491 Ms.
1446 458 1543 492 Leid.
1579 457 1717 498 ἐδείματο
1751 469 1784 490 π.
1814 457 1866 490 καὶ

1170 509 1299 540 ἐκάλεσε
1321 508 1437 547 ταύτην
1459 509 1619 549 Σαλαμῖνα
1635 508 1684 540 ἐπ’
1699 508 1743 541 ὂν.
1757 509 1814 547 τῆς
1833 508 1866 540 ἐν

1169 560 1258 592 Ἀττ.
1274 561 1457 598 Σαλαμῖνος.

1213 615 1230 654 ς
1257 616 1275 643 3
1303 614 1416 653 Eurys.
1443 613 1486 642 A.
1507 610 1555 650 f.]
1591 611 1644 642 Ex
1673 611 1866 642 Tecmessa.

1171 663 1325 695 Historia
1349 663 1491 703 Trojana
1517 662 1549 692 in
1584 662 1747 702 Catalogo
1779 661 1866 693 Mss.

1170 714 1329 745 Biblioth.
1346 711 1621 743 Uffeubachianae
1649 715 1728 742 tom.
1745 720 1770 742 1.
1790 720 1868 752 cap.

1171 766 1222 795 32.
1256 774 1289 804 p.
1316 766 1390 795 679.
1449 762 1522 793 Αἴας
1557 761 1699 801 ληΐζεται
1733 759 1868 802 Θρᾴκην,

1169 813 1304 844 κάκεῖθεν
1319 812 1516 852 αἰχμάλωτον
1528 811 1597 852 ἄγει
1610 812 1667 849 τὴν
1681 811 1867 851 Τελμήσσην

1170 864 1249 904 [leg.
1270 863 1328 900 τὴν
1345 862 1645 902 Τέκμησσαν]....καὶ
1665 861 1719 892 τὸν
1733 859 1868 903 Εὐρυσά-

1169 925 1226 950 κην
1251 914 1285 944 ἐκ
1305 912 1420 950 ταύτης
1444 914 1548 954 γεννᾷ.
1593 913 1696 953 Soph.
1719 912 1772 953 Aj.
1789 915 1864 944 331.

1167 963 1344 1004 Τέκμησσα,
1355 964 1447 1004 δεινὰ,
1458 964 1516 994 παῖ
1530 962 1748 1002 Τελεὺταντος,
1763 960 1866 1005 λέγεις

1167 1014 1267 1054 Ἡμῖν.

1214 1065 1373 1104 Carthago
1387 1064 1480 1105 nova]
1507 1065 1565 1096 Sil.
1579 1074 1635 1096 111.
1647 1067 1722 1096 368.
1764 1064 1774 1081 ‘
1793 1063 1867 1095 Dat

1170 1115 1340 1154 Carthago
1353 1115 1441 1145 viros
1452 1115 1583 1145 Teucro
1598 1114 1743 1145 fundata
1754 1118 1868 1145 vetus-

1170 1165 1228 1197 t0.'
1266 1165 1376 1198 Quem
1393 1174 1523 1195 versum
1547 1174 1621 1195 cum
1634 1164 1795 1194 historica
1809 1172 1867 1194 ve-

1169 1215 1271 1247 ritate
1288 1224 1437 1255 pugnare
1454 1214 1666 1245 demonstrat
1682 1213 1766 1245 Lud.
1796 1212 1866 1244 No-

1169 1267 1242 1297 nius
1255 1266 1397 1306 Hispan.
1414 1268 1466 1296 66.
1494 1266 1591 1297 Bern.

1212 1318 1260 1357 §4
1285 1315 1493 1356 Amphilochi]
1524 1316 1574 1347 De
1599 1315 1648 1346 his
1668 1315 1735 1355 leg·
1750 1313 1865 1347 Strab.

1170 1375 1225 1398 111.
1242 1377 1275 1407 p.
1290 1369 1361 1397 108.
1378 1368 1429 1396 33.
1454 1366 1559 1405 Bong.

1212 1417 1329 1454 Minio,
1351 1417 1429 1456 quod
1453 1415 1562 1455 etiam]
1597 1415 1725 1446 Minius
1748 1414 1867 1456 amnis,

1169 1467 1326 1498 Plin.1v.
1356 1470 1409 1497 20.
1435 1466 1490 1508 qui
1513 1471 1547 1498 et
1566 1467 1663 1497 Βαῖνις
1685 1465 1864 1497 Straboni:

1169 1517 1223 1549 cui
1240 1526 1336 1547 sacer
1351 1527 1447 1547 mons
1464 1522 1517 1547 est
1532 1516 1609 1557 ἱερὸν
1623 1515 1809 1560 ἇκροτήριον,
1823 1516 1866 1548 de

1170 1577 1236 1609 quo
1254 1567 1299 1598 id.
1316 1567 1390 1598 init.
1406 1567 1463 1599 lib.
1483 1576 1540 1598 ιιι.
1576 1567 1682 1605 Bong.

1212 1617 1331 1658 Minio]
1367 1617 1517 1657 Legend.
1543 1621 1596 1648 est
1613 1617 1714 1648 minii.
1743 1616 1865 1648 Faber.

1171 1669 1239 1699 Cur
1255 1677 1319 1698 non
1337 1668 1440 1706 minii,
1464 1677 1538 1697 cum
1565 1667 1743 1708 praecedat
1766 1669 1775 1685 ‘
1789 1667 1866 1698 aeris

1170 1727 1209 1749 ac
1226 1717 1351 1758 plumbi
1366 1717 1388 1747 ?'
1444 1718 1546 1748 Nulla
1570 1727 1648 1748 sane
1678 1727 1781 1748 causa
1801 1721 1868 1756 est,

1169 1777 1228 1798 cur
1245 1773 1375 1797 mutare
1388 1776 1501 1797 casum
1516 1767 1569 1797 hic
1584 1767 1752 1798 debuerit.
1796 1766 1866 1798 Sed

1170 1817 1272 1848 credo
1285 1818 1384 1848 aliter
1399 1817 1473 1848 haec
1483 1817 1867 1857 distinxisseJustinum,

1171 1873 1260 1900 aeut
1275 1867 1312 1899 fit
1324 1868 1356 1898 in
1370 1868 1530 1908 vulgatis,
1543 1872 1577 1898 et
1592 1867 1654 1898 hoc
1667 1867 1762 1898 minio
1778 1870 1868 1898 retu·

1170 1919 1247 1949 lisse
1264 1928 1328 1948 non
1347 1918 1388 1948 ad
1416 1918 1623 1949 antecedens
1653 1916 1868 1956 ‘uberrima,'

1169 1968 1228 1998 sed
1244 1968 1452 2008 subsequens
1475 1969 1483 1984 ‘
1498 1966 1688 2007 ditissima,'
1714 1967 1777 1998 hoc
1797 1976 1867 1997 mo-

1169 2017 1232 2049 do:
1259 2018 1359 2055 Regio
1374 2027 1442 2048 cum
1456 2027 1494 2048 oe.
1512 2027 1547 2047 ac
1560 2018 1603 2056 pl.
1620 2016 1786 2055 uberrima,
1801 2019 1866 2047 tum

1169 2071 1198 2098 et
1215 2068 1407 2107 mini0,quod
1419 2077 1444 2098 e.
1459 2066 1536 2106 tufl.
1550 2077 1581 2097 n.
1597 2067 1780 2105 dedit,au1·o
1791 2075 1864 2105 quo-

1169 2127 1225 2158 que
1240 2117 1300 2148 dit.
1325 2115 1448 2148 Scheff.

1226 2169 1241 2208 ξ
1265 2172 1282 2198 5
1317 2165 1421 2205 Auro]
1464 2166 1622 2197 Meminit
1657 2165 1863 2196 aurariarum

1170 2217 1430 2257 Hispanicarum
1480 2220 1513 2246 et
1557 2225 1651 2246 sacra
1688 2215 1865 2256 Scriptura

1172 2270 1186 2298 1
1206 2266 1368 2297 Maccab.
1386 2269 1416 2296 8.
1434 2268 1465 2296 3.
1489 2266 1587 2296 Rern.

1212 2317 1228 2356 ξ)
1252 2319 1270 2347 7
1296 2315 1448 2355 Feminoe]
1484 2315 1584 2345 Hunc
1604 2314 1711 2354 ipsum
1729 2317 1764 2344 et
1780 2313 1863 2344 alios

1169 2366 1394 2397 Gallaecorum
1409 2374 1517 2395 mores
1535 2365 1693 2404 graphice
1702 2363 1868 2395 describit

1167 2416 1269 2447 Silius
1287 2425 1341 2446 ιιι.
1359 2417 1434 2445 344.
1458 2424 1532 2445 cum
1548 2424 1643 2455 seqq.
1666 2414 1765 2444 Idem.

1210 2466 1327 2504 Agror.
1354 2464 1423 2504 ξω]
1457 2465 1586 2495 Colum.
1604 2473 1654 2495 x¹.
1670 2467 1699 2495 2.
1722 2464 1731 2480 ‘
1750 2461 1865 2494 Possit

1168 2515 1272 2555 igitur
1288 2514 1330 2545 ab
1354 2514 1473 2545 Idibus
1499 2513 1668 2545 Januaiiis
1695 2512 1867 2554 auspicari

1168 2566 1377 2596 culturarum
1410 2563 1544 2595 officia.’
1601 2563 1766 2595 Marcian.
1802 2562 1866 2595 Ca-

1168 2617 1259 2657 pella
1271 2625 1320 2648 vr.
1346 2626 1378 2656 p.
1398 2618 1472 2647 225.
1493 2616 1502 2631 ‘
1516 2615 1673 2646 Culturas
1703 2619 1740 2646 et
1764 2623 1865 2646 vena-

1168 2672 1221 2699 tus
1245 2666 1382 2698 amant.'
1424 2665 1593 2696 Ammian.
1616 2673 1709 2695 xxix.
1735 2667 1786 2695 15.
1819 2663 1863 2695 de

1167 2718 1271 2750 Nilo:
1295 2719 1303 2733 ⁴
1318 2716 1498 2756 Gurgitum
1515 2715 1602 2745 enim
1617 2714 1790 2745 nimietate
1803 2713 1862 2744 hu-

1167 2773 1317 2799 mectans
1333 2766 1458 2797 diutius
1475 2770 1595 2805 terras,
1615 2766 1765 2796 culturas
1791 2773 1861 2796 mo-

1165 2823 1262 2849 ratur
1278 2815 1463 2857 agrorum!

1209 2869 1227 2908 ς
1250 2870 1270 2898 8
1295 2868 1359 2898 Nec
1371 2865 1469 2898 ullum
1490 2866 1572 2906 apud
1592 2865 1655 2905 eos]
1692 2865 1748 2897 Ita
1775 2865 1863 2897 anti-

1167 2917 1302 2959 quiores
1319 2916 1410 2958 typis
1426 2925 1522 2956 expr.
1568 2916 1774 2957 Bongarsius
1793 2924 1861 2946 ma-
