2174 3424
568 393 763 425 JUS'rlNl
798 394 892 423 Mss.

177 489 271 530 prior
283 489 362 520 lect.
373 487 575 519 retineatur.
612 487 724 518 Docet
736 486 823 517 enim
837 485 870 516 id

175 540 184 555 ‘
200 539 308 569 adhuc
320 537 328 549 ’
348 537 521 569 Justinum
536 537 570 567 in
587 537 761 577 praecedd.
779 537 870 567 locu-

177 591 248 618 tum
269 587 312 617 de
338 586 513 617 vetustiori
537 590 701 626 tempore.
750 587 870 626 Neque

177 641 288 668 tamen
309 635 427 676 probo,
440 635 529 676 quod
545 635 715 667 scribend.
730 640 872 667 censent

175 687 269 718 etiam
283 689 366 725 tunc,
379 695 453 716 uam
470 695 512 716 ne
524 685 556 716 in
568 686 720 726 Philippi
737 686 872 727 quidem

177 741 318 768 aetatem
343 735 525 767 convenire
546 740 663 776 potest
684 736 747 767 hoc
771 735 874 776 elogi-

175 796 232 817 um
249 786 292 816 de
308 785 455 817 Graecia.
502 785 643 816 Mallem
662 785 799 826 penitus
815 795 872 816 ex-

175 846 340 878 pungere.
363 835 467 874 Schef.
514 836 622 866 Etiam
644 845 726 866 nunc
749 835 872 866 intelli-

175 887 277 928 gend.
295 887 336 918 de
360 891 524 927 tempore,
542 895 607 927 quo
633 886 704 917 haec
728 886 873 926 ageban-

175 939 242 968 tur.
286 936 343 967 Sic
371 936 538 967 Historici
564 945 800 976 nonnunquam
827 936 874 966 lo-

174 990 324 1027 quuntur
333 986 427 1026 quasi
439 985 625 1017 scriberent
637 986 695 1016 illo
708 990 874 1026 tempore,

175 1037 272 1076 cujus
289 1040 384 1075 gesta
400 1040 549 1066 narrant.
576 1036 681 1066 Gra’v.

218 1087 235 1126 ξ
248 1088 267 1116 8
285 1086 327 1116 Ut
339 1086 502 1116 adulentur
514 1085 593 1115 ultro
605 1085 759 1115 sordidam
769 1085 873 1124 paullo

174 1139 248 1167 ante
272 1136 423 1167 clienteloe
446 1145 511 1166 suoe
534 1134 672 1175 partem]
706 1135 790 1166 Mss.
805 1135 872 1165 mei

174 1186 229 1216 hic
242 1186 342 1226 plane
353 1185 535 1226 antiquarii
546 1184 690 1215 habent:
705 1187 741 1214 ut
748 1185 873 1215 adulent

173 1245 206 1266 u.
230 1235 364 1265 sordidoe
385 1244 418 1274 p.
443 1244 472 1265 a.
497 1244 523 1265 c.
544 1243 570 1264 s.
592 1234 700 1274 parti:
726 1239 765 1265 ut
788 1234 875 1265 dixit

176 1285 314 1316 Lucret.
335 1286 344 1301 ‘
357 1283 507 1316 Gannitu
520 1283 611 1314 vocis
623 1284 783 1316 adulant!
806 1283 874 1315 Ac-

176 1334 248 1365 cius
280 1333 454 1365 Prometh.
498 1333 508 1350 ‘
522 1332 673 1364 Sublime
711 1333 872 1365 advolans

176 1385 333 1416 Pennata
348 1384 459 1416 cauda
483 1388 635 1415 nostrum
659 1384 775 1415 adulat
797 1395 872 1416 san-

177 1436 312 1476 guinem
327 1435 348 1466 :’
386 1445 452 1476 quo
483 1439 595 1466 tamen
631 1435 653 1466 l.
683 1434 872 1474 posteriore

176 1495 242 1516 non
258 1483 439 1525 significat,
461 1484 619 1523 blandiri,
643 1484 702 1515 sed
723 1483 872 1514 lambere

176 1536 284 1566 instar
300 1535 402 1566 canis.
427 1534 515 1566 Mod.
559 1534 647 1567 Quin
671 1538 707 1565 et
727 1533 873 1565 recenti-

177 1595 254 1616 ores
282 1585 351 1616 ita:
383 1584 511 1616 Auson.
544 1585 692 1615 Gratiar.
719 1583 798 1615 Act.
828 1583 871 1615 ad

177 1634 332 1666 Gratian.
368 1634 377 1651 ‘
401 1634 580 1666 centurias
616 1644 683 1665 non
717 1633 873 1665 adulavi)

178 1686 313 1716 Ber-nec.
367 1684 547 1725 Philippus
572 1686 582 1702 ‘
598 1684 764 1716 clientelae
788 1686 873 1716 The-

176 1734 337 1765 banorum
356 1733 451 1774 pars’
476 1733 613 1772 dicitur,
633 1733 711 1774 quia
730 1743 749 1764 a
767 1732 872 1764 fratre

177 1783 373 1814 Alexandro
393 1783 561 1814 Thebanis
582 1783 679 1814 obses
695 1782 805 1822 datus,
822 1787 872 1814 at-

177 1842 242 1874 que
266 1833 316 1864 ita
341 1833 431 1863 inter
455 1832 694 1863 Thebanorum
719 1833 873 1872 clientes,

175 1882 297 1914 fuerat.
341 1882 351 1899 ‘
371 1882 573 1913 Clientelae'
600 1891 663 1921 pro
692 1882 871 1912 clientibus

175 1932 256 1962 satis
281 1935 408 1962 notum.
457 1931 676 1962 ‘Sordidum’
701 1931 791 1962 idem
817 1931 871 1963 hic

175 1981 277 2022 quod,
287 1981 424 2021 humile,
435 1981 502 2011 vile
516 1992 525 2012 ι
548 1981 714 2022 quomodo
726 1986 762 2012 et
777 1982 786 1999 ‘
801 1992 871 2013 sor-

177 2031 255 2062 des'
286 2041 347 2072 pro
367 2031 490 2062 vilibus
511 2031 720 2062 vestimentis
736 2031 870 2063 dicitur.

175 2082 257 2122 Sup.
286 2091 326 2112 11.
357 2084 408 2112 11.
432 2084 462 2112 1.
517 2081 727 2112 Macedones
761 2082 770 2098 ‘
788 2091 870 2121 gens

174 2133 282 2165 foeda'
296 2134 467 2164 dicuntur.
490 2133 533 2164 In
549 2133 647 2164 codd.
659 2133 744 2164 Mss.
761 2133 871 2164 Modii

174 2182 240 2215 fuit
250 2184 374 2214 adulent
388 2184 521 2214 sordida:
533 2194 559 2215 c.
575 2193 601 2215 s.
616 2184 713 2223 parti.
758 2184 804 2215 Et
820 2183 871 2214 di-

175 2238 257 2265 cunt
272 2243 352 2264 sane
367 2237 402 2264 et
424 2234 434 2250 ‘
448 2233 588 2264 adulare
599 2233 619 2265 :'
640 2234 781 2274 ipseque
799 2233 871 2265 Cic.

175 2292 199 2315 1.
211 2283 253 2315 de
267 2282 336 2314 Off.
347 2284 468 2314 adulari
483 2288 521 2314 ut
533 2284 703 2324 passivum
717 2287 869 2323 usurpat,

175 2333 263 2374 quod
281 2333 413 2369 scribit,
437 2334 446 2351 ‘
466 2334 541 2365 Nec
557 2333 687 2364 adulari
710 2342 769 2363 nos
785 2333 872 2364 sina-

174 2381 271 2412 mus!
304 2382 405 2413 Vorst.

215 2431 380 2463 Sordidum
393 2433 497 2472 paulo,
508 2432 579 2473 [Sc]
626 2432 728 2463 Unde
744 2436 780 2463 et
795 2432 870 2463 illos

174 2486 275 2513 vocat
286 2482 454 2513 Barbaros
465 2482 637 2513 Demosth.
647 2491 757 2523 neque
771 2481 871 2512 aliter

174 2531 310 2571 putavit
334 2532 517 2570 Homerus,
541 2533 598 2572 qui
622 2531 780 2570 Paeonas,
804 2530 825 2562 i.
840 2540 870 2562 e.

173 2581 394 2619 Macedonas,
408 2586 446 2612 ut
461 2582 561 2622 paulo
572 2585 650 2612 ante
666 2581 792 2612 dictum
806 2584 871 2619 est,

172 2631 264 2662 inter
293 2631 472 2662 auxiliares
500 2631 728 2662 Barbarorum
754 2631 869 2671 copias

173 2681 377 2712 numeravit.
400 2681 512 2714 Faber.
555 2682 644 2713 Saxo
657 2689 740 2712 xm.
751 2691 783 2722 p.
795 2684 870 2714 234.

175 2732 229 2761 33.
279 2730 289 2747 ‘
313 2730 561 2763 Sordidissimae
597 2731 764 2763 clientelae
801 2730 870 2762 fre-

174 2781 337 2822 quentia.'

217 2831 237 2871 §
260 2834 281 2862 9
316 2830 419 2863 Antea
451 2831 535 2863 inter
566 2841 598 2862 ee
626 2831 762 2871 imperii,
789 2841 869 2862 nunc

177 2879 316 2920 Graecia,
339 2880 407 2921 Kyta]
451 2882 553 2912 Latet
576 2881 629 2912 hic
653 2880 784 2911 ὕπουλον
810 2880 868 2911 ali-

176 2929 265 2970 quod
292 2929 513 2972 ulcusculum,
538 2931 603 2962 alio
618 2930 775 2971 indigens
798 2929 869 2961 AEs-

927 395 1032 423 vlu.
1066 397 1171 425 ων.
1203 386 1245 424 4.
1534 386 1618 426 755

920 486 1066 526 culapio.
1126 487 1329 527 Hispanicus
1360 487 1486 529 interp.
1515 494 1616 520 cauto

919 535 1054 566 silentio
1068 536 1265 567 transmisit.
1290 537 1469 569 Berneccer.
1517 538 1618 570 Hunc

920 586 942 617 l.
960 586 1125 625 perditum
1143 587 1295 618 restituit
1312 589 1474 627 praeclare
1496 589 1619 620 Menso

921 634 1052 676 Alting.
1074 637 1124 666 vir
1147 637 1293 676 ampliss.
1321 638 1386 667 levi
1411 639 1618 670 mutatione:

920 695 1001 716 nunc
1025 686 1143 725 gratiae
1164 687 1240 726 ivnp.
1272 697 1310 717 α’.
1355 687 1423 719 Qui
1449 692 1551 718 antea
1577 689 1619 719 de

922 735 1063 775 imperio
1073 735 1338 776 contendebant,
1350 745 1439 767 nuuc
1452 736 1494 767 de
1508 738 1620 776 gratia

922 783 1073 825 Philippi
1094 788 1241 822 certant,
1257 784 1325 814 utri
1347 785 1491 824 primum
1509 787 1620 817 locum

922 835 996 876 ejus
1013 836 1132 875 gratiae
1150 839 1304 866 teneant.
1332 836 1439 866 (ἵν-αὐ.
1484 835 1539 866 Ad
1553 837 1621 867 h.l.

923 884 1042 915 scribit
1068 886 1232 916 Bernecc.
1263 885 1390 925 aliquid
1418 886 1543 916 occulti
1573 887 1621 916 ul-

923 935 1008 965 ceris
1026 935 1130 966 latere
1144 948 1152 974 ;
1174 939 1210 965 et
1224 944 1341 965 verum
1354 939 1422 973 est;
1437 936 1507 974 sed,
1521 936 1624 977 quod-

923 993 999 1014 nam
1015 984 1098 1015 illud
1115 985 1171 1023 sit,
1183 994 1248 1015 non
1265 985 1450 1024 expedivit.
1484 986 1558 1025 Ego
1573 986 1621 1016 sic

923 1035 1092 1075 existimo,
1118 1045 1190 1067 esse
1216 1036 1270 1067 hic
1291 1036 1542 1077 oppositionem
1563 1037 1622 1068 de·

923 1083 1018 1123 bere,
1034 1095 1108 1126 quae
1127 1085 1173 1116 sit
1198 1085 1404 1126 hujusmodi:
1429 1086 1544 1117 Antea
1560 1087 1622 1117 La-

922 1135 1119 1166 cedaemonii
1131 1140 1166 1166 et
1177 1136 1327 1167 Thebani
1341 1136 1521 1167 certabant
1531 1136 1621 1167 inter

921 1195 970 1226 se,
994 1186 1061 1216 utri
1092 1186 1238 1218 Graeciae
1269 1186 1498 1226 imperarent;
1533 1195 1622 1217 nunc

922 1239 1043 1266 contra
1068 1241 1201 1267 certare
1231 1236 1403 1275 videntur,
1432 1236 1502 1267 utri
1527 1236 1624 1267 Grae-

921 1285 1006 1316 ciam
1018 1285 1251 1326 priores,jngo
1262 1287 1436 1317 servitutis
1449 1286 1622 1326 imposito,

922 1334 1053 1374 possint
1077 1336 1284 1375 opprimere.
1329 1336 1463 1377 Itaque,
1490 1336 1622 1366 etiamsi

920 1386 1001 1416 nihil
1011 1386 1149 1417 subsidii
1161 1387 1195 1417 in
1207 1388 1289 1418 Mss.
1301 1387 1400 1418 codd.
1414 1387 1621 1427 reperiatur,

920 1444 984 1465 nec
999 1435 1032 1465 in
1049 1436 1145 1466 libris
1160 1435 1341 1475 impressis,
1354 1435 1487 1476 legend.
1505 1440 1622 1476 putem

919 1494 999 1515 nunc
1029 1485 1164 1516 Graeciae
1195 1485 1354 1516 servitutis
1382 1495 1420 1515 ιε.
1480 1484 1548 1516 Sed
1585 1489 1622 1516 et

920 1545 1033 1575 operae
1064 1536 1212 1576 pretium
1236 1540 1289 1566 est
1314 1536 1427 1566 videre
1451 1536 1540 1577 quod
1565 1545 1620 1576 ap.

922 1585 1064 1616 amicum
1083 1590 1189 1617 nostr.
1223 1585 1340 1617 Graev.
1364 1586 1508 1626 legitur:
1534 1585 1620 1625 [vid.

921 1635 1029 1676 supr.]
1052 1635 1237 1676 Ingeniosa
1255 1634 1390 1676 quidem
1413 1635 1621 1675 conjectura,

920 1684 1052 1725 fateor3
1077 1687 1140 1717 hoc
1170 1690 1283 1716 tamen
1309 1685 1349 1716 fit
1378 1689 1417 1716 ut
1443 1685 1522 1715 mihi
1545 1695 1622 1725 pro-

921 1735 1023 1766 betur
1059 1735 1180 1775 minus,
1209 1735 1298 1775 quod
1336 1744 1377 1765 ea
1413 1738 1621 1774 tempestate

921 1784 1100 1825 Philippus
1117 1784 1264 1815 nondum
1287 1783 1500 1824 imperitaret
1524 1784 1620 1815 Grae-

920 1834 997 1873 ciae‚
1012 1835 1120 1865 sedin
1134 1834 1244 1865 animo
1258 1838 1390 1864 tantum
1403 1833 1620 1874 imperitandi

920 1884 1097 1915 consilium
1121 1884 1275 1916 haberet.
1322 1884 1413 1915 Dein
1444 1884 1524 1914 mihi
1554 1894 1620 1915 vox

920 1933 979 1964 illa
1009 1934 1142 1965 Graecioe
1167 1934 1357 1965 necessaria
1383 1933 1531 1973 videtur,
1559 1943 1620 1973 pro

920 1993 988 2024 qua
1011 1984 1187 2014 substituit
1208 1984 1336 2022 gratiae.
1366 1984 1488 2015 Faber.
1543 1984 1619 2014 Non

920 2033 1056 2064 videtur
1066 2032 1268 2074 χαριέστατος
1280 2033 1391 2064 Faber
1398 2034 1486 2063 hunc
1498 2033 1520 2063 l.
1531 2033 1619 2063 bene

920 2084 1141 2124 perpendisse
1155 2088 1189 2114 et
1201 2093 1307 2114 meam
1320 2084 1451 2124 cepisse
1462 2089 1621 2114 mentem.

920 2134 994 2165 Etsi
1022 2134 1170 2165 nondum
1201 2133 1370 2165 Graeciam
1408 2134 1621 2175 subjugasset

920 2184 1032 2225 plane,
1048 2189 1144 2216 tanta
1159 2189 1274 2215 tamen
1291 2184 1442 2225 Philippi
1459 2188 1532 2215 erat
1545 2194 1621 2215 auc-

920 2234 1053 2274 toritas,
1080 2239 1119 2266 ut
1146 2235 1218 2275 ejus
1252 2235 1395 2275 gratiam
1427 2238 1621 2275 quaererent

920 2285 1121 2316 Graecarum
1149 2284 1326 2315 civitatum
1348 2283 1466 2324 legati,
1491 2287 1526 2314 et
1551 2288 1618 2314 tam

919 2335 1120 2366 contemtim
1142 2335 1351 2366 haberentur
1373 2335 1407 2364 iu
1432 2334 1505 2374 ejus
1531 2334 1619 2372 aula,

919 2394 958 2415 ac
975 2384 1002 2414 si
1018 2388 1134 2415 essent
1149 2383 1300 2414 vilissimi
1321 2387 1379 2414 aut
1403 2383 1525 2413 civium
1540 2382 1620 2412 Phi-

918 2433 1005 2473 lippi
1033 2437 1091 2463 aut
1111 2432 1300 2463 clientium.
1343 2432 1468 2472 Itaque
1494 2431 1617 2461 merito

920 2483 1080 2513 dicuntur
1108 2482 1219 2513 aemuli
1249 2491 1324 2514 esse
1364 2481 1482 2522 gratiae
1513 2480 1618 2519 impe-

920 2534 1038 2572 rantiS,
1052 2532 1109 2573 qui
1122 2535 1266 2570 certant,
1281 2532 1338 2572 qui
1352 2531 1480 2571 priores
1497 2530 1617 2570 gratiae

918 2582 1009 2614 ferat
1030 2593 1086 2623 ap.
1106 2583 1315 2622 Philippum,
1336 2591 1412 2613 cum
1440 2585 1518 2612 ante
1534 2580 1616 2611 fuis-

919 2636 996 2663 sent
1017 2632 1148 2672 imperii
1165 2630 1307 2662 Graeciae
1323 2631 1445 2669 aemuli,
1471 2631 1503 2661 h.
1518 2639 1548 2661 e.
1573 2630 1616 2660 de

918 2682 1114 2723 principatu
1151 2685 1350 2712 certassent.
1390 2680 1496 2712 Groev.
1547 2679 1616 2710 Au-

918 2732 1039 2763 dacter
1059 2730 1255 2771 amplissimi
1270 2729 1414 2770 Altingii
1430 2729 1617 2761 emendati·

917 2791 1015 2813 onem
1031 2782 1063 2811 in
1080 2784 1213 2812 textum
1227 2780 1425 2819 recepimus.
1450 2780 1511 2810 Est
1526 2780 1614 2810 enim

918 2832 1015 2863 nimis
1042 2830 1181 2861 evidens
1207 2830 1287 2861 illa:
1310 2829 1348 2861 τὸ
1367 2830 1500 2860 Graecz'ae
1522 2839 1614 2870 vero,

919 2881 1006 2922 quod
1023 2880 1131 2910 adhuc
1147 2879 1326 2910 toleratum
1352 2878 1429 2917 fuit,
1449 2879 1544 2909 nimis
1566 2879 1615 2908 in·

917 2934 1046 2971 eptum.
1088 2929 1143 2961 Sic
1158 2933 1193 2961 et
1209 2938 1301 2970 supr.
1325 2928 1445 2961 Sebisii
1460 2929 1613 2969 remigum
