2101 3419
398 352 460 394 lvi

752 454 793 486 G.

443 540 592 573 Gaditani
630 538 931 580 Carthaginiensium
972 548 1103 570 consan-

400 584 504 627 guinei
520 584 591 619 xliv,
609 586 639 618 5,
657 586 676 614 2

443 627 574 658 Galama
595 625 695 665 (Vide
711 623 807 654 Gaza.
851 623 1032 664 Legendum
1050 634 1104 664 po-

401 671 460 700 tius
477 668 623 706 Gamala)
645 667 748 698 Vorst.

443 711 567 742 Galatia
583 709 695 745 xxxvii,
709 712 740 744 4,
758 712 779 740 6

443 754 573 784 Gallaeci
589 753 690 783 Graeci
705 751 777 787 xliv,
794 754 826 787 3,
842 753 861 782 3

443 797 593 827 Gallaecia
608 805 756 836 equorum
770 794 852 825 ferax
868 794 942 829 xliv,
959 796 990 829 3,
1007 795 1027 824 2

443 839 528 870 Galli
550 837 682 868 Romam
704 837 833 877 capiunt
855 836 898 873 vi,
917 840 948 872 6,
965 840 996 867 5.
1024 835 1105 871 xxiv,

400 884 433 918 4,
448 885 480 913 2.
503 880 605 917 xxviii,
621 884 652 916 2,
669 883 689 911 6
712 879 829 920 legatos
844 879 884 908 ad
897 878 1106 909 Alexandrum

401 924 529 954 mittunt
551 924 573 959 i,
596 926 648 959 13,
666 926 683 953 1.
714 921 826 952 multas
848 921 881 951 in
904 921 997 951 Italia
1020 921 1107 950 urbes

401 968 540 997 condunt
549 977 598 1002 XX,
612 969 643 1001 5,
659 968 678 996 8
695 970 791 994 totam
803 964 866 994 fere
877 964 1000 994 Italiam
1015 973 1108 992 occu-

401 1014 479 1050 pant
502 1008 673 1044 xxviii‚2,6
689 1007 890 1037 Ptolemaeum
907 1005 1107 1047 (Ceraunon)

402 1052 527 1082 caedunt
541 1050 621 1086 xxiV,
636 1054 667 1086 5,
681 1053 701 1080 6
724 1050 807 1089 apud
824 1048 966 1088 Delphos
979 1052 1110 1088 pereunt

402 1094 434 1129 ii,
451 1097 483 1131 4,
499 1097 518 1125 8
542 1103 596 1133 per
612 1097 669 1122 tot.
693 1091 862 1132 augurandi
878 1091 980 1120 studio
996 1090 1110 1120 callent

403 1137 485 1172 xxiv,
501 1139 532 1171 4,
549 1138 567 1166 3
593 1135 753 1164 caeduntur
768 1134 806 1163 ab
818 1132 978 1174 Antigono
994 1143 1063 1168 xxV,
1076 1135 1108 1167 2,

403 1182 443 1210 10
471 1179 509 1208 ab
526 1178 665 1207 Eumene
680 1176 773 1211 xxvii,
790 1178 821 1211 3,
838 1178 858 1206 2
887 1186 958 1206 cum
974 1175 1109 1204 Massili-

402 1221 524 1251 ensibus
541 1219 620 1250 bella
632 1224 742 1259 gerunt
754 1218 830 1253 xliii,
841 1221 872 1253 5,
885 1222 901 1249 l
928 1217 1012 1248 Galli
1023 1218 1111 1248 Scor-

403 1263 479 1293 disci
502 1262 593 1297 xxxii‚
618 1264 649 1297 3,
673 1265 691 1292 5
729 1261 893 1300 Tectosagi
919 1260 1011 1295 xxxii,
1035 1263 1068 1298 3,
1091 1263 1112 1291 9

402 1305 562 1336 Gallorum
576 1314 622 1334 res
638 1307 731 1344 gestae
746 1303 829 1338 xxiv,
844 1306 876 1338 4,
895 1306 911 1334 l
945 1302 1112 1332 multitudo

403 1353 435 1378 et
457 1347 550 1378 virtus
572 1357 640 1381 rom,
664 1349 696 1381 2,
714 1349 752 1377 11
784 1344 914 1376 aviditas
937 1355 1008 1381 xxv,
1034 1348 1066 1379 2,
1093 1348 1111 1376 1

403 1391 497 1420 virtus
514 1389 605 1425 xxvii,
621 1391 653 1423 2,
672 1391 712 1419 12
741 1388 881 1428 perfidia,
892 1388 968 1419 ibid.
1002 1386 1111 1418 Gallo—

403 1443 469 1463 rum
486 1432 556 1462 ferae
573 1436 682 1472 gentes
698 1430 773 1466 xliii,
789 1433 821 1465 3,
838 1433 858 1460 8

447 1474 551 1505 Gallia
567 1475 606 1504 ab
621 1472 769 1513 Hispanis
785 1471 945 1514 Pyrenaeis
956 1471 1113 1501 montibus

403 1517 503 1547 divisa
524 1517 598 1552 xliv,
615 1519 647 1550 l.
663 1518 682 1546 3
706 1515 837 1545 assiduis
851 1514 950 1544 ventis
973 1513 1114 1554 inquieta

403 1560 477 1596 xliv,
505 1562 536 1596 1,
568 1562 590 1590 4
627 1557 730 1589 Gallia
757 1557 961 1598 Transalpina
987 1556 1113 1593 xxxviii,

404 1605 438 1639 4,
456 1605 478 1632 9

447 1643 571 1675 Gallica
582 1642 677 1673 virtus
698 1652 768 1678 xxv,
781 1644 815 1678 2,
837 1643 878 1673 10
902 1640 1005 1671 feritas
1035 1639 1110 1676 xliii,

404 1690 435 1723 3,
451 1689 471 1718 4
497 1685 612 1717 Gallici
637 1684 771 1715 nominis
795 1690 889 1715 terror
913 1683 996 1719 xxiv,
1019 1686 1051 1720 4,
1080 1686 1112 1714 7.

406 1740 475 1764 xxV,
492 1732 523 1764 2,
542 1731 582 1759 10

448 1770 635 1812 Gallograeci
649 1768 808 1811 Bithyniae
825 1778 894 1808 pars
916 1778 987 1804 xxv,
1011 1770 1043 1804 2,
1072 1770 1110 1799 11

406 1814 521 1844 bellum
536 1824 607 1843 cum
623 1812 784 1852 Antigono
808 1815 919 1852 gerunt
941 1809 1023 1846 xxvi,
1044 1813 1076 1846 2,
1095 1813 1111 1841 1

403 1855 581 1886 Mithridati
610 1855 796 1886 auxiliantur
819 1858 928 1884 contra
954 1852 1114 1884 Romanos

409 1899 532 1934 xxxviii,
549 1901 581 1934 3,
594 1901 613 1928 7

449 1941 637 1981 Gangaridae
659 1939 713 1975 xii,
729 1941 760 1974 8,
776 1941 798 1969 9

451 1982 597 2023 Gargoris
638 1981 787 2012 Curetum
829 1989 881 2010 rex
930 1979 1005 2015 xliv,
1034 1982 1066 2015 4,
1097 1981 1115 2011 1

404 2025 602 2067 (Legendum
619 2024 722 2064 potius
738 2020 913 2061 Cunetum)
928 2021 1032 2051 Vorst.

450 2067 594 2097 Gaudere
611 2070 784 2095 mutuarum
813 2074 911 2094 rerum
932 2063 1117 2094 commercio

406 2110 491 2145 xviii,
508 2113 539 2145 5,
557 2112 576 2139 8
600 2109 733 2148 gaudere
751 2107 890 2147 deceptis
911 2105 1052 2136 hostibus
1075 2106 1117 2141 ix,

407 2155 439 2187 8,
458 2154 497 2182 12
523 2151 609 2181 malis
624 2161 728 2180 eorum
755 2150 859 2179 hostes
883 2149 1028 2189 gaudere,
1054 2158 1117 2178 non

411 2193 533 2234 gloriari
551 2198 696 2233 poterunt
720 2192 782 2227 xiX,
800 2194 832 2227 3,
848 2194 868 2222 4

449 2235 608 2267 Gaudium
623 2239 776 2276 reportare
792 2233 976 2274 parentibus
993 2232 1042 2273 (id
1060 2237 1117 2268 est,

407 2278 524 2318 aliquid
541 2279 581 2308 dc
596 2288 656 2318 quo
673 2276 847 2318 gaudeant)
861 2275 901 2310 xi,
916 2278 968 2310 14,
994 2278 1034 2306 12
1051 2275 1118 2315 (Sic

407 2326 415 2338 ¹
428 2320 555 2355 odiun1,'
573 2325 581 2337 ‘
595 2319 702 2355 amor‚'
716 2324 725 2337 ‘
739 2318 834 2354 cura,'
850 2328 904 2358 pro
931 2317 978 2347 his
1002 2317 1033 2347 in
1049 2328 1118 2357 quae

407 2363 591 2393 affectiones
608 2363 674 2392 istae
690 2362 838 2392 feruntur.
873 2359 956 2390 Vide
985 2359 1119 2400 Odium)

407 2406 510 2435 Vorst.

450 2447 538 2478 Gaza
554 2446 616 2487 (ita
631 2445 724 2481 enim,
748 2455 812 2475 non
840 2443 972 2475 Galama
996 2444 1118 2483 legend.

411 2495 443 2520 ut
463 2489 649 2529 Bongarsius
664 2488 775 2528 docet)
800 2498 850 2524 κν,
870 2491 900 2523 1,
917 2490 938 2518 6
960 2486 1098 2517 Freinsh-

452 2531 597 2562 Gedrosii
622 2530 686 2566 xiii,
703 2533 735 2566 4,
753 2534 794 2562 22

451 2574 531 2605 Gelo
548 2573 661 2604 Sicilire
677 2580 828 2614 tyrannus
852 2571 937 2608 xxiii,
952 2573 986 2608 4,
1001 2574 1021 2603 4

451 2617 535 2647 Gelu
558 2616 640 2652 xxiv,
657 2619 686 2651 8,
706 2619 746 2647 14

450 2658 592 2689 Geminae
607 2657 733 2698 originis
749 2657 924 2687 memoriam
937 2665 1118 2688 consecrare

407 2711 457 2737 xv,
474 2704 506 2742 4,
530 2704 548 2732 7
573 2701 704 2741 geminae
728 2700 842 2730 sobolis
864 2700 1019 2731 illecebrae
1048 2709 1116 2734 xxx,

408 2745 441 2779 2,
467 2745 487 2774 3
524 2743 647 2783 gemino
678 2743 821 2773 funerum
849 2743 977 2773 vulnere
1005 2741 1118 2772 afflicta

407 2785 510 2821 xxviii,
525 2789 556 2822 3,
583 2788 602 2816 3
638 2785 761 2826 gemino
785 2785 890 2817 mortis
916 2785 1044 2816 vulnere
1070 2783 1117 2814 in-

407 2827 527 2860 terfecti
550 2828 601 2866 xii,
615 2831 667 2865 10,
683 2830 704 2860 2

1055 355 1215 386 INDEX

1197 451 1339 482 Gemitus
1355 450 1524 482 desidentis
1539 454 1630 481 aestus
1653 450 1696 486 iv,
1710 453 1742 486 1,
1758 452 1799 481 10

1197 494 1329 524 Gemma
1354 494 1460 524 annuli
1483 504 1533 530 xv,
1550 496 1582 530 4,
1602 496 1622 525 4
1644 491 1856 534 plangentium

1155 536 1286 577 gemitus
1308 537 1370 573 xix,
1387 540 1418 572 2,
1435 539 1474 567 11

1199 579 1302 609 Gener
1323 579 1395 619 (pro
1418 577 1525 608 sororis
1546 576 1670 618 marito)
1694 576 1776 612 xviii,
1791 578 1824 611 4,
1838 579 1859 607 8

1155 621 1293 651 Freinsh.
1321 632 1414 662 gener
1438 632 1476 651 ex
1505 620 1629 661 hospite
1658 620 1758 649 factus
1782 617 1860 655 xliii,

1156 667 1187 700 3,
1202 667 1239 695 ll

1200 706 1372 737 Generasse
1401 704 1451 745 (id
1481 709 1538 740 est,
1572 704 1666 734 instar
1703 702 1861 743 stirpium)

1156 754 1248 779 terras
1261 748 1400 777 homines
1415 747 1624 787 (produxisse,
1640 746 1797 777 credidere
1809 755 1862 775 ve-

1157 790 1252 832 teres)
1277 791 1308 825 ii,
1326 793 1356 824 1,
1373 794 1393 821 6
1417 791 1466 820 Sic
1483 795 1524 825 et,
1548 799 1692 830 generare
1719 788 1864 817 animalia

1157 833 1191 870 ii,
1210 836 1240 868 l,
1258 835 1297 864 18
1321 843 1464 872 generare
1480 832 1618 862 sobolem
1641 842 1678 861 ex
1695 830 1801 871 aliquo
1829 830 1862 866 ii,

1157 880 1190 911 4,
1222 879 1262 907 33
1287 875 1387 915 (Vide
1413 879 1445 904 et
1485 873 1650 915 Gignere).
1680 872 1863 913 generandis

1158 918 1281 959 ignibus
1297 916 1424 947 materia
1445 917 1487 952 iv,
1505 919 1534 952 1,
1553 920 1572 947 3
1596 916 1734 946 Freinsli.

1203 960 1350 990 Genetrix
1365 960 1511 989 virtutum
1525 959 1685 998 frugalitas
1708 969 1757 993 xx,
1773 959 1805 992 4,
1823 959 1865 988 10

1202 1002 1341 1033 Genitivi
1355 1002 1437 1031 varia
1454 1001 1512 1031 vis:
1530 1001 1611 1031 bella
1626 1000 1869 1031 Atheniensium

1160 1046 1210 1087 (id
1226 1050 1284 1080 est,
1304 1055 1373 1074 cum
1388 1043 1632 1074 Atheniensibus
1647 1041 1798 1084 gerenda)
1821 1041 1867 1078 iii,

1161 1091 1192 1124 6,
1212 1090 1250 1118 10
1275 1087 1324 1117 Sic
1341 1098 1348 1116 ;
1378 1086 1459 1116 bella
1482 1086 1707 1116 Messeniorum
1728 1085 1772 1121 iii,
1797 1087 1829 1120 6,
1846 1088 1866 1115 5

1161 1130 1275 1160 bellum
1292 1128 1458 1159 Alexandri
1484 1128 1538 1164 xii,
1565 1133 1596 1164 5,
1619 1132 1640 1159 9
1674 1129 1867 1158 hortamenta

1161 1172 1283 1202 virtutis
1298 1172 1381 1211 (pro,
1398 1172 1438 1201 ad
1454 1170 1613 1209 virtutem)
1628 1170 1673 1206 iii,
1690 1174 1722 1206 5,
1737 1173 1758 1201 9
1788 1179 1867 1210 prae-

1163 1215 1237 1245 lium
1250 1215 1362 1244 Siciliae
1375 1214 1458 1255 (pro,
1476 1214 1507 1243 in
1523 1213 1643 1252 Sicilia)
1665 1223 1695 1248 v,
1714 1216 1745 1248 1,
1759 1214 1779 1242 4
1797 1222 1868 1252 pro-

1162 1257 1266 1287 missio
1298 1257 1455 1296 deprecati
1482 1256 1554 1286 belli
1580 1256 1645 1292 viii,
1661 1257 1728 1290 5‚4
1761 1254 1870 1284 laetitia

1162 1299 1297 1330 victoriae
1322 1299 1372 1339 (id
1387 1303 1445 1335 est,
1474 1302 1598 1338 propter
1621 1295 1796 1337 victoriam)
1826 1297 1868 1333 ix,

1163 1345 1194 1378 4,
1223 1345 1239 1372 1
1261 1341 1364 1382 jurgia
1394 1341 1487 1381 patris
1503 1342 1588 1382 (pro,
1611 1351 1681 1370 curn
1707 1338 1812 1380 patre)
1837 1349 1868 1375 κ,

1162 1387 1194 1421 2,
1225 1389 1243 1416 5
1282 1384 1371 1413 dolor
1399 1383 1501 1413 amissi
1525 1383 1676 1414 exercitus
1711 1381 1765 1418 xii,
1790 1384 1821 1418 1,
1848 1385 1868 1413 5

1164 1437 1263 1467 poenae
1279 1431 1392 1456 temere
1407 1426 1485 1456 illati
1500 1425 1574 1456 belli
1596 1425 1650 1461 xii,
1666 1428 1699 1460 2,
1716 1427 1755 1456 17
1772 1424 1872 1464 pudet

1163 1469 1374 1499 Alexandrum
1389 1467 1517 1498 nutricis
1538 1466 1591 1503 xii,
1612 1471 1644 1503 6,
1665 1470 1707 1499 10
1733 1466 1870 1507 (Nostri,

1166 1512 1215 1542 Er
1237 1511 1371 1542 schiimet
1386 1510 1451 1541 sich
1463 1510 1523 1549 fu'r
1542 1509 1631 1549 ihr).
1651 1509 1786 1540 ululatus
1808 1508 1873 1539 Dei

1165 1555 1251 1594 (pro,
1270 1554 1300 1583 in
1316 1554 1462 1583 honorem
1479 1551 1557 1591 Dei)
1570 1552 1622 1587 xii,
1634 1555 1666 1588 7,
1682 1554 1702 1583 8
1718 1551 1871 1582 successio

1164 1597 1250 1638 regni
1263 1596 1346 1636 (pro,
1361 1596 1392 1625 in
1407 1595 1552 1636 regnum)
1568 1594 1632 1630 xiii,
1650 1597 1680 1630 1,
1696 1596 1736 1625 13
1759 1604 1872 1624 munus

1162 1639 1346 1670 concubitus
1368 1639 1453 1678 (pro,
1479 1648 1589 1667 munus
1605 1647 1660 1677 pro
1685 1635 1872 1677 concubitu)

1162 1691 1212 1717 xv,
1232 1685 1264 1717 4,
1280 1684 1300 1712 4
1325 1680 1517 1721 naufragium
1540 1679 1710 1720 repentinae
1735 1683 1871 1720 tempes-

1164 1724 1235 1754 tatis
1258 1723 1319 1759 xvi,
1336 1726 1367 1758 3,
1385 1726 1425 1754 10
1448 1722 1568 1753 offensa
1590 1722 1687 1762 erepti
1712 1721 1798 1762 regni
1822 1721 1871 1762 (id

1165 1771 1223 1802 est,
1265 1766 1371 1796 odium
1398 1771 1524 1806 propter
1550 1770 1690 1805 ereptum
1726 1763 1873 1804 regnum)

1164 1809 1238 1845 xvii,
1254 1812 1285 1844 2,
1304 1811 1325 1839 9
1348 1808 1494 1848 majorem
1511 1807 1638 1848 gloriam
1653 1806 1786 1847 alicujus
1807 1805 1874 1836 vic-

1165 1851 1251 1881 toriae
1268 1861 1360 1892 quam
1378 1849 1515 1881 laetitiam
1536 1850 1650 1880 habere
1675 1850 1725 1890 (id
1752 1853 1810 1885 est,
1835 1859 1874 1880 ex

1167 1894 1270 1934 aliqua
1307 1893 1454 1932 victoria)
1494 1892 1579 1929 xviii,
1611 1896 1640 1927 l,
1668 1894 1688 1923 ⁷
1726 1890 1874 1932 appulsus

1167 1941 1253 1966 terrae
1269 1935 1354 1977 (pro,
1369 1936 1408 1965 ad
1425 1935 1549 1976 terram)
1564 1935 1648 1970 xviii,
1663 1938 1695 1970 6,
1712 1937 1729 1965 1
1757 1938 1876 1964 sumtus

1166 1979 1338 2019 praedarum
1365 1977 1413 2019 (id
1439 1982 1498 2013 est,
1521 1988 1558 2007 ex
1585 1975 1716 2018 praedis)
1739 1976 1780 2011 vi,
1802 1979 1834 2012 5,
1853 1979 1876 2007 9

1167 2020 1345 2060 nuptiarum
1361 2024 1477 2050 sumtus
1491 2020 1577 2060 (pro,
1601 2019 1633 2049 iu
1645 2017 1788 2059 nuptias)
1813 2018 1876 2054 xxi,

1168 2065 1199 2098 4,
1217 2065 1237 2093 2
1263 2063 1348 2103 origo
1362 2061 1511 2092 Antiochi
1533 2062 1619 2102 (pro,
1636 2062 1675 2091 ab
1697 2060 1875 2100 Antiocho)

1169 2115 1260 2140 xxxv,
1290 2109 1322 2139 2,
1346 2106 1366 2135 4
1404 2103 1597 2134 latrocinium
1626 2102 1717 2134 maris
1741 2103 1827 2145 (pro,
1841 2103 1874 2133 in

1169 2146 1263 2187 mari)
1286 2146 1362 2182 xliii,
1379 2148 1409 2182 3,
1426 2150 1444 2177 5
1472 2146 1577 2176 Vorst.

1215 2189 1300 2220 Gens
1330 2189 1554 2229 Cappadocum
1583 2187 1648 2218 sine
1675 2197 1747 2228 rege
1774 2187 1876 2218 vivere

1170 2232 1270 2262 noscit
1292 2231 1415 2267 xxxviii,
1437 2234 1468 2267 2,
1491 2235 1511 2262 8
1542 2231 1726 2272 Scytharum
1751 2229 1878 2260 innoxia

1169 2274 1222 2309 xii,
1247 2277 1278 2309 2,
1308 2277 1346 2305 17
1381 2278 1488 2313 gentes
1518 2273 1722 2313 nationesque
1744 2272 1766 2308 i,
1789 2275 1819 2309 1,
1845 2275 1876 2304 1.

1170 2317 1235 2352 viii,
1262 2320 1293 2351 6,
1319 2319 1339 2347 2
1375 2321 1482 2356 gentes
1508 2316 1657 2346 variorum
1692 2314 1878 2355 populorum

1170 2358 1223 2395 vii,
1242 2362 1271 2395 1,
1290 2361 1330 2389 12
1353 2363 1460 2399 gentes
1477 2359 1612 2388 barbara:
1635 2368 1666 2394 v,
1683 2360 1734 2393 11,
1753 2360 1804 2389 11.
1835 2357 1875 2393 xi,

1172 2405 1202 2437 l,
1220 2405 1239 2432 ὓ
1263 2401 1343 2431 inter
1368 2400 1605 2431 confertissimas
1633 2404 1740 2440 gentes
1768 2399 1879 2430 itinere

1170 2443 1314 2474 confecto
1339 2443 1390 2480 xii,
1407 2446 1437 2480 3,
1455 2447 1473 2474 5
1498 2443 1635 2483 gentium
1653 2447 1746 2472 terror
1761 2440 1879 2473 Xerxes

1170 2486 1213 2522 in,
1234 2489 1262 2521 1,
1281 2489 1297 2516 1

1213 2528 1305 2558 Genu
1323 2527 1424 2568 posito
1440 2526 1596 2567 praeliatus
1620 2525 1672 2562 xii,
1692 2528 1725 2562 9,
1753 2528 1794 2557 12
1823 2537 1879 2568 ge-

1170 2571 1261 2601 nibus
1276 2570 1446 2600 Alexandri
1466 2569 1634 2609 provolutae
1658 2568 1698 2604 xi,
1716 2572 1748 2603 9,
1766 2571 1806 2600 14

1214 2613 1322 2643 Genus
1336 2614 1411 2653 (pro
1427 2611 1551 2652 sobole)
1576 2612 1608 2647 ii,
1623 2613 1655 2646 4,
1667 2613 1721 2642 27.
1736 2610 1776 2645 ix,
1790 2614 1822 2646 2,
1838 2613 1878 2642 16

1169 2656 1252 2685 urbis
1280 2656 1352 2695 (pro
1377 2654 1503 2693 incolis)
1529 2654 1612 2689 xviii,
1630 2656 1661 2689 3,
1678 2656 1719 2685 19
1742 2652 1881 2684 Freinsh.

1169 2697 1289 2738 generis
1304 2702 1440 2728 vetustas
1462 2697 1494 2732 ii,
1514 2699 1544 2732 l,
1560 2700 1578 2727 5
1609 2705 1722 2736 genera
1736 2695 1879 2726 arborum

1168 2745 1200 2771 et
1216 2740 1337 2780 frugum
1361 2750 1416 2780 pro
1439 2739 1618 2769 conditione
1638 2738 1796 2778 regionum
1824 2747 1879 2768 va-

1167 2783 1246 2813 riata
1268 2782 1300 2818 ii,
1318 2785 1348 2818 1,
1367 2785 1406 2813 12
1429 2781 1536 2812 audito
1552 2790 1663 2821 genere
1680 2780 1751 2811 belli
1778 2779 1822 2816 iv,
1842 2782 1875 2818 4,

1168 2828 1188 2857 8
1211 2835 1308 2867 genus
1323 2824 1438 2855 vatium
1455 2823 1640 2855 ludicrorum
1663 2823 1717 2861 vii,
1731 2825 1765 2860 2,
1779 2825 1820 2855 14
