2101 3419
388 344 473 385 940
482 342 486 344 ’

388 449 444 488 511,
452 457 519 479 11011
529 457 547 479 3
557 447 713 487 librariis,
724 448 782 480 sed
792 448 833 480 ab
846 449 919 490 ipso
931 449 1080 481 Auctore

386 500 470 530 illud
498 499 623 531 factum
648 505 775 541 putem.
822 501 972 532 Eumenis
991 502 1079 534 enim

387 558 508 580 nomen
525 559 588 580 non
605 550 721 590 semel,
737 550 794 581 sed
810 554 863 581 ter
877 551 909 581 in
926 551 989 581 hoc
1003 561 1079 592 cap.

839 354 978 385 NOTAE

388 603 544 639 apparet.
572 599 674 631 Vorst.
721 600 881 632 Graviter
901 601 954 631 hic
975 601 1081 632 hallu-

386 650 517 680 cinatus
529 654 582 681 est
590 650 759 690 Justinus,
769 661 832 682 nec
845 656 1080 692 potest'emen-

385 700 653 742 dationejuvari,
671 707 708 734 ut
734 707 768 733 et
791 703 906 734 Vorst.
929 703 1026 744 vidit,
1045 708 1080 735 et

386 751 537 791 pluribus
567 751 713 783 adstruit
744 752 913 784 eruditiss,
937 758 972 784 et
998 754 1079 784 ami—

385 800 463 832 ciss.
495 801 690 833 Perizonius
713 802 749 833 in
778 801 954 834 Animadv.
984 803 1077 835 Hist.

387 853 439 881 11.
467 851 523 882 ubi
555 852 707 883 ostendit
740 853 867 884 nullum
894 854 1079 885 Eumenem

384 900 487 932 fuisse
511 902 601 933 inter
626 902 798 943 Bithyniae
828 913 946 943 reges:
974 903 1078 934 Nico-

383 952 515 983 medem
541 962 621 984 vero
653 963 822 995 nunquam
855 964 932 986 cum
968 955 1077 986 Gallis

385 1012 564 1043 pugnasse,
580 1003 639 1034 sed
656 1008 784 1043 contra,
799 1004 872 1044 ipso
891 1004 1076 1045 adjuvaute

384 1053 501 1084 Gallos
524 1054 557 1084 in
574 1053 689 1084 Asiam
706 1054 848 1094 primum
872 1054 1078 1094 pervenisse,

381 1108 417 1134 et
435 1104 657 1134 arctissimam
681 1113 757 1134 cum
773 1113 811 1134 eo
827 1104 1023 1134 societatem
1041 1109 1077 1134 et

384 1153 565 1184 amicitiam
593 1154 719 1193 iniisse,
736 1158 771 1184 et
793 1158 960 1194 perpetuo
983 1153 1076 1184 dein-

382 1214 462 1245 ceps
491 1215 661 1236 servasse:
698 1214 759 1236 nec
786 1205 880 1235 illum
911 1205 1074 1244 aequalem

381 1255 483 1287 fuisse
499 1256 642 1287 Seleuco
659 1255 831 1293 Callinico,
853 1258 887 1285 et
904 1253 1075 1285 Antiocho

382 1305 533 1344 Hieraci‚
548 1305 589 1335 de
605 1304 725 1345 quibus
738 1304 793 1334 hic
810 1308 889 1343 agat
905 1303 1074 1343 Justinus,

379 1356 437 1386 sed
454 1356 583 1386 illorum
601 1365 664 1385 avo
683 1354 850 1385 Antiocho
865 1354 989 1384 Soteri.
1018 1353 1075 1384 Bi-

380 1406 504 1446 thyniae
530 1415 644 1445 regem
663 1410 730 1435 tum
752 1404 854 1435 fuisse
871 1405 998 1435 Zielam
1016 1404 1076 1435 Ni-

380 1456 528 1487 comedis
551 1456 588 1486 F.
612 1460 649 1486 ut
675 1464 742 1485 non
767 1455 871 1485 solum
889 1464 931 1485 ex
947 1459 1074 1494 tempo-

379 1516 451 1537 rum
482 1506 623 1545 ratione,
649 1505 707 1535 sed
734 1508 768 1535 et
792 1504 948 1544 Prologis
972 1504 1074 1535 libro-

380 1565 451 1586 rum
467 1556 572 1596 Trogi
590 1559 718 1595 pateat.
764 1555 852 1586 Nam
873 1555 906 1585 111
930 1555 999 1595 huj.
1014 1555 1072 1586 lib.

379 1607 526 1646 Prologo
550 1607 616 1647 legi
647 1616 689 1637 ex
710 1605 947 1637 emendatione
973 1607 1073 1637 Vale-

377 1657 439 1687 sii:
463 1658 472 1672 ‘
489 1657 602 1697 thue
626 1656 716 1687 Galli
742 1656 910 1696 Pergamo
926 1656 1007 1687 victi
1029 1656 1072 1687 ab

378 1705 495 1736 Attalo
512 1706 639 1736 Zielam
663 1706 846 1747 Bithynum
864 1706 1072 1738 occiderint-⁷

379 1756 494 1786 Gallos
517 1755 632 1797 itaque
659 1765 725 1786 non
750 1765 853 1786 caesos
871 1766 942 1787 esse
958 1766 976 1786 a
992 1766 1072 1797 rege

376 1807 559 1848 Bithyniae,
584 1807 643 1838 sed
682 1806 724 1837 ab
761 1806 880 1838 Attalo
913 1807 1072 1847 Pergami

377 1860 530 1898 dynasta,
544 1858 584 1889 de
598 1868 663 1899 quo
675 1858 745 1889 Liv.
759 1868 892 1899 quoque
906 1866 1071 1892 xxxvul,

378 1914 427 1941 10.
462 1908 678 1940 Plurifariam
701 1908 803 1948 igitur
829 1917 970 1947 peccare
992 1908 1071 1940 Jus-

377 1962 496 1999 tinum,
526 1960 604 1990 dum
638 1968 699 1999 pro
738 1959 855 1989 Attalo
886 1959 1070 1988 Eumenem

376 2011 589 2042 decessorem
625 2009 714 2040 illius
741 2009 912 2046 nominat;
947 2008 1068 2039 deiude

376 2071 451 2092 011111
477 2059 646 2100 Bithyniae
681 2068 795 2099 regem
822 2063 858 2089 et
886 2059 1070 2098 Bithynum

377 2110 472 2150 dicit,
495 2120 571 2141 cum
598 2109 757 2149 Pergami
775 2108 950 2149 dynastam
968 2108 1069 2139 debe-

376 2166 431 2192 ret
446 2160 574 2191 dicere.
599 2159 706 2190 Groev.

418 2211 521 2249 Bello,
534 2209 600 2250 Sym]
622 2209 711 2240 Saxo
724 2218 776 2240 111.
790 2219 822 2249 p.
835 2212 908 2240 213.
923 2212 975 2241 43.
992 2210 1001 2226 ‘
1016 2210 1069 2240 Ne

375 2270 513 2302 regnum
538 2259 736 2290 domesticae
763 2264 864 2300 atque
899 2259 1071 2290 intestinae

372 2310 548 2342 discordiae
562 2308 650 2340 bello
663 2308 881 2348 corrumpat!

422 2361 596 2399 Vumntem,
618 2359 687 2399 ξω]
712 2358 765 2390 Cf.
795 2359 906 2389 locum
928 2358 1069 2389 Saxonis

376 2411 434 2442 lib.
455 2419 531 2441 xlv.
548 2409 723 2441 laudatum
739 2418 840 2449 supra
858 2417 909 2440 xr.
928 2411 978 2439 14.
994 2411 1026 2439 6.

422 2461 577 2492 Victorem
603 2458 801 2498 Antiochum,
828 2459 897 2499 130]
918 2458 974 2489 Ita
995 2457 1070 2489 fieri

374 2518 483 2543 amat:
509 2517 543 2543 et
566 2511 629 2542 1100
650 2511 722 2551 ipso
746 2515 945 2551 argumento
963 2509 1069 2541 dicta-

373 2569 426 2595 tor
444 2563 594 2594 Albanus
606 2563 702 2594 Tullo
716 2563 811 2594 Rom.
828 2562 899 2602 regi
916 2562 1068 2602 praelium

372 2614 583 2654 dissuadens,
618 2613 778 2644 ‘Memor
811 2611 909 2652 esto‚'
947 2612 1068 2653 inquit,

370 2667 464 2707 ‘jam
480 2675 555 2697 cum
582 2665 713 2705 signum
738 2673 860 2704 pugnae
884 2662 989 2703 dabis,
1011 2663 1068 2694 has

371 2717 454 2748 duas
471 2717 562 2747 acies
580 2715 777 2756 spectaculo
793 2713 879 2753 fore,
906 2718 944 2744 ut
961 2712 1067 2744 fessos

1014 354 1273 386 VARIORUM
1307 356 1358 387 ΙΝ

1130 450 1268 482 tandum
1283 450 1359 482 huic
1374 454 1489 482 nostro
1504 451 1616 482 seculo
1628 450 1655 492 ἓ)
1672 451 1706 482 111
1722 450 1822 484 Orat.

1130 504 1161 533 1.
1182 501 1224 532 ad
1242 502 1328 532 Caes.
1352 502 1444 542 ‘Ego
1466 501 1514 532 sic
1539 501 1717 541 existumo,
1741 511 1825 542 quo-

1129 554 1218 584 niam
1235 558 1310 584 orta
1326 555 1435 585 omnia
1451 554 1634 593 intereunt,
1659 563 1723 594 qua
1740 559 1825 584 tem-

1129 609 1262 644 pestate
1284 604 1355 635 urbi
1382 604 1543 635 Romanae
1566 603 1673 635 fatum
1699 602 1826 634 excidii

1130 653 1334 694 adventarit,
1360 654 1451 685 cives
1467 664 1541 684 cum
1556 653 1686 684 civibus
1704 662 1823 683 manus

1129 709 1362 735 conserturos:
1393 704 1441 735 ita
1467 703 1616 734 defessos
1647 708 1683 734 et
1704 712 1826 734 exsan-

1129 764 1211 795 gues
1227 754 1299 794 regi
1312 758 1370 785 aut
1385 754 1509 785 nationi
1525 753 1650 794 praedae
1667 752 1825 786 futuros!

1127 804 1218 836 Add.
1235 813 1367 836 xxxix.
1383 808 1413 835 5.
1429 808 1460 836 5.
1488 805 1583 836 Rern.

1170 856 1187 895 ξ
1209 857 1229 885 4
1252 855 1428 894 Subspecie
1437 854 1563 885 sororiae
1572 854 1711 894 ultionis]
1731 855 1823 887 Quo-

1126 905 1225 936 modo
1252 909 1288 936 et
1315 904 1533 936 Mithridates
1560 913 1726 936 xxxvnl.
1744 907 1773 935 1.
1788 907 1820 936 3.

1125 957 1205 988 Vid.
1223 957 1348 988 Notam
1364 966 1414 987 1v.
1428 959 1457 987 3.
1469 959 1501 986 5.
1524 956 1623 987 Idem.

1170 1009 1187 1047 ξ
1212 1011 1231 1038 5
1255 1007 1343 1037 Hinc
1359 1007 1514 1047 Bithynus
1530 1007 1697 1047 Eumenes]
1731 1007 1819 1039 Mss.

1125 1057 1234 1098 Bong.
1248 1058 1374 1088 habent
1398 1057 1579 1097 Bithynius,
1601 1057 1654 1087 0111
1670 1056 1822 1098 adstipu-

1124 1107 1238 1138 lantur
1268 1111 1350 1138 vett.
1376 1106 1473 1138 editi.
1523 1106 1589 1137 Sed
1620 1107 1712 1147 vulg.
1742 1107 1824 1140 lect.

1125 1156 1315 1188 retinenda.
1367 1156 1485 1196 Steph.
1502 1156 1534 1186 111
1551 1155 1688 1188 Βιθυνίαε
1714 1155 1756 1187 Τὸ
1772 1156 1820 1188 ἐθ-

1124 1205 1215 1245 νικὸν,
1229 1205 1357 1237 Βιθυνός.
1402 1206 1481 1237 Juv.
1498 1215 1563 1237 VII.
1588 1207 1598 1223 ‘
1611 1207 1820 1248 Equitesque

1125 1255 1289 1296 Bithyni!
1345 1255 1468 1287 Horat.
1498 1265 1522 1288 1.
1550 1257 1588 1288 C.
1614 1259 1646 1288 3.
1676 1257 1822 1288 ‘Carina

1124 1306 1293 1347 Bithyna!
1338 1307 1406 1338 Pro
1419 1308 1568 1338 Eumenes
1583 1306 1732 1338 Gronov.
1745 1309 1820 1339 vult

1126 1357 1320 1396 Nicomedes,
1349 1361 1384 1387 et
1412 1356 1518 1396 exigit
1543 1356 1692 1388 historiae
1722 1357 1820 1389 fides.

1124 1405 1172 1437 At
1188 1408 1302 1438 Vorst.
1317 1407 1405 1437 hunc
1421 1406 1550 1446 lapsum
1567 1411 1666 1447 putat
1679 1406 1820 1447 Justini,

1125 1466 1191 1487 non
1207 1456 1346 1486 librarii.
1372 1454 1478 1493 Sches.

1166 1506 1380 1538 Humiliorum
1407 1515 1524 1545 semper
1547 1504 1735 1536 mercenaria
1754 1515 1821 1537 mu·

1123 1558 1194 1598 nus]
1221 1557 1324 1588 Nihili
1340 1562 1393 1587 est
1409 1557 1486 1587 lect.
1505 1556 1595 1596 vulg.
1641 1556 1716 1586 Nec
1730 1556 1820 1587 enim

1122 1609 1346 1646 humiliorum,
1356 1607 1414 1638 sed
1425 1606 1634 1647 superiorum
1649 1615 1821 1636 mercena-

1123 1661 1172 1692 ria
1179 1670 1294 1691 manus
1303 1668 1437 1699 semper
1447 1662 1544 1688 erant
1555 1657 1658 1697 Galli,
1667 1657 1820 1688 1111110110-

1123 1721 1207 1751 rum,
1225 1720 1312 1741 nnnc
1332 1710 1462 1740 illorum
1488 1717 1686 1748 prosperam
1711 1706 1820 1737 fortu-

1121 1770 1196 1791 nam
1212 1760 1357 1801 sequuti.
1394 1758 1482 1789 Satis
1496 1757 1531 1787 id
1547 1756 1699 1787 iudicant
1715 1755 1820 1786 verba

1122 1816 1289 1851 postrema
1297 1809 1417 1849 capitis
1431 1818 1534 1849 praec.
1551 1807 1673 1848 Itaque
1685 1806 1819 1847 legend.

1122 1862 1268 1892 arbitror
1281 1861 1385 1891 horum
1397 1858 1530 1889 omnium
1545 1868 1571 1888 s.
1584 1868 1624 1888 m.
1641 1866 1683 1888 m.
1709 1857 1796 1887 Box-

1163 1912 1179 1952 ξ
1203 1914 1222 1942 7
1246 1911 1295 1941 Ad
1319 1919 1452 1940 socerum
1478 1918 1567 1939 suum
1598 1905 1816 1946 Artamenem]

1119 1962 1186 1992 Ms.
1202 1960 1350 1992 habebat
1361 1960 1545 1990 Arimenem.
1592 1958 1682 1988 Puto
1695 1966 1813 1987 verum

1119 2020 1193 2042 esse
1205 2010 1413 2040 Ariamenem.
1458 2008 1546 2038 Nam
1559 2005 1702 2037 Diodori
1718 2005 1813 2045 Epit.

1118 2060 1222 2091 habet
1240 2057 1407 2098 Ἀριάμνης.
1452 2055 1531 2095 Huj.
1544 2054 1703 2086 Antiochi
1719 2063 1815 2085 soro-

1120 2120 1189 2141 rem
1209 2108 1422 2140 Stratonicen
1444 2114 1582 2136 uxorem
1605 2104 1750 2135 duxerat
1766 2103 1816 2134 A·

1121 2159 1297 2197 riarathes,
1326 2156 1371 2188 fil.
1403 2154 1604 2186 Ariamenis.
1654 2154 1816 2185 Socerum

1119 2210 1234 2250 itaque
1263 2208 1335 2249 cjus
1371 2206 1478 2237 laxius
1515 2208 1615 2236 vocat
1650 2204 1816 2236 Justinus.

1126 2260 1211 2292 Voss.

1163 2306 1367 2347 Prot-elmar]
1391 2305 1508 2337 Scribo
1518 2314 1602 2346 perv.
1624 2304 1707 2336 Fab.

1162 2361 1179 2400 ξ
1203 2362 1222 2390 S
1259 2359 1407 2392 Salutem,
1436 2355 1503 2397 fisa]
1551 2356 1640 2386 Saxo
1671 2364 1748 2387 xm.
1780 2365 1814 2396 p.

1120 2413 1193 2441 383.
1212 2412 1261 2440 13.
1281 2412 1288 2425 ‘
1304 2407 1487 2440 Celei-itate
1516 2405 1638 2446 pedum
1669 2407 1814 2437 salutem

1120 2457 1347 2501 quaesiturus.'

1161 2511 1179 2550 ξ
1203 2512 1243 2540 10
1265 2509 1327 2539 Sed
1341 2508 1525 2539 Ptolemoeus
1540 2516 1597 2537 non
1617 2510 1681 2536 tam
1696 2506 1814 2537 amicus

1117 2561 1146 2592 ei
1171 2560 1304 2600 deditus,
1334 2569 1423 2600 quam
1448 2559 1543 2589 hostis
1562 2557 1685 2597 factus]
1734 2557 1812 2589 vid.

1118 2621 1195 2643 num
1208 2610 1321 2651 potius
1336 2609 1438 2641 dedito
1453 2609 1496 2640 sit
1509 2607 1646 2649 legend.
1662 2608 1694 2638 in
1711 2607 1814 2639 dandi

1119 2671 1209 2693 casu.
1233 2660 1324 2691 Glur.

1161 2711 1222 2742 Sed
1238 2710 1294 2742 Pt.
1310 2719 1368 2740 non
1382 2708 1474 2739 amici
1492 2707 1595 2738 debito
1615 2716 1703 2747 quam
1717 2706 1815 2738 hostis

372 2768 613 2807 confectosque
635 2765 731 2796 simul
756 2765 917 2796 victorem
941 2773 981 2795 ac
1000 2763 1068 2795 vic·
1109 2761 1231 2801 factus]
1256 2761 1306 2791 Ea
1328 2764 1380 2790 est
1397 2759 1559 2789 bonorum
1576 2757 1650 2788 libr.
1668 2757 1812 2798 scriptu-

369 2823 438 2849 tum
457 2817 590 2848 Etrusci
617 2815 733 2857 [vicini
753 2814 926 2856 potentes]
949 2823 1067 2854 aggre-

372 2867 533 2899 diantur.'
578 2867 671 2898 Hinc
699 2865 900 2907 praesagium
915 2864 1068 2895 Sallustii

375 2920 417 2950 de
444 2917 577 2950 excidio
605 2917 745 2958 Imperii
765 2915 907 2947 Romani
934 2914 993 2956 (an
1009 2925 1066 2956 ap-

1119 2822 1168 2852 ra,
1194 2822 1236 2843 ex
1261 2821 1327 2852 qua
1352 2809 1485 2850 legend.
1503 2808 1649 2840 arbitror
1662 2818 1721 2839 non
1735 2808 1812 2839 ami-

1117 2873 1169 2895 cus
1182 2862 1283 2894 dedito
1306 2871 1396 2901 quam
1419 2859 1512 2891 hostis
1525 2859 1644 2897 fuctus,
1659 2858 1680 2888 i.
1698 2868 1728 2889 e.
1744 2867 1810 2889 non

1119 2917 1187 2945 tam
1211 2912 1348 2951 amicus,
1368 2911 1433 2942 Sec.
1467 2908 1600 2940 Similes
1622 2908 1809 2942 locutiones
