2174 3424
620 371 814 402 JUSTlNl
850 372 942 401 Lm.
976 373 1061 402 vll.
1096 374 1202 404 (JAP.
1234 364 1273 404 ].

224 467 422 508 Periegetes
449 475 645 506 anonymus,
669 467 726 507 qui
741 466 802 497 sub
819 465 921 497 Nico-

225 517 322 548 mede
339 517 441 548 vixit:
467 516 555 546 Μετὰ
570 515 602 546 δὲ
623 517 721 546 ταῦτα
742 515 922 547 Μακεδόνων

223 567 284 598 ἀπὸ
294 569 350 604 τῆς
365 566 527 604 Μακίσσης
539 566 684 605 Ἠμαθίας
698 579 732 597 τε
742 565 921 605 λεγομένης.

226 618 278 648 Ex
295 617 421 648 Nostro
437 617 667 648 emendandus
690 622 744 648 est
761 617 920 647 Rabanus

224 668 365 698 Maurus
381 676 456 698 xvr.
482 666 523 698 de
549 667 657 698 Sei-m.
674 666 799 707 Propr.
815 669 846 697 2.
862 666 921 697 ubi

224 717 348 748 vitiose
374 717 502 748 editum
528 722 604 748 est:
638 716 871 747 ‘Macedones
902 725 922 746 a

223 767 359 798 nomine
376 767 541 798 Macionis
557 767 645 808 regis
665 772 764 798 antea
785 766 920 797 Emarci

223 818 411 859 nuncupati
434 822 530 849 sunt:
565 822 685 858 postea
713 817 921 849 Macedones

223 868 332 900 dicti:
359 868 424 908 Ap.
441 869 516 899 Val.
534 869 583 899 M.
601 877 650 899 rx.
666 872 717 900 11.
731 871 761 900 4.
778 873 813 899 et
830 869 921 899 Mar-

224 918 311 950 cian.
324 918 454 959 Capell.
469 927 518 950 vr.
532 928 564 959 p.
578 921 653 950 211.
680 919 828 950 Emathia
842 928 922 960 quo-

223 979 289 1011 que
318 970 450 1010 legend.
467 979 528 1010 pro
550 971 690 1002 AEmoth.
716 971 923 1002 Ptolemaeus

222 1029 281 1051 111.
295 1020 405 1060 Geog.
419 1023 469 1051 13.
484 1023 633 1053 ΜΑΤΙΑΣ
649 1021 799 1061 Εὔρωπος.
813 1021 924 1052 ἨΜΛ-

223 1072 316 1103 ΘῙΑΣ
341 1069 483 1111 Τύρισσα.
518 1072 600 1112 Leg.
625 1081 667 1102 ex
687 1073 752 1104 Ms.
776 1073 864 1104 Flor.
889 1077 925 1104 et

226 1121 364 1153 coislin.
383 1121 574 1154 ἨΜΑΘΙΑΣ
604 1122 754 1162 Εὔρωπος,
776 1121 924 1163 Τύρισσα.

266 1173 284 1213 §
300 1174 318 1202 3
343 1172 444 1211 Regio
460 1173 584 1203 Boeotia
600 1173 773 1213 dicebatur]
797 1174 924 1215 Pcyra-

225 1223 298 1254 red.
315 1222 366 1254 vir
381 1223 512 1263 doctus,
523 1223 668 1264 putabat
683 1224 819 1264 legend.
836 1225 924 1255 Poeo-

223 1274 290 1313 nia,
300 1283 368 1304 non
384 1273 521 1305 Boeotz'a.
545 1273 698 1314 Optime.
715 1274 924 1305 Confirmant

225 1324 299 1364 ejus
325 1323 507 1354 lectionem
532 1324 668 1364 Polybii
695 1325 865 1366 Excerpta
889 1328 926 1356 et

225 1373 342 1404 Livius
358 1382 416 1404 XL.
431 1376 462 1404 3.
490 1373 576 1405 Voss.

268 1422 413 1462 Poeonia]
447 1422 504 1453 Sic
534 1422 635 1454 scribi
658 1423 754 1463 jussi,
784 1433 864 1462 non,
887 1427 926 1454 ut

228 1472 295 1513 alii,
320 1472 455 1504 Boeotz'a.
500 1473 562 1504 Est
586 1478 699 1504 autem
732 1473 925 1504 emendatio

226 1522 427 1562 Peyraredi,
457 1533 531 1564 quae
569 1525 624 1555 vel
656 1534 698 1555 ex
732 1525 807 1565 ipso
837 1524 926 1556 Just.

227 1577 343 1613 potest
367 1573 571 1614 confirmari,
587 1574 643 1615 qui
668 1585 745 1605 mox
772 1575 925 1607 scribat:

226 1624 236 1640 ‘
254 1623 295 1654 In
312 1624 449 1664 regione
471 1625 621 1665 Paeonia,
637 1622 713 1666 qu'ae
737 1635 824 1656 nunc
850 1635 926 1665 por-

228 1676 277 1708 tio
301 1676 512 1707 Macedoniae
536 1680 587 1707 est
598 1675 618 1707 ε’
642 1676 775 1714 Portio‚
803 1676 927 1717 inquit,

227 1726 307 1767 quia
321 1736 480 1757 successu
496 1726 658 1767 temporis
675 1727 774 1767 longe
790 1727 926 1758 latiores

226 1776 310 1807 fines
341 1776 458 1807 habuit
485 1777 653 1816 Emathia,
669 1786 767 1817 quam
796 1787 879 1817 quos
907 1787 926 1808 a

226 1826 411 1867 primordio
435 1827 610 1858 habuerat.
655 1827 789 1858 Deinde
805 1832 841 1858 et
857 1828 926 1859 Ho-

225 1886 349 1916 merus,
385 1877 492 1908 omnis
532 1877 717 1908 literaturae
755 1878 927 1918 princeps,

226 1928 434 1959 Macedonas
448 1938 541 1969 saepe
557 1933 659 1960 vocat
679 1929 833 1965 Paeonas,
851 1939 926 1970 quae

226 1987 281 2008 res
297 1977 338 2008 ab
352 1978 504 2018 Interpp.
520 1978 652 2009 Graecis
668 1979 850 2010 observata
861 1978 927 2010 fuit

227 2032 262 2059 et
275 2033 405 2060 notata.
450 2029 630 2069 Praecipue
654 2034 767 2060 autem
789 2029 858 2061 vid.
882 2030 925 2061 Il.

227 2088 289 2110 xx.
306 2079 364 2110 ubi
384 2078 602 2119 Asteropaeus
627 2079 788 2120 loquitur.
813 2080 926 2111 Faber.

227 2128 429 2170 Adstipulor
444 2130 642 2169 Peyraredo
661 2140 721 2171 pro
738 2131 862 2162 Boeotz'u
879 2131 926 2162 le·

225 2179 324 2219 gend.
339 2189 411 2210 esse
429 2180 564 2211 Paeonia.
611 2181 710 2214 Quod
733 2182 832 2221 paulo
849 2186 927 2222 post

227 2231 394 2272 sequitur,
422 2231 431 2248 ‘
454 2230 489 2261 in
520 2231 659 2271 regione
698 2232 862 2272 Paeonia,'
890 2233 926 2264 id

226 2289 295 2310 nou
325 2280 375 2311 ita
402 2280 491 2311 nude
520 2281 666 2320 positum
695 2280 828 2322 fuisset,
862 2283 928 2314 nisi

227 2331 353 2362 mentio
371 2331 506 2362 Poeonioe
531 2331 572 2362 ab
588 2331 741 2364 Auctore
759 2332 832 2373 jam
847 2337 927 2365 ante

227 2380 319 2412 facta
335 2385 437 2413 esset.
468 2382 542 2412 Vor.

269 2432 286 2473 ς
301 2434 322 2462 4
344 2431 488 2462 Suboctz's
500 2431 601 2472 primo
604 2432 771 2474 finitimis]
794 2433 850 2464 Ita
867 2433 897 2465 N
902 2433 927 2465 i-

227 2492 288 2513 nus
304 2493 393 2523 supr.
416 2492 442 2514 1.
462 2486 492 2515 1.
509 2486 541 2514 8.
564 2487 600 2514 et
621 2482 768 2514 Romani
792 2485 883 2515 Flor.
900 2493 925 2516 1.

228 2535 259 2564 9.
277 2535 328 2564 11.
357 2533 456 2564 Bern.

270 2583 322 2622 §5
347 2581 490 2621 Poeom‘a]
513 2580 545 2613 A
572 2592 637 2622 qua
663 2583 741 2614 olim
765 2583 926 2614 Macedo-

228 2633 286 2663 nia
301 2633 431 2664 Poeom‘a
445 2633 634 2665 dicebatur.
680 2634 754 2665 Liv.
770 2643 831 2665 XL.
848 2637 878 2666 3.
896 2638 926 2667 l.

227 2683 380 2722 Bongars.
428 2683 647 2724 Antiquiores
664 2684 753 2725 typis
772 2685 926 2724 expressi

229 2734 269 2764 In
284 2734 408 2772 regione
424 2734 576 2774 Poeonz'oe,
590 2735 703 2775 qualia
719 2739 752 2765 et
769 2735 843 2775 ipsa
860 2744 926 2765 non

228 2792 314 2814 rara.
359 2784 463 2814 Foret
484 2783 572 2813 enim
595 2783 734 2819 dictum,
759 2789 797 2815 ut
819 2786 828 2801 ‘
847 2784 926 2815 urbs

229 2831 443 2864 Antiochiae!
485 2834 587 2865 Vorst.
645 2834 775 2874 Recte3
811 2834 859 2865 sic
890 2839 926 2865 et

229 2881 324 2913 Junt.
349 2882 458 2914 Groev.

273 2932 436 2971 Telegonus
455 2936 544 2973 pater
563 2933 754 2974 Asteropoei]
778 2933 817 2965 In
834 2939 926 2966 utro-

1586 363 1670 404 741

973 476 1038 507 que
1063 467 1199 498 nomine
1217 477 1314 499 error
1339 471 1392 499 est
1414 467 1556 508 vulgatis
1571 467 1671 499 codd.

972 518 1124 556 Πηλεγὼν
1135 525 1187 548 est
1201 523 1236 549 et
1249 520 1465 558 Ἀστεροπαῖος
1479 519 1511 549 in
1525 519 1673 550 Graecis.

971 566 1165 607 Telegonus
1192 568 1322 608 Ulyssis
1348 567 1394 598 fil.
1421 568 1528 599 errori
1555 578 1672 599 ansam

972 617 1079 648 dedit.
1124 618 1192 648 Sed
1217 618 1422 649 adducamus
1453 619 1594 649 Homeri
1622 619 1673 650 lo-

971 677 1046 698 cum
1063 677 1106 698 ex
1122 667 1222 699 Iliad.
1237 672 1271 698 Φ.
1292 668 1350 699 ubi
1368 668 1518 699 Achilles
1533 669 1674 700 Astero-

971 728 1084 758 paeum
1110 718 1331 758 aggreditur:
1368 717 1470 758 Τόφρα
1492 717 1524 748 δὲ
1552 717 1674 755 Πηλέος

971 768 1032 800 υἵος
1061 768 1143 808 ἔχων
1179 768 1376 808 δολιχόσκιον
1404 769 1501 807 ε”γχος
1527 769 1673 809 Ἀστερο-

970 818 1049 858 παίῳ
1063 819 1182 850 ἐπᾶλτο
1198 818 1422 859 κατακτάμεναι
1436 818 1596 857 μενεαίνων
1610 818 1677 850 Τὶέῖ

972 869 1163 910 Πηλεγόνος,
1180 873 1243 902 &c.
1266 871 1357 902 Fieri
1374 875 1487 901 tamen
1505 876 1619 910 potest
1635 875 1675 902 ut

972 921 1063 953 Just.
1097 931 1140 952 ex
1167 920 1319 961 genitivo
1345 920 1524 959 Πηλεγόνος
1553 919 1676 952 fecerit

972 971 1169 1002 nominandi
1195 981 1307 1002 casum
1331 972 1503 1010 Pelegonus
1528 971 1675 1002 auctori-

974 1026 1047 1053 tate
1078 1023 1288 1061 Latinorum,
1316 1022 1372 1063 qui
1405 1023 1511 1053 multa
1539 1022 1605 1052 alia
1632 1022 1676 1053 ad

975 1072 1076 1103 eund.
1094 1073 1229 1103 modum
1247 1077 1484 1113 corruperunt.
1518 1072 1609 1103 Glar.

1021 1123 1203 1163 Telegonus]
1227 1121 1378 1161 Πηλένγων
1402 1122 1555 1154 Homero
1574 1122 1675 1154 Iliad.

974 1177 1009 1203 Φ.
1027 1178 1064 1204 ut
1080 1174 1212 1204 notavit
1225 1173 1426 1205 Glareanus.
1449 1174 1545 1204 Vett.
1559 1183 1676 1203 omnes

978 1223 1157 1263 Telegonus,
1187 1223 1276 1264 quod
1301 1228 1354 1254 est
1378 1224 1508 1263 Ulyssis
1537 1223 1598 1254 filii
1619 1233 1678 1255 no-

974 1283 1065 1312 men,
1084 1273 1124 1304 ab
1141 1274 1172 1305 h.
1187 1274 1211 1304 l.
1225 1274 1380 1305 alienum.
1419 1275 1525 1314 Bong.

1018 1324 1171 1364 Pelegon]
1209 1325 1275 1355 Vel
1305 1326 1488 1365 Pelegonus.
1541 1327 1677 1359 Monitu

975 1375 1076 1405 Pauli
1104 1375 1276 1415 Leopardi
1307 1384 1398 1406 xvu.
1436 1377 1676 1409 Emendation.

977 1427 1028 1456 10.
1042 1430 1077 1455 et
1090 1425 1189 1457 Joan.
1209 1425 1381 1466 Hartungi
1396 1427 1518 1457 Locor.
1544 1428 1676 1459 Memo-

976 1475 1075 1506 rabil.
1092 1476 1219 1506 Decur.
1235 1485 1275 1506 11.
1293 1478 1324 1507 2.
1337 1479 1369 1507 3.
1388 1476 1518 1507 reddidi
1532 1476 1678 1509 Auctori

976 1535 1069 1556 suam
1100 1535 1227 1556 vocem.
1283 1526 1317 1557 Is
1348 1526 1436 1557 enim
1467 1531 1521 1557 est
1549 1527 1558 1544 ‘
1577 1533 1677 1568 pater

978 1575 1192 1616 Asteropaei,’
1222 1580 1310 1607 teste
1341 1576 1493 1607 Homero
1527 1576 1568 1608 Il.
1594 1586 1676 1609 xxr.

978 1628 1051 1657 140,
1072 1631 1106 1657 et
1131 1626 1242 1657 Strab.
1269 1626 1362 1667 Epit.
1384 1636 1466 1658 vul.
1480 1627 1576 1658 Vett.
1592 1628 1677 1660 Mss.

976 1685 1092 1707 omnes
1134 1676 1241 1717 (teste
1271 1675 1399 1717 Bong.)
1439 1681 1475 1707 et
1509 1677 1678 1709 hactenus

977 1728 1060 1758 editi
1075 1728 1243 1766 Telegonus
1254 1727 1393 1767 habent,
1408 1727 1494 1768 quod
1508 1733 1560 1759 est
1576 1729 1678 1769 Ulys-

977 1779 1021 1809 sis
1037 1778 1099 1809 filii
1117 1789 1250 1817 nomen,
1267 1779 1410 1810 alienum
1435 1779 1477 1810 ab
1495 1780 1525 1810 h.
1542 1780 1563 1810 l.
1598 1781 1680 1811 Ber-

975 1839 1090 1860 neccer.
1135 1829 1237 1860 Hunc
1255 1830 1275 1860 l.
1305 1829 1436 1870 pridem
1457 1830 1605 1861 restituit
1631 1831 1676 1862 P.

978 1879 1187 1919 Leopardus,
1224 1879 1276 1910 vir
1314 1880 1450 1910 doctiss.
1495 1881 1682 1915 Emendat.

976 1938 1067 1961 xvn.
1096 1933 1146 1960 10.
1179 1930 1298 1969 legens
1324 1930 1474 1968 Pelegon.
1520 1930 1588 1960 Sed
1619 1930 1678 1962 diu

976 1983 1055 2009 aute
1086 1979 1297 2020 Leopardum
1334 1980 1451 2011 Juntae
1494 1979 1679 2012 ediderunt

968 2030 1161 2071 Pelegonus,
1187 2039 1262 2060 eum
1294 2034 1408 2061 tamen
1430 2031 1539 2070 Bong.
1563 2040 1679 2062 omnes

978 2080 1077 2112 codd.
1103 2091 1204 2111 manu
1229 2086 1388 2112 exaratos
1419 2085 1455 2112 et
1486 2086 1570 2113 vett.
1598 2081 1677 2113 edd.

980 2131 1151 2169 Telegonus
1179 2130 1304 2161 habere
1332 2135 1489 2162 testetur.
1535 2132 1587 2162 Ex
1612 2141 1679 2173 quo

977 2180 1110 2212 bonitas
1127 2186 1161 2212 et
1179 2182 1376 2221 praestantia
1403 2182 1561 2213 editionis
1582 2182 1681 2215 Junt.

976 2231 1076 2264 facile
1100 2233 1228 2273 poterit
1256 2233 1427 2264 aestimari.
1469 2234 1576 2265 Graev.
1636 2234 1679 2265 In

977 2283 1061 2314 Mss.
1079 2283 1231 2314 omnibus
1255 2288 1342 2315 teste
1368 2284 1567 2324 Bongarsi0‚
1583 2285 1679 2316 item-

978 2343 1045 2373 que
1067 2333 1099 2363 in
1121 2333 1368 2374 antiquioribus
1386 2335 1475 2374 typis
1494 2336 1677 2375 expressis,

978 2387 1032 2414 est
1051 2384 1229 2422 Telegonus.
1275 2384 1353 2414 Sola
1378 2389 1475 2414 vetus
1498 2385 1597 2416 Junt.
1623 2384 1679 2417 ed.

979 2438 1068 2465 teste
1087 2434 1225 2465 Graevio
1251 2434 1354 2465 habet
1379 2435 1571 2473 Pelegonus:
1596 2445 1678 2476 quo-

977 2483 1077 2514 modo
1095 2484 1230 2523 legend.
1257 2494 1330 2515 esse
1358 2485 1489 2524 pridem
1507 2485 1678 2525 Leopard.

977 2540 1014 2566 et
1044 2536 1215 2575 Hartung.
1247 2540 1448 2566 monuerant
1470 2546 1513 2566 ex
1536 2536 1679 2567 Homeri

976 2587 1018 2617 Il.
1036 2595 1112 2617 XXI.
1136 2587 1231 2617 Malo
1248 2591 1360 2617 autem
1378 2587 1562 2625 Pelegonus,
1577 2597 1678 2628 quam

976 2636 1065 2677 quod
1104 2637 1335 2667 Berneccerus
1370 2636 1478 2667 edidit
1517 2637 1678 2676 Pelegon;

977 2687 1054 2728 quia
1085 2687 1178 2726 prior
1206 2687 1269 2717 ista
1301 2686 1391 2716 vocis
1422 2686 1616 2718 terminatio
1641 2687 1676 2718 in

978 2737 1130 2767 omnibus
1146 2736 1247 2767 codd.
1263 2741 1298 2767 et
1317 2736 1350 2766 in
1376 2736 1448 2775 ipsa
1469 2746 1602 2777 quoque
1619 2737 1676 2769 ed.

975 2787 1071 2819 Junt.
1087 2788 1265 2818 observata
1280 2792 1343 2817 est.
1373 2786 1445 2817 Vor.

1020 2838 1036 2877 ξ
1057 2839 1077 2867 6
1101 2837 1139 2866 In
1157 2837 1282 2876 Europa
1295 2844 1424 2874 regnum
1445 2835 1595 2875 Europus,
1609 2835 1678 2876 fin]

978 2886 1177 2917 Macedonis
1205 2886 1304 2923 filius,
1329 2897 1348 2916 a
1376 2895 1440 2926 quo
1472 2886 1481 2902 ‘
1500 2886 1676 2926 Europus’

978 2935 1202 2967 Macedonica
1233 2935 1324 2968 urbs.
1357 2935 1476 2976 steph.
1521 2936 1675 2975 Rongars.
