2101 3419
465 372 659 404 JUSTINI
693 372 787 402 mn.
819 372 994 404 xxxii.
1025 372 1133 402 cAr.
1163 361 1204 402 2.

130 471 272 511 usurpat
287 471 323 500 et
338 467 429 500 alibi.
455 466 503 498 Ut
520 474 561 497 ιι.
578 468 629 497 13.
646 468 678 497 2.
695 466 704 482 ‘
720 466 823 496 Fama

130 522 164 552 in
181 520 300 561 majus,
312 518 411 550 sicuti
425 527 495 549 mos
511 521 576 557 est,
589 517 700 548 omnia
714 518 823 548 extol-

129 570 223 602 lens!
267 570 381 609 Praep.
409 572 521 599 autem
545 567 579 597 in
605 567 745 598 abstulit
772 576 822 597 se-

129 629 236 662 quens
248 621 350 651 litera
363 628 394 649 m
408 619 442 649 in
459 627 540 648 voce
555 617 665 656 majus,
679 617 822 647 totidem

129 675 288 702 constans
300 669 407 706 lineis,
430 667 518 708 quod
535 672 570 698 et
583 667 662 698 alibi
678 667 747 707 jam
764 666 822 697 ob-

129 719 335 751 servavimus
349 727 423 749 esse
438 716 578 749 factum.
601 716 705 754 Schef.
742 716 822 747 Om-

128 768 207 800 nino
223 777 298 799 cum
313 768 409 800 Junt.
424 766 560 807 legend.
575 766 675 805 magis
690 766 752 797 des.
785 766 822 797 In

127 818 225 857 majus
241 817 352 857 augeri.
368 826 467 848 nemo
483 816 648 847 Veterum
667 816 768 856 dixit,
783 820 821 847 ut

127 869 136 885 ‘
152 868 186 899 in
200 868 307 908 majus
324 860 465 898 eirtollil
489 867 597 898 Graev.

169 920 187 959 ς
201 922 219 949 5
243 918 284 948 In
299 927 334 948 ea
347 917 553 957 Philopoemen
567 915 702 958 capitur]
719 917 821 947 Error

127 973 190 1001 est.
211 967 318 1000 Scrib.
334 967 374 998 In
387 977 430 998 eo.
468 967 588 1008 Neque
604 967 694 998 enim
715 966 748 997 in
764 966 822 996 illa

127 1017 281 1050 nascenti
303 1017 509 1048 dissensione
531 1022 652 1058 captus
675 1022 728 1048 est
742 1016 822 1048 Phi-

127 1069 305 1109 lopoemen,
321 1067 382 1098 sed
397 1068 430 1098 in
446 1067 546 1099 bello.
575 1067 733 1098 Ceterum
747 1066 822 1097 haec

127 1118 245 1158 verba,
273 1117 384 1148 nobilis
408 1117 593 1148 Achaeorum
614 1117 824 1157 Philopoemen

127 1171 303 1211 imperator,
320 1170 526 1211 transposita
547 1169 696 1208 fuerunt,
719 1176 753 1202 et
775 1170 824 1201 ita

128 1221 359 1262 disponenda:
399 1221 436 1252 ln
458 1229 492 1251 eo
512 1221 623 1251 nobilis
641 1220 825 1252 Achoeorum

127 1272 294 1312 imperator
307 1271 516 1310 Philopoemen
531 1270 664 1310 capitur.
699 1270 823 1302 Faber.

128 1321 183 1353 Sic
207 1321 399 1361 planissime
415 1320 512 1352 Junt.
529 1325 566 1351 ut
583 1320 694 1351 Faber
710 1320 823 1360 conje-

129 1376 236 1402 cerat.
260 1369 368 1401 Graev.

174 1420 426 1460 Philopoemenes]
447 1419 582 1450 Praeter
596 1419 670 1450 Liv.
687 1427 823 1450 xxxix.

128 1472 181 1500 49.
212 1473 247 1500 et
284 1469 376 1500 Plut.
405 1469 472 1509 leg.
504 1469 605 1499 Paus.
635 1468 823 1498 Arcadieis.

129 1520 287 1558 Bongars.
333 1518 473 1558 Optime
498 1518 580 1548 Mss.
602 1518 823 1557 Philopoemen,

129 1569 248 1610 quibus
264 1568 498 1600 adsentiuntur
510 1568 638 1600 Juntae.
669 1568 724 1599 Sic
736 1567 824 1598 enim

132 1619 270 1658 dicitur,
302 1627 369 1649 non
400 1618 652 1658 Philopoemeues,
679 1617 823 1649 Graecis.

134 1668 242 1699 Graev.

171 1716 296 1748 Nobilis
317 1715 499 1748 Achoeorum
514 1716 754 1756 Philopoemenes
767 1715 825 1746 im-

125 1766 266 1806 perator]
299 1766 407 1798 Codd.
439 1765 574 1807 quidam
615 1766 698 1796 Mss.
736 1769 826 1796 teste

130 1816 316 1856 Bongarsio
336 1816 406 1847 nob.
429 1815 511 1847 Ach.
535 1816 703 1856 imperator
718 1815 825 1846 Philo-

124 1875 253 1906 poemen.
292 1865 360 1896 Sed
381 1869 416 1897 et
430 1866 527 1898 Junt.
549 1865 755 1905 Philopoemen
770 1865 826 1896 ha-

130 1914 208 1945 het:
246 1915 348 1955 idque
375 1915 498 1946 rectius
533 1914 680 1946 videtur.
722 1915 824 1945 Vorst.

131 1963 215 1994 Mss.
240 1964 349 2004 Bong.
374 1968 410 1994 et
436 1964 642 2004 Philopoemen
670 1963 824 1994 scribunt

129 2025 190 2056 pro
209 2015 457 2056 Philopcemenes,
481 2020 517 2046 et
538 2015 683 2055 trajecte
699 2015 825 2046 habent

128 2065 295 2105 imperator
324 2065 541 2105 Philopoemen.
596 2066 641 2096 Et
667 2063 824 2104 profecto

129 2115 179 2146 ita
204 2116 351 2156 postulat
387 2117 472 2146 ratio
505 2115 667 2146 sermonis
699 2114 823 2146 Latini.

131 2166 228 2198 Facit
251 2170 363 2197 tamen
389 2166 461 2206 ipsa
484 2165 555 2196 haec
576 2165 770 2203 diversitas,
787 2168 825 2196 ut

131 2219 246 2255 putem
269 2225 390 2246 nomen
413 2216 620 2255 Philopoemen
641 2218 699 2245 aut
714 2214 824 2245 Philo-

127 2275 277 2306 poemenes
290 2275 354 2296 non
365 2265 492 2297 Justini
506 2275 592 2306 esse,
605 2274 722 2296 verum
737 2265 825 2304 glos-

131 2316 262 2347 satoris.
287 2315 389 2353 Schef.

175 2366 192 2405 §
206 2368 227 2396 6
250 2365 311 2396 Seu
325 2368 407 2396 metu
423 2366 562 2404 virtutis,
579 2366 626 2396 vel
644 2363 825 2395 verecundia

133 2415 318 2455 dignitatis]
353 2416 450 2448 Junt.
475 2425 526 2446 seu
546 2425 588 2446 m.
616 2425 645 2446 υ.
668 2424 721 2445 seu
743 2424 772 2444 v.
795 2415 826 2444 d.

133 2466 217 2497 Mox
233 2465 290 2497 iid.
306 2466 415 2506 Itaque
429 2466 505 2507 laeti,
517 2467 598 2496 velut
612 2465 646 2496 in
659 2465 722 2496 illo.
743 2463 826 2494 Laeti

132 2515 236 2554 vulgo
254 2514 477 2547 desideratur.
503 2516 610 2546 Groev.
648 2514 744 2546 Junt.
762 2522 825 2553 pro

132 2564 180 2594 vel
207 2563 310 2595 habet
336 2574 410 2596 seu.-
442 2564 477 2595 id
508 2564 596 2605 quod
628 2562 825 2594 concinnius

132 2623 246 2644 rursus
260 2614 405 2646 videtur.
433 2615 533 2646 Vorst.
567 2615 664 2647 Junt.
685 2623 739 2644 seu.
761 2622 826 2644 ver.

135 2663 222 2703 quod
234 2673 253 2694 a
268 2664 377 2696 doctis
393 2665 566 2704 probatur.
596 2662 699 2701 Sches.

183 2713 365 2745 Verecundia
375 2715 554 2755 dignitatis]
570 2715 647 2746 Vid.
659 2718 771 2745 notam
784 2712 828 2743 ad

139 2770 214 2793 xiv.
230 2765 262 2793 6.
279 2766 328 2794 10.
355 2765 453 2796 Bern.

182 2812 199 2851 ξ
216 2814 235 2842 7
264 2812 352 2844 Velut
373 2814 408 2845 in
433 2814 487 2845 illo
507 2822 594 2844 omne
615 2813 735 2851 bellum,
759 2811 828 2852 ζα]

136 2861 281 2893 ‘rantum
303 2863 408 2895 instar
434 2875 481 2896 sc.
511 2870 565 2896 est
589 2865 624 2896 in
654 2874 719 2895 uno
747 2864 830 2895 belli

140 2910 237 2942 duce.
274 2912 345 2944 Cic.
374 2923 433 2954 pro
459 2915 495 2946 t..
521 2916 678 2947 Muraena
707 2917 759 2947 16.
787 2914 829 2945 de

1486 358 1571 401 963

874 464 1098 496 Mithridate:
1123 465 1132 482 ‘
1146 463 1225 505 Ipse
1248 462 1445 504 Pompeius,
1464 471 1570 504 regno

873 516 947 556 ejus
972 526 1139 556 possesso,
1153 521 1265 547 tamen
1278 520 1407 546 tantum
1423 515 1456 545 in
1472 515 1569 545 unius

873 566 981 597 anima
996 566 1118 606 posuit,
1131 571 1181 606 ut,
1195 576 1270 597 cum
1286 566 1408 603 omnia,
1422 575 1497 606 quae
1513 565 1569 595 ille

873 622 1041 655 tenuerat,
1064 617 1207 648 victoria
1231 617 1435 657 possideret,
1457 621 1570 648 tamen

871 676 938 697 non
962 671 1056 704 ante,
1079 676 1176 706 quam
1204 666 1299 696 illum
1326 666 1398 697 vita
1427 666 1572 705 expulit,

872 716 1000 748 bellum
1013 715 1401 756 confectumjudicarit.'
1422 716 1505 746 Tac.
1522 724 1570 746 ιν,

871 769 924 797 25.
946 767 955 783 ‘
973 764 1142 797 Differtur
1158 775 1220 806 per
1233 766 1435 806 manipulos,
1454 764 1572 796 Tacfa-

871 817 1014 847 rinatem
1025 825 1140 846 omnes
1151 821 1266 846 notum
1283 819 1335 846 tot
1352 815 1480 855 praeliis
1493 824 1571 846 con-

872 870 1105 904 sectarentur;
1141 874 1221 903 non,
1246 865 1310 895 nisi
1344 864 1429 896 duce
1467 864 1571 895 inter-

870 916 974 956 fecto,
991 916 1142 957 requiem
1161 916 1241 947 belli
1264 915 1358 946 fore!
1403 916 1478 949 Quo
1498 915 1571 955 ipso

871 970 1067 1008 argumento
1086 965 1285 997 Plutarchus
1302 966 1337 996 in
1358 965 1501 997 Flamin.
1516 968 1570 996 38.

871 1017 1152 1058 qualitercunque
1176 1016 1343 1046 Romanos
1358 1013 1572 1049 Annibalem,

872 1067 1023 1109 quamvis
1049 1066 1263 1106 decrepitum
1291 1070 1328 1097 et
1357 1066 1503 1105 exulem,
1529 1065 1572 1096 ad

871 1121 1014 1148 mortem
1030 1126 1135 1157 usque
1158 1120 1401 1157 persequentes
1420 1120 1571 1146 excusat.

872 1166 962 1198 Add.
981 1166 1056 1198 Liv.
1081 1175 1164 1197 xcv.
1185 1170 1216 1197 7.
1242 1169 1273 1197 1.
1296 1166 1387 1198 Flor.
1404 1174 1453 1197 ιν.
1469 1169 1501 1197 2.
1517 1169 1571 1197 29.

874 1218 970 1249 Curt.
986 1226 1020 1248 v.
1035 1220 1089 1248 13.
1105 1220 1137 1248 4.
1161 1217 1259 1248 Idem.

916 1269 969 1308 §8
993 1267 1102 1306 Quem,
1125 1267 1195 1307 ssa]
1225 1267 1386 1298 Vincent.
1412 1266 1421 1283 ‘
1437 1266 1480 1298 Q.
1494 1264 1572 1306 capi

873 1323 945 1360 pot.
962 1318 1030 1349 inc.
1048 1317 1128 1348 vid.’

916 1370 976 1409 §9
1006 1369 1046 1399 In
1075 1378 1156 1400 carc,
1181 1368 1289 1409 ducto]
1317 1367 1415 1400 Junt.
1443 1367 1572 1398 educto.-

872 1419 940 1460 leg.
955 1420 1092 1451 deducto.
1119 1420 1232 1451 Graev.

915 1469 1085 1509 Isygortas]
1097 1469 1181 1500 Mss.
1194 1469 1359 1509 Dygorz'as,
1370 1468 1461 1500 facili
1474 1469 1573 1508 lapsu

873 1519 885 1549 i
907 1528 966 1559 pro
993 1523 1018 1550 t.
1053 1518 1168 1550 Graeci
1186 1517 1350 1559 Λυκόρτας.
1375 1520 1480 1558 Bong.
1525 1519 1573 1549 Et

873 1569 928 1600 hic
950 1569 1046 1601 Junt.
1073 1569 1199 1600 rectius
1221 1568 1382 1609 Lycortas.
1420 1567 1574 1608 Λυκόρτας

875 1618 1018 1650 Graecis.
1047 1619 1154 1651 Groev.
1208 1620 1357 1660 Isycortas
1386 1624 1486 1659 pater
1507 1618 1574 1649 fuit

875 1669 1021 1710 Polybii‚
1053 1669 1238 1710 Scriptoris
1271 1669 1479 1708 nobilissimi,
1513 1669 1572 1709 qui

874 1719 946 1750 veri
973 1719 1085 1751 studio
1122 1720 1231 1761 ipsum
1267 1724 1399 1760 patrem
1425 1719 1572 1751 notavit.

880 1769 983 1801 Vorst.

918 1820 935 1859 ς
952 1821 993 1850 10
1013 1819 1182 1859 Paenasque
1195 1818 1353 1858 interfecti
1368 1819 1572 1860 Philopoeme-

873 1868 923 1899 nis
942 1868 1163 1908 pependerunt]
1199 1868 1412 1908 Quicumque
1437 1873 1572 1899 autores

873 1915 1014 1949 fuerunt
1036 1917 1264 1948 interficiendi
1294 1917 1572 1957 Philopoemenis,

874 1967 938 2007 ipsi
967 1967 1031 1998 sibi
1060 1967 1149 1998 ultro
1182 1971 1327 1998 mortem
1363 1967 1571 1998 conscivere.

874 2018 967 2049 Plut.
989 2019 1088 2049 Rem.

917 2068 1005 2099 CAP.
1021 2077 1063 2099 11.
1088 2069 1105 2108 ξ
1122 2071 1138 2099 1
1159 2068 1235 2098 Cam
1249 2067 1342 2107 gravi
1357 2067 1474 2098 tributo
1486 2067 1573 2107 pacis

873 2127 892 2148 a
906 2117 1054 2148 Romanis
1064 2117 1164 2148 vietus
1173 2121 1375 2157 oneratusque
1386 2116 1479 2156 esset]
1495 2116 1572 2147 Hoc

873 2168 954 2199 nihil
972 2172 1037 2207 est,
1051 2168 1146 2207 gravi
1160 2167 1278 2199 tributo
1295 2167 1379 2208 pacis
1393 2167 1492 2198 victus
1506 2176 1573 2198 one-

872 2222 1030 2259 ratusque.
1056 2220 1136 2259 Leg.
1153 2223 1187 2249 et
1199 2218 1247 2249 ita
1261 2219 1444 2258 distingue:
1461 2229 1487 2249 c.
1499 2228 1533 2257 g.
1548 2221 1572 2248 t.

871 2268 968 2309 pacis,
983 2278 1003 2298 a
1018 2269 1060 2299 R.
1076 2269 1188 2308 victus,
1208 2271 1350 2299 oneratas
1369 2271 1458 2299 esset.
1503 2268 1571 2303 Res

874 2322 928 2348 est
943 2322 978 2348 et
999 2317 1101 2356 plana
1126 2322 1162 2348 et
1188 2322 1294 2348 certa.
1318 2317 1430 2348 Faber.
1472 2317 1481 2333 ⁴
1498 2317 1572 2347 Tri-

873 2367 991 2398 butum
1007 2366 1119 2407 pacis'
1147 2372 1199 2398 est
1220 2367 1267 2407 id,
1292 2367 1354 2398 sub
1379 2367 1475 2407 cujus
1497 2376 1573 2406 pro-

873 2416 1031 2447 missione
1058 2416 1244 2447 Antiochus
1269 2426 1388 2457 pacem
1415 2416 1571 2447 obtinuit.

874 2466 941 2497 Pro
955 2465 1055 2496 victus
1080 2465 1212 2504 legend.
1240 2465 1264 2497 f.
1287 2467 1419 2497 vinctus.
1465 2466 1509 2497 Et
1525 2465 1574 2496 vi-

874 2515 998 2546 dentur
1012 2515 1086 2545 baec
1106 2515 1150 2545 de
1165 2514 1335 2546 Antiocho
1351 2516 1491 2556 Magno,
1505 2524 1573 2546 non

875 2564 918 2595 de
933 2564 1103 2596 Antiocho
1128 2565 1319 2604 Epiphane,
1341 2564 1572 2605 intelligenda.

875 2614 976 2647 Quod
1002 2614 1029 2644 si
1057 2614 1106 2645 ita
1128 2614 1184 2651 sit,
1206 2623 1272 2644 non
1298 2614 1331 2644 ei
1356 2614 1575 2652 conveniunt,

876 2674 952 2706 quae
966 2664 1007 2694 de
1023 2664 1151 2704 templo
1164 2663 1259 2696 Jovis
1275 2664 1418 2704 Elymaei
1439 2668 1573 2695 tentato

875 2713 1016 2755 ipsoque
1043 2722 1124 2754 rege
1152 2712 1335 2744 interfecto
1365 2717 1572 2754 sequuntur:

876 2763 950 2794 haec
977 2762 1066 2794 enim
1095 2761 1263 2794 Antiocho
1291 2761 1462 2803 Epiphani
1483 2771 1573 2793 com-

876 2817 1011 2855 petunt.
1034 2813 1136 2844 Vorst.
1159 2812 1282 2843 Mallet
1296 2812 1417 2843 vinctus
1426 2812 1478 2842 vir
1493 2811 1574 2842 doc-

877 2868 942 2895 tus.
985 2864 1058 2904 Ego
1087 2871 1222 2904 quoque
1248 2862 1348 2892 victus
1367 2861 1482 2892 tributo
1505 2870 1571 2891 non

877 2911 1040 2953 intelligo.
1094 2911 1161 2944 Sed
1187 2915 1270 2951 puto
1295 2910 1400 2943 verba
1424 2911 1496 2942 haec
1524 2910 1572 2941 sie
