2174 3424
529 345 614 386 704

528 447 620 490 cepit
638 448 736 480 Oros.
759 448 818 481 lib.
835 458 859 480 1.
876 448 934 480 fin.
971 453 980 467 ¹
995 448 1220 481 Athenienses

528 498 662 539 autem,'
686 499 808 540 inquit,
837 499 959 530 ‘missa
981 499 1014 530 in
1040 500 1219 540 AEgyptum

527 558 631 588 parva
661 548 789 580 classe?
846 547 978 580 Auctor
1010 553 1124 580 noster
1154 559 1222 581 non

525 600 534 616 ‘
549 609 687 639 parvam
700 598 863 638 classem,'
877 599 934 630 sed
958 600 966 615 ‘
978 609 1097 639 parvas
1111 599 1221 639 vires,'

525 648 609 679 dicit
618 648 881 680 Atheniensibus
890 648 1220 688 fuisse,missaclasse

526 701 600 730 200.
618 699 750 729 navium
764 699 797 730 in
809 699 1004 740 AEgyptum.
1027 699 1181 740 Thucyd.
1194 709 1218 730 1.

527 751 577 779 18.
594 752 645 780 16.
669 750 824 788 Bongars.
861 750 902 780 In
920 750 1078 780 auxilium
1095 750 1220 789 AEgyp-

524 797 661 837 tiorum,
673 799 728 839 qui
739 804 868 830 mortuo
879 800 995 830 Xerxe
1006 809 1023 830 a
1034 799 1149 830 Persis
1163 799 1219 829 de-

524 846 693 888 fecerant,
710 859 893 890 regemque
910 849 972 880 sibi
989 850 1126 880 Inarum
1142 858 1220 880 con-

524 899 719 939 stituerant,
748 900 917 940 ingentem
945 900 1085 930 classem
1113 898 1219 930 Athe-

522 949 656 979 nienses
680 954 760 980 tunc
783 950 958 989 miserant,
981 954 1019 980 ut
1046 959 1088 980 ex
1113 948 1217 980 Diod.

523 1007 574 1030 xi.
591 1002 644 1029 71.
663 1004 818 1039 apparet.
857 1000 954 1031 Vorst.
989 1000 1030 1030 In
1047 1000 1128 1030 Mss.
1150 999 1220 1039 ple-

522 1049 632 1090 risque
661 1058 722 1089 pro
751 1052 838 1080 erant
868 1049 994 1089 legitur
1021 1049 1215 1079 addiderant.

521 1099 589 1129 Vix
619 1102 672 1129 est
694 1098 830 1129 dubium
858 1098 949 1137 mihi,
973 1098 1053 1139 quin
1085 1098 1216 1128 divisim

521 1148 695 1188 scripserit
708 1148 797 1180 Just.
819 1148 899 1179 vires
921 1148 1155 1179 Atheniensium
1176 1149 1217 1178 ad

520 1198 554 1229 id
589 1202 689 1238 erant,
721 1203 755 1230 et
790 1199 1001 1230 intellexerit
1033 1198 1075 1229 de
1114 1198 1214 1229 bello.

520 1248 618 1279 Vires
629 1253 727 1279 erant
743 1258 854 1288 parvae
869 1247 911 1279 ad
925 1248 956 1278 id
976 1248 1099 1278 bellum
1117 1248 1216 1279 susti-

520 1297 678 1328 nendum.
702 1299 853 1338 Optime.
889 1297 994 1335 Schef.

564 1349 580 1387 §
604 1350 622 1378 7
649 1347 778 1387 Classis]
802 1347 959 1386 Sebisius,
972 1349 1074 1379 classe.
1110 1348 1214 1378 Bern.

563 1399 580 1438 ξ
606 1401 644 1428 10
671 1398 749 1428 Cum
776 1398 924 1428 Thebanis
947 1398 1155 1437 paciscuntur,
1180 1400 1215 1426 ut

519 1447 714 1478 Boeotiorum
743 1447 914 1487 imperium,
947 1447 1017 1487 85e.]
1062 1447 1213 1478 Sebisius

519 1496 607 1528 hunc
625 1497 645 1527 l.
664 1497 711 1527 ita
730 1502 847 1527 censet
864 1496 1065 1528 restituend.
1083 1500 1115 1527 ut
1133 1497 1176 1527 B.
1193 1497 1214 1527 ι’.

516 1548 549 1578 1ιί
566 1547 775 1585 restituerent,
792 1548 868 1587 quod
889 1546 1073 1586 temporibus
1096 1547 1215 1577 Persici

518 1597 589 1629 belli
611 1597 797 1628 amiserant:
819 1597 867 1627 illi
892 1597 1138 1635 Atheniensium,
1159 1599 1211 1636 ἐξέ-

517 1648 661 1677 Bernec.
695 1647 723 1677 Ι.
741 1656 771 1677 e.
790 1647 1006 1687 paciscuntur
1022 1652 1123 1687 atque
1138 1657 1213 1687 pro-

516 1697 670 1734 mittunt,
684 1696 860 1736 imperium
871 1696 902 1725 in
918 1696 1068 1726 Boeotios
1081 1706 1116 1726 se
1129 1697 1212 1727 The-

517 1747 611 1778 banis
628 1747 856 1777 restituturos.
902 1746 1015 1787 Atque
1033 1746 1083 1777 ita
1100 1757 1212 1777 einen-

516 1797 652 1828 datione
661 1797 796 1837 Sebisii,
808 1807 904 1838 quam
918 1798 1080 1828 Bernecc.
1094 1796 1211 1836 refert,

515 1848 595 1878 nihil
613 1852 666 1878 est
682 1857 776 1887 opus.
812 1848 867 1878 Sic
884 1846 941 1878 inf.
958 1856 990 1877 v.
1007 1850 1036 1878 3.
1054 1849 1084 1878 3.
1106 1849 1114 1863 ‘
1130 1848 1211 1887 Spe·

514 1906 590 1927 rans
608 1901 645 1927 ut
662 1897 727 1926 (lux
747 1897 823 1926 belli
841 1897 882 1927 ab
906 1896 1058 1927 omnibus
1082 1896 1209 1936 legere-

515 1946 594 1985 tur,'
619 1956 693 1986 pro,
718 1955 752 1977 se
777 1946 895 1976 ducem
921 1946 999 1977 belli
1017 1946 1140 1977 lectum
1156 1947 1207 1978 iri.

514 1997 559 2028 Et
577 2005 627 2027 ιΧ.
642 2000 671 2027 2.
685 1999 735 2026 12.
760 1997 768 2013 ‘
784 1996 972 2026 l'ollicctur
989 2001 1022 2025 ut
1041 1996 1208 2035 ponatur‚’

514 2056 588 2086 pro,
607 2047 751 2086 positum
767 2046 818 2076 iri.
865 2046 909 2075 Et
924 2054 975 2075 xl.
992 2048 1022 2077 3.
1040 2049 1089 2076 ll.
1114 2047 1122 2062 ‘
1138 2045 1208 2077 Ob-

511 2097 717 2126 strinxerant
730 2105 764 2125 se
775 2095 1010 2135 jurejurando,
1023 2100 1059 2125 nt
1073 2095 1208 2126 Thebas

513 2145 710 2182 diruerent‚'
737 2154 809 2184 pro,
827 2154 861 2175 se
877 2144 1007 2175 Thebas
1024 2145 1205 2176 diruturos.

514 2196 559 2226 Et
576 2204 654 2226 xxi.
672 2198 702 2225 3.
719 2198 750 2225 2.
781 2195 790 2210 ‘
806 2195 993 2233 Voverant,
1011 2199 1046 2225 ut
1063 2195 1207 2234 virgines

512 2255 589 2276 suas
607 2242 873 2284 prostitue1·ent,’
898 2253 969 2284 pro,
993 2253 1028 2274 se
1051 2245 1207 2284 prostitu-

511 2299 614 2325 turos.
654 2294 756 2325 Vorst.

554 2345 571 2384 ξ
596 2346 635 2373 12
659 2343 808 2373 Periclem
819 2343 869 2381 δςο.
882 2345 910 2373 et
921 2342 1113 2383 Sophoclem]
1134 2344 1208 2375 Me-

510 2393 606 2424 minit
625 2392 695 2423 Cic.
715 2391 785 2422 Off.
811 2401 835 2422 1.
853 2395 905 2423 40.
922 2392 978 2433 qui
1002 2394 1010 2409 ‘
1023 2392 1205 2425 Praetores'

510 2447 608 2475 vocat
623 2440 825 2482 στρατηγούς.
857 2443 961 2481 Bong.

545 2496 706 2526 Cmavn.
732 2497 747 2535 ς
764 2498 777 2525 l
797 2494 1092 2534 lnannostriginta]
1106 2495 1204 2528 Paus.

508 2545 632 2576 Eliacis
647 2543 827 2584 prioribuS.
854 2544 928 2574 Vid.
944 2549 978 2574 et
993 2555 1082 2584 supr.
1098 2549 1203 2576 notas.

509 2595 664 2633 Bongars.
695 2593 849 2634 Tbucyd.
868 2603 892 2625 1.
909 2597 957 2625 19.
974 2598 1005 2625 5.
1024 2599 1059 2625 et
1074 2604 1111 2626 11.
1128 2598 1157 2626 l.
1172 2598 1202 2626 2.

508 2644 606 2675 Rern.

551 2695 567 2734 ᾧ
592 2698 610 2724 2
629 2694 736 2734 Itaque
749 2694 854 2734 quinto
869 2695 983 2726 decimo
995 2695 1088 2735 anno]
1112 2695 1202 2726 Mira

505 2744 559 2774 hic
572 2745 776 2783 scriptorum
789 2745 887 2776 codd.
901 2746 1058 2776 varietas.
1086 2744 1202 2786 Aliqui

507 2797 596 2825 extra
611 2795 765 2825 duodecim
780 2806 886 2834 annos,
908 2796 977 2833 alii,
994 2805 1075 2836 quos
1092 2796 1200 2826 secuti

508 2849 582 2874 sunt
601 2845 750 2884 impressi
772 2847 917 2886 quidam,
937 2846 1020 2876 intra
1045 2847 1096 2876 vel
1119 2846 1202 2876 inter

506 2893 676 2932 qaindecim
691 2905 796 2926 annos.
841 2896 965 2926 Caussa
991 2896 1063 2926 sine
1086 2895 1201 2935 dubio,

506 2942 584 2983 quia
610 2953 767 2975 numerus
795 2944 945 2986 signatus
972 2944 1036 2976 fuit
1064 2945 1201 2986 litteris,

981 356 1122 388 NOTAE
1157 357 1419 388 VARIORUM
1452 358 1503 388 IN

1271 459 1334 481 nee
1344 460 1520 491 expressus
1529 451 1670 491 integris
1678 450 1857 482 vocabulis.
1874 449 1965 481 Hinc

1273 501 1329 531 alii
1344 512 1433 540 anno,
1448 502 1503 532 alii
1520 512 1624 541 annos,
1639 500 1764 540 fecere,
1786 505 1887 541 prout
1909 510 1965 531 eas

1270 552 1402 583 litteras
1420 552 1605 582 numerales
1621 551 1850 592 explicabant.
1895 551 1965 589 Ego

1271 602 1422 641 suspicor
1445 601 1618 641 scripsisse
1640 602 1728 633 Just.
1745 602 1853 640 Itaque
1880 601 1966 630 intra

1271 652 1408 691 quintum
1422 651 1571 681 decimum
1593 661 1706 681 annum
1726 653 1816 690 rupto
1834 649 1965 686 soedere.

1270 701 1465 741 Eleganter,
1482 701 1574 741 quasi
1599 701 1747 731 diceret:
1774 700 1850 730 Non
1876 698 1965 739 passi

1269 755 1347 781 sunt
1359 753 1408 781 15.
1420 754 1575 790 annos,et
1586 750 1631 780 sic
1645 754 1778 789 tempus
1791 748 1965 779 dimidium

1269 800 1491 838 induciarum,
1507 799 1694 840 praeterire.
1716 797 1831 838 Scheffi
1866 798 1966 828 Hanc

1270 851 1540 882 emendationem
1557 850 1653 881 valde
1678 849 1783 889 probo
1799 853 1834 879 et
1849 847 1963 886 laudo,

1270 910 1290 930 a
1314 910 1380 941 qua
1405 910 1470 931 non
1500 901 1597 940 longe
1622 899 1694 930 abit
1717 899 1814 931 Junt.
1842 898 1875 928 in
1898 907 1964 939 qua

1266 951 1442 982 scribitur:
1467 951 1576 990 Itaque
1592 950 1676 980 intra
1692 957 1752 980 xv.
1767 957 1871 979 annos.
1899 948 1963 979 Gr.

1312 1002 1328 1042 ξ
1349 1003 1369 1031 4
1395 1001 1527 1031 Consilio
1543 999 1692 1038 Periclis]
1719 999 1786 1030 Ms.
1803 997 1904 1028 ethic
1926 1001 1963 1028 et

1267 1051 1368 1092 paulo
1384 1057 1460 1091 post
1475 1051 1603 1089 Pericli,
1623 1054 1662 1081 ut
1681 1048 1830 1089 superius
1853 1048 1862 1065 ‘
1877 1048 1963 1079 Can-

1267 1100 1355 1131 dauli
1368 1104 1385 1139 3¹
1401 1110 1455 1141 ap.
1473 1101 1564 1140 Nep.
1586 1102 1595 1117 ‘
1611 1099 1731 1130 Neocli
1741 1097 1762 1136 ;’
1779 1101 1814 1128 et
1831 1096 1963 1127 infinita

1267 1150 1360 1189 talia,
1376 1160 1450 1191 quae
1468 1149 1598 1190 pridem
1614 1149 1707 1180 docti
1731 1147 1792 1178 viri
1815 1147 1961 1187 college-

1266 1206 1356 1231 runt.
1391 1200 1496 1231 (ἰν-(ευ.
1533 1200 1628 1230 Unus
1657 1198 1740 1230 Cod.
1768 1199 1834 1229 Ms-
1861 1207 1960 1238 quem

1266 1250 1374 1290 Bong.
1389 1249 1486 1288 vidit,
1499 1254 1534 1280 et
1547 1248 1599 1279 hic
1613 1253 1647 1279 et
1661 1248 1760 1288 paulo
1772 1247 1961 1288 posthabet

1267 1299 1394 1330 Pericli.
1427 1299 1524 1331 Quod
1539 1299 1706 1339 geminum
1719 1302 1810 1329 esset
1825 1297 1855 1328 ei
1871 1297 1959 1338 quod

1265 1358 1355 1389 supr.
1386 1358 1410 1379 1.
1437 1352 1467 1380 7.
1501 1349 1627 1389 legitur
1663 1350 1672 1366 ‘
1690 1348 1848 1378 Fortunae
1874 1348 1961 1379 Can-

1266 1398 1381 1438 dauli,'
1405 1400 1414 1416 ‘
1427 1399 1546 1430 Caedes
1561 1398 1745 1430 Candauli.’
1773 1399 1875 1430 Vorst.

1308 1448 1422 1488 Ducis]
1449 1449 1556 1480 Sebis.
1582 1449 1677 1480 ducti.
1721 1449 1794 1488 Ego
1822 1458 1958 1488 prorsus

1264 1508 1493 1538 expungerent
1521 1503 1557 1530 ut
1578 1498 1780 1538 iri-eptitiam
1805 1498 1959 1538 glossam.

1265 1548 1495 1579 Freinshemio
1510 1549 1590 1579 lect.
1609 1549 1721 1587 placet
1739 1548 1827 1587 vulg.
1860 1548 1958 1579 Rern.

1312 1598 1540 1638 Supervacuam
1567 1608 1700 1639 pugnam
1729 1596 1958 1638 existimantes]

1264 1648 1303 1678 In
1322 1648 1386 1679 Ms.
1409 1648 1533 1688 legitur
1555 1648 1742 1679 <estimantes
1763 1657 1825 1687 pro
1849 1647 1958 1678 existi-

1262 1701 1390 1736 mantes,
1405 1697 1492 1738 quod
1509 1696 1531 1728 f.
1553 1707 1619 1727 non
1642 1695 1791 1727 debebat
1807 1701 1956 1726 contem-

1262 1750 1306 1787 ni,
1321 1749 1476 1788 quoniam
1497 1748 1529 1778 h.
1555 1757 1655 1778 sensu
1679 1746 1782 1777 verbo
1803 1746 1958 1776 oestimare

1261 1802 1401 1828 utuntur
1424 1797 1541 1838 optimi
1556 1797 1668 1828 ‘etiam
1692 1801 1728 1827 et
1751 1795 1957 1827 Latinissimi

1261 1849 1456 1889 scriptores.
1480 1848 1614 1879 Phaedr.
1629 1853 1742 1879 noster
1754 1850 1851 1878 111.8.
1879 1848 1888 1864 ‘
1901 1846 1956 1877 Ri-

1260 1900 1372 1930 dicule
1396 1899 1499 1939 magis
1523 1900 1584 1930 hoc
1609 1899 1736 1930 dictum
1760 1907 1858 1938 quam
1876 1906 1954 1928 vere

1260 1948 1411 1980 aestimoss
1456 1950 1532 1980 Quo
1549 1949 1570 1978 l.
1589 1948 1655 1978 vid.
1680 1957 1754 1988 quae
1777 1957 1796 1977 a
1810 1956 1862 1977 me
1878 1955 1956 1986 pro·

1258 1998 1358 2028 lixins
1371 2003 1533 2029 annotata
1547 2003 1624 2029 sunt
1641 1998 1683 2028 de
1696 1998 1726 2028 h.
1743 1996 1866 2028 verbo:
1885 1996 1953 2027 vid.

1259 2046 1316 2078 int'.
1332 2056 1363 2079 x.
1381 2051 1410 2078 2.
1434 2047 1540 2084 Schef.

1302 2101 1319 2127 5
1345 2098 1451 2127 Totam
1478 2097 1640 2137 Spartam]
1670 2096 1797 2128 Urbem
1828 2096 1954 2137 ipsam?

1258 2147 1324 2178 vix
1341 2147 1433 2177 credi
1450 2152 1562 2188 queat.
1609 2148 1691 2187 Opt.
1709 2147 1735 2177 si
1752 2147 1830 2188 quid
1846 2146 1954 2184 video,

1257 2197 1362 2228 Sebis.
1378 2198 1547 2235 emendat,
1561 2207 1644 2228 oram
1661 2197 1868 2236 Spartanam:
1889 2205 1953 2226 nec

1258 2247 1347 2278 aliud
1372 2247 1476 2278 habet
1500 2247 1648 2288 Thucyd.
1666 2256 1704 2278 11.
1723 2249 1756 2277 7.
1779 2249 1807 2277 l.
1846 2245 1952 2276 Simili

1258 2302 1500 2337 strategemate
1526 2298 1619 2328 Nero
1636 2297 1713 2327 Cos.
1739 2295 1952 2334 Annibalem,

1258 2353 1293 2378 et
1309 2348 1514 2387 Agathocles
1530 2348 1654 2378 l'oenos
1671 2347 1853 2386 Syracusas
1868 2345 1953 2376 obsi-

1257 2397 1387 2437 dentes,
1417 2398 1528 2428 elusit.
1583 2396 1655 2427 Liv.
1685 2404 1803 2426 xxvn.
1832 2397 1885 2426 115.
1915 2398 1951 2425 et

1258 2455 1390 2477 xxviii.
1406 2449 1458 2477 43.
1476 2450 1525 2478 16.
1563 2447 1688 2477 Noster
1713 2454 1805 2477 xxn.
1828 2447 1859 2475 4.
1885 2446 1951 2475 &c.

1255 2497 1388 2527 Bernec.
1434 2496 1551 2536 Sparta
1576 2496 1628 2527 hic
1651 2495 1873 2536 intelligenda
1897 2499 1949 2526 est

1254 2547 1347 2586 regio
1372 2546 1528 2586 Spartam
1551 2546 1805 2585 circumjacens,
1829 2549 1864 2576 ut
1882 2553 1949 2576 ΧΠ.

1253 2600 1282 2628 2.
1304 2597 1313 2613 ‘
1328 2596 1456 2636 Troja,’
1479 2606 1538 2637 pro
1559 2606 1639 2636 agro
1655 2595 1817 2635 Trojano.
1864 2594 1949 2625 Haec

1253 2646 1339 2677 ratio
1370 2646 1526 2687 loquendi
1556 2646 1661 2676 etiam
1693 2643 1949 2685 elegantissimis

1253 2697 1392 2736 placuit,
1410 2697 1496 2727 inter
1510 2705 1591 2737 quos
1607 2696 1745 2726 Homer.
1762 2695 1803 2725 Il.
1817 2703 1857 2725 Π.
1870 2696 1944 2725 711.

1252 2746 1325 2786 ipso
1355 2746 1534 2776 Eustathio
1564 2745 1691 2776 indice:
1735 2743 1824 2783 Φεραὶ
1859 2742 1947 2774 πόλις

1252 2794 1515 2832 Πελοποννησίων,
1545 2793 1588 2824 ἔτι
1617 2793 1649 2824 δὲ
1683 2793 1734 2824 καὶ
1762 2792 1857 2833 χώρα.
1900 2793 1946 2823 Et

1251 2845 1361 2875 Scliol.
1387 2845 1428 2875 ad
1461 2844 1558 2875 Pind.
1587 2844 1726 2884 Olymp.
1753 2851 1806 2874 ιιι.
1834 2852 1867 2882 p.
1893 2844 1946 2872 75.

1250 2894 1310 2932 Τὴν
1322 2894 1397 2932 ὅλην
1409 2894 1552 2931 Ἀττικὴν
1563 2893 1690 2930 Ἀθήνας
1703 2891 1794 2923 εἶπεν.
1830 2890 1944 2923 Strab-

1251 2954 1331 2977 vul.
1347 2955 1382 2985 p.
1395 2947 1469 2977 358.
1496 2944 1654 2975 Ἐκαλεῖτο
1670 2941 1721 2974 καὶ
1734 2941 1754 2980 ἡ
1768 2941 1852 2981 χώρα
1862 2945 1944 2972 Μεσ.
