2101 3419
440 349 525 391 896

443 453 562 484 ultimo
587 452 716 484 dimisit
739 451 906 494 alloquio!
944 451 1136 483 Novissima

442 504 495 535 ed.
510 504 638 543 dimisit,
653 504 751 534 male.

486 554 504 593 ἦ
522 556 561 584 12
579 553 809 594 Οὺεεναιίεῳιε,
824 552 893 593 εγω]
922 552 1022 584 Oros.
1038 553 1136 583 Frec.

442 608 545 644 atque
560 604 719 635 Vincent.
756 606 765 621 ‘
784 603 835 635 Ac
859 603 981 634 deinde
1002 602 1138 644 (demum

442 652 560 695 Viuc.)
588 653 901 694 obseratIsjanuis,
926 652 1138 693 exclusisque

892 358 1032 388 NOTAE
1066 357 1327 387 VARIORUM
1364 357 1411 386 lN

1189 451 1289 482 etiam
1311 450 1402 491 filiis,
1418 449 1529 491 gladio
1544 449 1694 481 dolorem
1710 448 1883 490 vitamque

1187 500 1320 532 finivit.’

1232 552 1368 582 Mortem
1383 551 1443 582 sibi
1457 549 1620 589 conscivit]
1645 549 1775 580 Ἑαυτοῦ
1789 560 1884 580 κατα·

1188 600 1279 640 ’γνοὺς
1290 600 1429 642 θάνατον,
1441 600 1680 642 ἀπεκαρτέρησε,
1691 600 1792 632 Diod.
1807 608 1886 630 xlv.

1190 655 1244 684 77.
1271 653 1377 691 Bong.

961 955 1178 1003 LIBER
1215 954 1352 1001 XX.

490 1084 579 1116 CAP.
596 1092 621 1114 1.
644 1085 661 1124 ξ
684 1086 702 1114 1
731 1080 919 1123 Dionysius]
946 1081 1022 1113 Quo
1038 1083 1140 1120 pacto

445 1134 500 1165 hic
517 1134 633 1165 Sicilia
655 1134 790 1164 devicta
805 1132 941 1164 Italiam
964 1139 1141 1171 aggressus

446 1184 502 1224 sit,
517 1185 583 1224 leg.
602 1183 704 1215 Diod.
721 1192 795 1214 xiv.
826 1183 928 1221 Bong.

493 1233 599 1264 Grave
620 1234 730 1273 otium]
762 1241 880 1263 xxxv.
898 1235 926 1261 1.
944 1234 974 1261 l.
1001 1230 1089 1261 Vell.
1103 1238 1143 1261 11.

447 1285 502 1314 78.
518 1286 550 1314 4.
587 1283 595 1299 ‘
614 1283 742 1321 Caesar,
758 1291 800 1312 ne
824 1290 878 1311 res
894 1279 1078 1319 disciplinae
1094 1280 1142 1309 in-

447 1332 641 1364 imicissima
671 1332 776 1362 otium
801 1333 1035 1369 corrumperet
1059 1328 1142 1358 mili-

447 1387 529 1422 tem,
541 1382 669 1413 crebris
680 1380 964 1421 expeditionibus,
979 1378 1144 1418 patientia

447 1431 689 1473 periculorum,
738 1429 885 1470 bellique
932 1428 1144 1468 experientia

447 1481 593 1512 durabat
620 1479 832 1511 exercitum)
890 1479 968 1510 Sen.
999 1479 1063 1518 Ep.
1090 1481 1144 1510 56.

446 1532 455 1547 ‘
468 1531 584 1571 Magni
595 1531 830 1571 imperatores,
840 1538 915 1559 cum
925 1528 1010 1558 male
1024 1537 1144 1568 parere

448 1581 588 1612 militem
603 1580 731 1620 vident,
744 1579 855 1620 aliquo
865 1579 981 1609 labore
994 1588 1145 1618 compes-

449 1635 542 1669 cunt,
585 1634 622 1661 et
661 1628 936 1670 expeditionibus
976 1628 1144 1659 detinent.

450 1681 632 1721 Nunquam
663 1685 762 1711 vacat
782 1679 938 1710 lascivire
961 1678 1144 1710 districtis:

449 1731 599 1771 nihilque
623 1735 692 1761 tam
719 1734 850 1761 certum
873 1734 939 1768 est,
962 1739 1060 1770 quam
1085 1729 1145 1760 otii

451 1780 534 1811 vitia
548 1780 684 1820 negotio
696 1779 841 1810 discuti.'
887 1779 976 1810 Add.
988 1779 1082 1809 Curt.
1097 1788 1147 1810 w.

449 1833 482 1861 6.
501 1831 552 1860 14.
565 1835 600 1860 et
614 1839 691 1860 vni.
706 1833 736 1860 9.
754 1832 784 1860 1.
828 1829 951 1859 Victor
965 1829 1006 1859 de
1020 1829 1146 1859 Caesar.

450 1882 502 1910 36.
526 1880 535 1896 ⁴
545 1879 662 1910 Otium
675 1879 820 1910 militum
831 1882 1023 1919 suspectum
1035 1877 1147 1918 Reip.'

452 1929 552 1960 Bern.

496 1979 513 2018 ζ
540 1981 559 2008 2
588 1977 796 2018 Aoum-entur]
833 1977 951 2008 Utitur
980 1987 1021 2008 eo
1050 1977 1150 2008 simili

452 2028 569 2058 Florus
585 2037 624 2059 n.
641 2031 671 2058 3.
686 2031 718 2059 3.
759 2030 768 2045 ‘
784 2029 857 2059 Nec
883 2028 983 2058 aliter
1006 2031 1149 2068 utraque

452 2082 566 2117 gente,
595 2078 690 2118 quasi
715 2082 791 2108 cote
817 2078 972 2118 quadam,
997 2078 1148 2117 Populus

453 2128 551 2159 Rom.
581 2126 709 2158 ferrum
730 2137 798 2158 suae
824 2128 956 2158 virtutis
979 2127 1148 2159 acuebat!

452 2177 553 2208 Sebis.

495 2230 512 2269 ᾧ
530 2231 561 2259 3.
578 2230 609 2259 4.
628 2227 676 2268 5.]
702 2228 748 2259 Hi
772 2228 854 2259 dicti
880 2237 947 2259 non
965 2227 1056 2268 Itali,
1070 2237 1150 2269 quo-

452 2278 552 2309 modo
565 2278 665 2319 prisci
678 2282 713 2309 et
726 2278 876 2317 germani
889 2278 1000 2308 Italiae
1015 2278 1150 2317 populi:

454 2328 513 2358 sed
531 2328 691 2366 Italiotae,
707 2327 795 2368 quod
813 2332 926 2358 essent
938 2337 956 2357 e
968 2327 1102 2357 Graecia
1117 2327 1151 2357 in

454 2379 589 2409 Italiam
618 2378 812 2409 adventitii:
852 2378 952 2408 sicuti
983 2377 1152 2408 Siciliotas

454 2433 489 2457 et
508 2428 683 2458 Phthiotas
698 2437 717 2458 a
739 2427 861 2458 Siculis
883 2432 917 2458 et
935 2427 1066 2458 Phtliiis
1090 2426 1154 2457 ‹lis-

454 2476 679 2507 crimiuamus.
726 2476 817 2506 Hinc
842 2477 1052 2517 appellatum
1075 2476 1156 2506 Pni-

455 2527 616 2567 losopliiae
645 2526 814 2567 quoddam
850 2536 954 2566 genus
984 2526 1155 2566 Italicum,

455 2577 546 2618 quod
585 2581 723 2607 auctore
757 2576 951 2616 Pythagora
987 2576 1098 2606 Samio
1135 2585 1155 2606 a

457 2627 588 2657 Graecis
601 2626 634 2656 in
648 2626 749 2657 Italia
760 2626 824 2656 coli
837 2626 1007 2666 coepisset.
1024 2626 1154 2656 Horum

455 2678 539 2709 item
568 2683 667 2708 eraut
702 2678 712 2694 ⁴
731 2677 862 2708 Italicae
894 2676 1042 2707 mcusae'
1072 2677 1154 2707 luxu

457 2727 612 2767 infames,
628 2728 671 2758 de
688 2727 807 2769 quibus
824 2728 913 2758 Plat.
933 2727 995 2767 Ep.
1012 2729 1043 2758 7.
1061 2732 1095 2758 et
1112 2736 1153 2757 ex

459 2788 499 2809 eo
516 2779 589 2809 Cic.
606 2779 707 2809 Tusc.
723 2787 758 2809 v.
776 2781 827 2808 35.
850 2778 952 2808 Bern.

503 2829 520 2867 ᾧ
546 2831 566 2858 6
605 2828 746 2867 Vcstigia
779 2827 886 2858 Groecz'
920 2827 1028 2867 moris]
1074 2827 1152 2860 Vid.

460 2877 599 2909 Gruteri
618 2878 703 2910 Diss.
716 2881 768 2910 45.
782 2878 822 2910 ad
839 2879 917 2909 Tac.
957 2877 1004 2907 Id.

1237 1079 1255 1119 ἦ
1279 1081 1298 1110 7
1325 1079 1490 1109 Tuscorum
1507 1076 1630 1118 populi]
1673 1076 1856 1117 Tyrrheni,
1872 1086 1892 1108 a

1193 1129 1366 1169 Tyrrheno
1390 1129 1474 1169 Atys
1501 1128 1547 1160 fil.
1571 1128 1729 1159 Herculis
1755 1131 1891 1168 nepote.

1194 1179 1319 1209 Strabo
1336 1188 1369 1210 v.
1386 1178 1505 1209 ceteri.
1537 1178 1616 1210 Seu.
1631 1178 1671 1209 ad
1687 1177 1847 1208 Albinam
1859 1180 1891 1208 6.

1195 1229 1205 1246 ‘
1221 1229 1348 1259 Tuscos
1362 1227 1444 1258 Asia
1454 1228 1518 1259 sibi
1531 1227 1710 1259 vendicat!
1735 1226 1789 1259 Cf.
1802 1228 1892 1259 hunc

1196 1279 1219 1310 l.
1237 1288 1313 1310 cum
1329 1278 1433 1309 Solini
1458 1288 1534 1318 cap.
1551 1281 1581 1309 8.
1617 1277 1697 1308 Vid.
1722 1282 1757 1308 et
1771 1278 1894 1318 Virgil.

1197 1338 1222 1360 1.
1250 1338 1317 1360 vn.
1344 1333 1378 1360 et
1406 1337 1460 1360 x1.
1482 1328 1558 1359 AEn.
1582 1331 1618 1359 et
1645 1328 1726 1359 Tac.
1758 1336 1809 1359 1v.
1839 1330 1895 1360 65.

1198 1378 1301 1417 Bong.

1240 1428 1269 1458 A
1294 1427 1410 1469 Lydia]
1444 1426 1500 1458 Sic
1525 1431 1560 1458 et
1585 1426 1675 1458 Vell.
1704 1435 1729 1458 1.
1756 1428 1831 1458 1.9.
1859 1430 1896 1457 et

1199 1480 1251 1508 10.
1275 1476 1424 1517 Appian.
1452 1477 1574 1508 Punic.
1598 1486 1631 1516 p.
1647 1478 1699 1507 35.
1721 1485 1752 1507 e.
1776 1480 1811 1507 et
1826 1476 1897 1508 alii.

1199 1528 1340 1567 Dionys.
1382 1532 1494 1558 tamen
1522 1537 1547 1559 1.
1582 1529 1635 1558 26.
1671 1527 1801 1558 Tuscos
1829 1536 1898 1558 non

1200 1577 1377 1616 advenam,
1415 1577 1473 1608 sed
1511 1575 1702 1617 indigenam
1750 1581 1899 1618 gentem,

1198 1637 1262 1658 nec
1274 1627 1369 1658 vanis
1387 1627 1606 1666 argumentis,
1621 1626 1717 1659 facit.
1754 1627 1854 1658 Bern.

1242 1679 1259 1718 ς
1289 1681 1308 1707 8
1341 1677 1485 1717 Venetos]
1525 1677 1597 1708 Hos
1613 1687 1632 1707 a
1647 1677 1790 1708 devictis
1811 1677 1899 1708 Tro-³

1193 1729 1284 1769 janis
1300 1733 1391 1759 ortos
1401 1727 1453 1769 (et
1470 1737 1544 1768 quae
1556 1737 1621 1758 non
1639 1736 1720 1768 gens
1735 1727 1898 1768 originem

1201 1779 1280 1810 inde
1310 1778 1473 1810 mentitur
1488 1777 1515 1819 ?)
1554 1782 1708 1809 auctores
1745 1778 1899 1819 plerique

1201 1839 1277 1859 cum
1309 1829 1438 1859 Nostro
1466 1828 1626 1859 tradunt:
1665 1832 1704 1859 ut
1733 1828 1818 1859 Cato
1844 1837 1899 1867 ap.

1202 1878 1290 1909 Plin.
1318 1887 1375 1909 111.
1407 1882 1457 1909 19.
1499 1878 1611 1909 Livius
1639 1887 1664 1909 1.
1697 1880 1727 1909 1.
1754 1881 1787 1909 2.
1810 1881 1847 1908 et
1866 1881 1899 1909 3.

1201 1929 1323 1968 Virgil.
1342 1929 1415 1959 AEn.
1430 1939 1455 1960 1.
1471 1932 1547 1960 246.
1571 1929 1630 1960 Sil.
1648 1939 1728 1961 vul.
1743 1933 1817 1962 604.
1835 1932 1901 1962 &c.

1201 1977 1313 2008 Strab.
1339 1982 1450 2008 tamen
1474 1987 1525 2009 ιν.
1548 1988 1580 2018 p.
1597 1981 1670 2010 134.
1693 1978 1715 2010 f.
1739 1979 1832 2011 eosd.
1857 1979 1900 2010 ab

1203 2028 1333 2064 Enefis,
1359 2028 1481 2058 Gallias
1506 2028 1653 2068 populis,
1680 2027 1821 2059 Oceano
1845 2039 1902 2061 ac-

1203 2077 1297 2115 colis,
1318 2077 1532 2108 descendisse
1555 2078 1764 2109 verisimilius
1791 2083 1902 2119 putat.

1203 2127 1258 2158 Ab
1275 2129 1393 2158 Enetis
1421 2137 1519 2168 porro
1543 2128 1627 2159 dicti
1649 2129 1788 2169 Veneti,
1812 2130 1902 2160 sicut

1203 2177 1244 2207 ab
1274 2175 1349 2208 οἶνος
1386 2180 1395 2195 ‘
1413 2177 1549 2217 vinum,'
1578 2182 1614 2208 et
1639 2178 1767 2210 similia.
1811 2177 1902 2209 Add.

1203 2228 1348 2268 Dionys.
1366 2237 1389 2258 1.
1406 2231 1458 2259 20.
1489 2228 1540 2258 Id.

1248 2279 1265 2318 ξ
1299 2281 1319 2308 9
1345 2277 1462 2316 Adria]
1515 2278 1600 2309 Qua».
1638 2277 1828 2308 Ptolemaeo
1866 2281 1903 2308 et

1205 2326 1491 2358 emendatioribus
1508 2326 1612 2357 Plinii
1634 2327 1734 2358 codd.
1751 2327 1905 2358 Hermol.

1207 2377 1358 2407 Barbaro
1393 2377 1426 2406 in
1458 2377 1586 2416 Castig.
1617 2380 1719 2416 teste,
1753 2375 1904 2408 ‘An-ia!

1205 2425 1324 2466 Αἷθρίαν
1338 2436 1468 2467 quoque
1489 2426 1615 2456 (lictum
1633 2430 1669 2456 et
1693 2436 1712 2456 a
1733 2425 1904 2457 Diomede

1206 2475 1311 2507 fuisse
1340 2476 1523 2515 conditam,
1561 2480 1658 2506 notat
1686 2475 1901 2515 Stephanus:

1208 2527 1433 2557 Romanorum
1449 2525 1615 2556 coloniam
1625 2525 1708 2556 facit
1720 2526 1793 2556 Liv.
1812 2525 1906 2566 Epit.

1208 2586 1258 2609 XI.
1296 2578 1346 2608 Id.

1249 2628 1412 2659 Adriatico
1428 2628 1507 2658 mari
1521 2637 1627 2658 nomen
1642 2626 1742 2666 dedit]
1782 2625 1834 2656 Id.
1860 2625 1908 2657 af-

1207 2677 1342 2708 firmant
1359 2677 1479 2718 Polyb.
1497 2687 1537 2708 11.
1561 2680 1612 2708 14.
1653 2677 1726 2708 Liv.
1747 2686 1782 2707 v.
1804 2679 1856 2707 33.
1874 2679 1907 2707 8.

1208 2727 1320 2759 Strab.
1332 2736 1366 2757 v.
1379 2737 1410 2766 p.
1422 2729 1492 2757 1⁴8.
1518 2726 1670 2757 Plin.1u.
1682 2729 1733 2757 16.
1752 2725 1906 2756 Eustatli.

1210 2778 1243 2809 iu
1275 2777 1416 2816 Dionys.
1447 2786 1479 2816 p.
1497 2779 1549 2806 19.
1576 2785 1626 2815 pr.
1649 2785 1790 2816 quorum
1814 2778 1906 2805 cont.

1209 2836 1407 2857 consensum
1439 2826 1518 2856 nihil
1552 2825 1643 2855 valet
1670 2835 1754 2855 unus
1788 2823 1908 2855 Aurei.

1208 2878 1326 2908 Victor
1353 2876 1384 2907 iu
1404 2877 1466 2908 AEl.
1506 2875 1668 2917 Adriano,
1693 2876 1781 2906 lmuc
1804 2875 1906 2905 hono-
