2174 3424
597 328 794 360 JUSTINI
828 329 925 361 Lm.
956 329 1008 360 11.
1041 329 1147 360 oAP.
1177 320 1220 362 1.

232 425 249 465 ᾧ
274 425 312 455 14
336 422 462 454 Illuvz'es
483 422 646 463 aquarum]
669 423 817 455 Gronov.
841 423 884 454 ad

189 474 263 505 Liv.
280 483 303 504 1.
319 477 348 505 4.
366 473 536 505 scribend.
552 478 670 505 censet
683 478 718 505 et
733 474 786 505 hic
802 478 836 505 et
851 474 884 504 in

188 532 264 563 cap.
278 525 308 553 6.
323 523 392 562 huj.
406 523 463 554 lib.
475 523 608 560 eluvies;
630 523 710 564 quia
724 523 885 554 ‘illuvies’

187 572 304 603 sordes
321 572 388 603 sint
411 573 562 603 exterius
580 573 762 614 adspersae,
783 574 792 590 ‘
816 573 885 605 elu-

186 621 275 653 vies’
305 631 384 653 vero
421 623 609 654 inundatio.
650 623 758 654 Groev.
813 622 884 654 Alii

186 671 366 703 emendant
391 672 515 703 eluvies.
559 672 637 704 Vid.
662 682 736 714 quae
758 672 882 704 notabo

185 724 228 756 ad
245 734 320 765 cap.
337 728 366 755 6.
390 723 492 762 Schef.

227 775 327 814 Ignis,
339 774 406 815 ἐγὼ]
428 775 507 805 Sen.
524 782 573 804 VI.
590 772 711 804 Benef.
728 776 780 806 22.
802 775 812 792 ‘
829 774 881 814 Ig-

185 824 237 856 nis
272 828 395 855 cuncta
420 823 604 864 possideat,
629 833 728 864 quem
756 823 879 855 deinde

186 875 285 915 pigra
301 884 367 904 nox
382 872 554 914 occupet.'

231 924 396 964 Utriusque
416 923 581 963 primordii
604 923 738 964 Scythas
758 923 879 962 origine

180 974 345 1015 praestnre]
368 975 491 1004 Errare
515 973 588 1004 illos
615 978 695 1013 puto
721 973 778 1013 qui
801 973 878 1005 huic

182 1025 264 1056 lect.
282 1023 514 1064 acquiescunt,
526 1032 601 1054 cum
615 1024 624 1039 6
640 1022 877 1062 primordium’

183 1079 218 1105 et
243 1074 252 1091 6
275 1073 389 1114 origo'
414 1073 503 1104 idem
529 1072 606 1104 sint.
653 1072 693 1103 Id
719 1072 877 1113 quoniam

182 1133 298 1155 verum
325 1128 388 1160 est,
413 1123 440 1154 si
456 1123 528 1164 quis
551 1123 689 1163 dixerit,
713 1124 722 1140 ‘
741 1123 876 1163 Scythae

181 1174 355 1214 utriusque
371 1173 544 1214 primordii
566 1173 694 1213 origine
711 1177 877 1214 praestant

180 1225 374 1266 AEgyptiis,'
411 1235 481 1256 rem
516 1224 691 1255 ridiculam
728 1224 874 1264 dixerit3

180 1276 379 1307 tantundem
417 1275 504 1306 enim
541 1281 594 1306 est
629 1284 668 1306 ac
705 1275 732 1306 si
769 1275 874 1315 dicat,

180 1327 190 1343 ‘
203 1327 389 1367 Utriusque
407 1325 582 1366 primordii
598 1325 800 1365 primordio,’
811 1328 875 1358 διο.

181 1376 282 1409 Quod
308 1381 345 1407 ut
369 1376 520 1416 ineptum
546 1379 610 1414 est,
633 1375 681 1406 ita
701 1379 736 1406 et
761 1377 875 1416 explo-

180 1427 417 1467 dend.judico.
443 1426 497 1457 Sic
509 1430 619 1456 autem
634 1426 806 1457 emendari
820 1428 874 1459 hic

185 1477 209 1507 1.
226 1481 359 1517 posset:
382 1476 540 1514 utriusque
557 1476 720 1515 primordii
742 1476 874 1517 Scythas

180 1527 300 1558 ratione
313 1530 461 1566 proestare
475 1526 649 1566 AEgyptiis.
676 1527 724 1558 At
740 1528 749 1544 ‘
766 1528 851 1559 ratio
862 1528 872 1542 '

182 1581 219 1608 et
247 1578 256 1594 ‘
281 1575 545 1616 argumentatio’
573 1576 661 1606 idem
692 1577 790 1617 plane
818 1588 873 1609 va-

180 1627 262 1667 lent,
287 1632 322 1658 et
347 1626 394 1657 ita
410 1626 482 1657 Cic.
506 1625 624 1656 millies
649 1627 781 1658 locutus
807 1632 870 1659 est.

178 1677 301 1717 Itaque
312 1676 374 1707 hoc
386 1675 510 1706 dixerit
521 1676 628 1708 Just.:
647 1676 678 1707 S.
694 1676 735 1707 ab
748 1687 831 1718 aqua
845 1688 872 1710 s,

179 1727 221 1757 ab
252 1727 328 1766 igne
365 1729 597 1765 argumentum
630 1725 776 1766 duxeris,
805 1729 870 1758 &c-

178 1776 314 1817 Scythae
329 1776 462 1806 vincant
473 1783 611 1805 necesse
624 1779 686 1806 est.
710 1777 871 1808 Ceterum

177 1827 278 1867 paulo
305 1826 469 1867 superius,
496 1825 553 1856 ubi
586 1826 713 1866 legitur
738 1828 870 1868 illuvies,

175 1877 344 1908 scribend.
359 1876 504 1915 omnino,
519 1876 640 1916 eluvies,
657 1886 698 1907 ex
714 1876 870 1909 observa-

175 1928 266 1960 tione
280 1926 456 1968 etjndicio
474 1926 647 1958 Gronovii.
670 1927 748 1958 Fab.

218 1979 235 2019 ᾗ
260 1980 298 2008 15
323 1977 361 2007 Si
385 1977 470 2016 ignis
487 1977 587 2016 prima
609 1977 753 2017 possessio
767 1988 870 2009 rerum

166 2028 250 2068 fuit]
273 2028 302 2059 I.
316 2037 346 2058 e.
363 2027 390 2058 si
410 2027 494 2067 ignis
510 2027 616 2068 primo
631 2028 743 2058 omnia
757 2037 870 2068 posse-

175 2079 236 2110 dit.
280 2079 409 2117 Estque
423 2078 476 2108 hic
489 2077 499 2094 6
512 2077 698 2117 possessio’
715 2087 777 2118 pro
794 2088 869 2120 pos-

174 2137 313 2159 sessore.
343 2128 415 2159 Vor.

216 2179 233 2218 ᾧ
252 2181 290 2209 17
316 2178 405 2213 Quod
418 2177 445 2208 si
456 2187 567 2216 omnes,
581 2177 648 2217 ὅπη]
672 2177 771 2209 Quod
792 2177 867 2218 jam

180 2238 200 2259 a
224 2237 277 2259 me
299 2227 505 2268 proferetur,
522 2227 567 2265 id,
583 2227 713 2267 opinor,
727 2236 793 2258 nou
809 2237 866 2258 ne-

173 2279 342 2319 gligenter
351 2276 645 2317 transilierint,qui
657 2276 766 2308 sciunt
778 2277 865 2308 bene

173 2334 210 2361 et
239 2332 398 2360 accurate
435 2328 558 2367 legere.
611 2326 797 2367 Postquam
831 2327 865 2358 in

171 2379 283 2420 priore
299 2383 397 2419 parte
417 2377 549 2418 periodi
574 2376 662 2407 dixit
676 2376 765 2408 Just.
785 2377 794 2393 ‘
808 2377 865 2408 de-

171 2428 386 2461 currentibus
417 2426 535 2468 aquis‚'
564 2427 598 2457 in
629 2427 738 2457 altera
768 2427 866 2467 ponit

171 2482 295 2512 eandem
319 2489 449 2520 aquam‚·
471 2478 571 2519 idque
596 2487 672 2509 cum
697 2477 793 2508 nimis
816 2478 864 2508 ni-

170 2531 298 2572 misque
323 2530 478 2561 vitiosum
504 2528 559 2568 sit,
585 2528 745 2568 scriptum
767 2527 808 2558 ab
824 2537 863 2558 eo

170 2580 277 2612 fuisse
301 2580 457 2611 existimo
472 2588 537 2609 non
553 2579 689 2617 eandem,
705 2577 763 2609 sed
778 2581 863 2609 stan-

169 2633 252 2667 tem‚·
283 2640 357 2671 quae
382 2630 458 2660 huic
485 2629 546 2665 rei,
575 2638 640 2668 qua
670 2628 711 2658 de
738 2629 864 2669 agitur,

169 2681 268 2712 valde
283 2680 419 2721 propria
442 2684 504 2718 est,
529 2679 593 2709 nisi
618 2679 645 2709 si
667 2682 862 2718 stagnantem

169 2731 278 2769 malis,
305 2730 395 2771 quod
422 2729 528 2770 magis
554 2729 654 2760 etiam
688 2729 860 2769 proprium

169 2779 295 2820 fuerit;
318 2790 394 2812 nam
420 2789 507 2822 aqua
528 2784 684 2820 stagnans
705 2783 757 2810 est
773 2789 861 2821 aqua

171 2839 271 2862 reses.
300 2831 374 2863 Vor.

1550 321 1634 363 651

978 424 996 464 §
1021 426 1062 454 19
1084 423 1244 464 Scythiam
1259 426 1333 457 adeo
1359 426 1534 467 editiorem]
1558 427 1634 458 Vir-

935 472 992 512 gil.
1017 482 1043 504 1.
1069 474 1113 505 G.
1140 483 1173 504 v.
1199 477 1272 505 240.
1312 478 1321 493 ‘
1341 476 1491 506 Mundus
1519 481 1556 507 ut
1590 477 1632 507 ad

935 523 1108 563 Scythiam
1137 524 1356 565 Ripliaeasque
1385 526 1507 556 arduus
1536 536 1632 557 arces

934 573 1138 614 Consurgit3
1163 574 1329 614 premitur
1355 576 1468 616 Libyae
1483 576 1631 607 devexus

933 622 966 653 in
980 622 1153 656 Austros.'
1196 624 1263 655 Sed
1289 630 1424 657 constat
1445 627 1535 657 inter
1556 628 1631 658 Ma-

932 673 1145 712 thematicus,
1161 674 1194 704 in
1219 674 1319 713 globo
1332 676 1459 707 nullum
1475 686 1546 707 esse
1562 678 1630 708 alio

930 723 1110 755 editiorem
1124 724 1249 755 locum.
1277 725 1374 764 Bong.

972 772 990 812 ᾗ
1015 775 1056 803 20
1078 774 1252 814 AEgyptum
1272 778 1375 805 autem
1399 774 1482 816 (quoe
1508 779 1555 807 tot
1581 787 1629 808 re-

926 822 1043 864 gum)]
1070 824 1193 854 Mirum
1218 823 1384 864 quomodo
1408 825 1462 855 hic
1487 825 1508 857 l.
1532 826 1558 856 si
1580 826 1629 857 ita

928 874 1073 913 legatur,
1085 874 1129 904 sit
1145 873 1396 914 intelligendus.
1420 875 1469 906 Ut
1485 876 1627 915 primum

927 924 1076 964 seposita
1093 924 1286 964 parenthesi
1299 924 1405 955 verba
1416 925 1628 958 ordinemus:

926 975 1002 1013 AEg.
1026 977 1092 1005 aut.
1118 984 1172 1005 nec
1195 983 1260 1014 pos·
1286 975 1349 1006 vid.
1378 975 1458 1006 hom.
1481 979 1544 1007 vet.
1569 977 1627 1008 ult.

925 1034 991 1064 (μισ.)
1006 1025 1070 1055 sive
1081 1034 1230 1063 exagger.
1243 1035 1310 1064 reg.
1322 1025 1386 1056 sive
1401 1026 1445 1056 N.
1457 1030 1499 1057 tr.
1515 1027 1535 1058 l.
1548 1030 1625 1058 terr.

925 1085 987 1106 rec.
1000 1075 1065 1106 vid.
1110 1075 1195 1108 Quis
1218 1076 1335 1106 horum
1356 1076 1535 1107 verborum
1552 1087 1627 1108 sen·

927 1135 995 1164 sus,
1019 1126 1106 1156 scire
1130 1126 1240 1157 velim.
1274 1126 1492 1158 Parenthesis
1515 1127 1625 1161 adhuc

926 1174 1113 1214 obscurior,
1128 1175 1272 1206 maxime
1296 1175 1330 1206 in
1352 1176 1402 1206 liis
1420 1176 1551 1208 verbis:
1575 1178 1624 1208 ni-

924 1225 1029 1256 hilom.
1058 1225 1129 1264 coli,
1155 1226 1216 1256 nisi.
1245 1227 1366 1256 excluso
1396 1226 1443 1257 N.
1469 1236 1529 1257 non
1555 1231 1623 1267 pot.

926 1275 1073 1307 Quidam
1098 1285 1157 1316 pro
1180 1276 1300 1306 excluso
1325 1282 1549 1316 reposuerunt
1571 1288 1625 1308 ex-

922 1326 1032 1365 pulso‚·
1064 1335 1180 1356 verum
1210 1326 1287 1357 ead.
1318 1326 1526 1358 obscuritate
1556 1337 1623 1360 ma-

923 1380 1026 1406 nente
1041 1385 1171 1407 sensus.
1217 1378 1303 1417 Ego,
1319 1378 1408 1418 quod
1425 1378 1468 1409 ad
1482 1379 1555 1410 liaec
1576 1380 1624 1410 ul·

924 1427 1007 1458 tima
1035 1428 1139 1458 verba
1175 1429 1313 1468 attinet,
1350 1430 1621 1470 conjunctionem

922 1477 983 1507 nisi
1006 1486 1256 1517 expungerem:
1285 1478 1342 1509 sed
1367 1479 1512 1511 lectores
1529 1480 1621 1520 judi-

922 1531 1025 1565 cent;
1062 1536 1138 1557 nam
1166 1537 1228 1567 ego
1258 1537 1311 1558 me
1348 1529 1522 1568 explicare
1553 1540 1620 1561 non

922 1585 1067 1616 possum,
1091 1577 1241 1609 indicare
1266 1582 1378 1609 tamen
1402 1578 1540 1619 dignum
1563 1589 1620 1610 ex-

921 1627 1067 1659 istimavi
1083 1638 1193 1668 operae
1212 1629 1368 1669 pretium.
1401 1630 1491 1662 Glar.

962 1679 1146 1718 AEgyptum,
1170 1678 1239 1718 ξω]
1272 1680 1387 1711 Strato
1412 1680 1545 1721 quidam
1565 1691 1619 1722 ap.

920 1727 1035 1760 Strab.
1058 1728 1116 1760 lib.
1132 1737 1158 1760 1.
1183 1739 1215 1769 p.
1231 1732 1282 1761 34.
1305 1730 1488 1770 AEgyptum
1512 1731 1560 1762 ait
1581 1731 1618 1762 τὸ

920 1777 1050 1808 παλαιὸν
1073 1776 1210 1819 θαλάττῃ
1233 1777 1314 1818 κλύζ
1315 1782 1412 1819 εσθαι,
1427 1782 1492 1811 &c.
1514 1781 1619 1820 Bong-

920 1829 967 1859 Et
982 1837 1074 1867 sane,
1090 1828 1178 1868 quod
1190 1833 1379 1860 statuerent
1393 1833 1477 1860 vett.
1493 1830 1618 1871 AEgyp-

920 1881 991 1909 tum
1008 1887 1048 1908 ex
1065 1878 1156 1916 limo,
1172 1887 1267 1919 quem
1285 1878 1384 1910 Nilus
1400 1880 1504 1919 vehit,
1520 1890 1616 1912 accu-

919 1928 1045 1958 mulato
1061 1931 1095 1958 et
1111 1932 1316 1968 exaggerato
1339 1933 1466 1969 natam,
1492 1930 1615 1962 exinde

919 1978 929 1995 ‘
943 1978 1014 2009 Nili
1030 1978 1153 2009 donum
1166 1978 1174 1992 ’
1197 1988 1271 2009 eam
1295 1980 1520 2019 appellarunt.
1549 1982 1616 2012 Eu-

920 2029 1022 2060 stath.
1047 2029 1080 2059 in
1103 2029 1247 2069 Dionys.
1275 2029 1411 2070 Perieg.
1438 2040 1470 2070 p.
1486 2033 1538 2062 31.
1565 2041 1616 2072 pr.

918 2077 1066 2109 Videndi
1092 2078 1223 2110 Herod.
1248 2087 1287 2109 11.
1310 2083 1341 2110 5.
1371 2078 1519 2111 Aristot.
1544 2082 1617 2112 Me-

917 2132 1004 2160 teor.
1021 2137 1045 2160 1.
1062 2131 1113 2159 14.
1138 2129 1228 2159 Plin.
1253 2138 1293 2160 11.
1318 2131 1369 2160 35.
1402 2130 1478 2161 Sen.
1504 2131 1548 2163 N.
1569 2131 1613 2165 Q.

917 2187 967 2209 vx.
983 2181 1036 2209 26.
1064 2178 1193 2211 Quibus
1217 2179 1425 2210 contradicit
1450 2180 1613 2213 Brodaeus

916 2227 1064 2258 Miscell.
1090 2237 1145 2259 111.
1171 2231 1201 2259 5.
1225 2228 1280 2259 ubi
1303 2229 1363 2268 ait,
1382 2239 1444 2261 nec
1462 2233 1514 2262 10.
1541 2232 1613 2272 qui-

917 2275 992 2307 dem
1015 2276 1130 2308 mundi
1154 2281 1273 2309 aetates
1290 2278 1332 2309 ad
1348 2280 1497 2319 spatium
1521 2280 1612 2311 istud

915 2326 1015 2357 humo
1028 2327 1234 2367 explendum
1248 2327 1414 2361 sufficere.
1430 2330 1614 2362 Berneccer.

916 2376 982 2406 Sed
999 2375 1208 2407 falsissimam
1226 2387 1300 2408 esse
1318 2379 1404 2410 hanc
1420 2380 1610 2420 opinionem

915 2426 1066 2466 pluribus
1091 2426 1193 2458 docet
1214 2427 1375 2460 Bochart.
1400 2429 1527 2470 Geogr.
1550 2430 1610 2461 Sa-

914 2485 981 2507 crae
998 2485 1047 2507 1v.
1064 2478 1116 2507 24.
1142 2476 1248 2508 Graev.

959 2529 1015 2559 Tot
1029 2527 1126 2566 fossis
1145 2529 1278 2569 concisa]
1307 2529 1364 2561 Sic
1382 2531 1504 2562 merito
1522 2531 1609 2563 Gro-

912 2587 988 2609 nov.
1006 2578 1140 2618 legend.
1162 2583 1279 2609 censet
1303 2588 1345 2609 ex
1369 2580 1513 2621 antiquis
1529 2582 1608 2614 edd.

911 2626 1114 2667 suffragante
1129 2627 1225 2659 Junt.
1249 2628 1332 2658 Ead.
1349 2629 1381 2659 in
1400 2630 1510 2661 verbis
1527 2642 1610 2672 prae-

912 2677 1608 2720 cedd.adversusvimclecurrentiumaquamm

911 2727 1009 2759 tantis
1018 2727 1169 2757 instructa
1179 2726 1323 2757 molibus:
1336 2729 1476 2768 optime,
1489 2730 1515 2760 si
1526 2735 1607 2764 vett.

910 2777 989 2809 libri
1025 2777 1270 2808 adsentiuntur.
1320 2777 1455 2818 Vulgati
1473 2790 1481 2809 :
1516 2790 1545 2811 a.
1574 2791 1605 2812 v.

909 2828 1026 2860 incurr.
1050 2838 1079 2858 α.
1097 2830 1122 2858 t.
1137 2830 1254 2858 structa
1269 2837 1310 2860 m.
1353 2828 1420 2860 Sed
1434 2830 1605 2871 AEgyptum
