2101 3419
657 383 852 415 JUS'rlNl
888 384 982 415 LIB.

307 480 393 511 Adeo
406 482 439 510 ut
453 488 513 510 non
527 479 632 519 solem,
647 488 706 510 non
719 479 886 519 pulverem,
904 489 964 510 non

264 529 393 569 denique
420 529 610 569 splendorem
632 527 722 566 ferre
756 529 834 559 luci-«3
866 529 964 568 ipsius

262 579 379 619 posset]
403 579 527 609 Merito
543 578 623 609 mihi
646 582 825 619 suspectus
843 583 895 610 est
910 579 964 610 hic

267 631 290 661 l.
328 629 418 663 Quid
445 630 534 661 enim
559 628 624 660 sibi
644 630 716 661 vult
732 629 847 670 pulvis,
863 639 963 670 quem

267 679 370 710 etiam
401 679 489 710 oculi
516 682 610 710 recte
629 689 666 710 se
687 679 851 710 habentes
872 678 963 710 ferre

266 739 331 760 non
347 729 509 770 possunt?
548 729 615 760 Ms.
642 728 749 769 Leyd.
775 739 836 770 pro
863 730 965 769 pulve-

265 789 330 810 rem
357 779 508 810 disertim
531 779 635 810 habet
647 778 820 818 fulgurem.
863 779 965 810 Unde

259 829 419 868 fulgorem
450 829 582 869 legend.
616 838 690 860 esse
720 829 830 870 quivis
862 828 964 860 facile

265 879 372 911 videt.
421 879 496 910 Nec
521 879 636 910 obstat
659 878 735 910 huic
765 879 846 911 lect.
874 879 964 920 quod

267 930 382 961 statim
396 930 485 962 Just.
501 930 661 971 subjiciat
672 930 871 970 splendorem.
895 930 965 961 Ali-

269 981 313 1012 ud
343 981 430 1012 enim
457 981 627 1021 fulgorem,
657 981 749 1012 aliud
777 982 966 1022 splendorem

267 1040 341 1062 esse
365 1031 563 1072 Philosophi
587 1031 721 1062 docent.
763 1032 822 1071 Et,
838 1032 894 1073 qui
910 1041 964 1063 ac-

268 1086 384 1113 curate
400 1083 596 1123 loquuntur,
624 1082 751 1122 pariter
772 1082 874 1113 etiarn
899 1082 965 1113 dis-

268 1132 440 1172 tinguunt.
463 1132 547 1163 Box.
591 1132 710 1171 Veget.
732 1140 756 1163 1.
774 1134 803 1162 3.
826 1132 835 1148 ‘
852 1132 964 1163 Solem

269 1184 508 1225 pulveremque
521 1182 609 1214 ferre
623 1181 844 1214 condiscant.'

276 1260 279 1263 .
312 1235 330 1274 ᾧ
353 1236 372 1265 2
399 1234 476 1272 Nec,
492 1236 526 1264 ut
536 1236 638 1273 pater,
652 1232 819 1272 carcerem]
841 1231 966 1271 Verba,

268 1287 303 1315 ut
316 1287 419 1324 pater,
435 1284 571 1325 reliquis
597 1283 804 1314 secernenda
821 1292 966 1314 comma-

270 1335 361 1367 tibus
376 1346 384 1366 :
416 1335 543 1366 debent
565 1334 654 1365 enim
670 1333 813 1372 intelligi
829 1333 872 1364 de
888 1334 967 1364 Dio-

270 1385 354 1426 nysii
367 1385 434 1426 huj.
448 1389 558 1426 patre,
571 1384 591 1416 i.
604 1393 633 1416 e.
646 1384 809 1425 Dionysio
823 1384 966 1415 seniore.

271 1434 378 1473 Schef.

315 1487 332 1526 ς
356 1488 375 1516 8
399 1485 576 1526 Dionysius
588 1485 729 1526 pellitur]
754 1485 869 1527 Opera
884 1485 969 1517 Dio-

273 1535 324 1566 nis
341 1534 507 1575 inprimis.
529 1535 633 1575 Bong.

315 1586 333 1626 ᾗ
355 1588 375 1616 9
396 1585 425 1616 Α
442 1584 659 1624 Locrensibus]
692 1585 771 1617 Vid.
786 1584 901 1617 Strab.
917 1594 967 1616 νι.

274 1639 309 1666 et
322 1635 507 1666 AElian.1x.
521 1637 551 1665 8.
576 1634 620 1666 V.
638 1635 684 1667 H.
716 1635 768 1666 Id.

323 1685 412 1717 Velut
428 1684 502 1722 jure
524 1689 682 1724 regnaret,
703 1685 772 1725 85⁶2]
795 1685 970 1717 Demosth.

273 1735 400 1775 Philip.
417 1743 455 1765 11.
471 1744 514 1765 m.
539 1735 548 1752 ‘
563 1735 637 1766 Rex
665 1740 701 1766 et
717 1740 878 1776 tyrannus
902 1745 971 1766 om-

272 1785 324 1816 nis
350 1789 402 1816 est
425 1784 592 1816 libertatis
615 1784 768 1816 inimicus
788 1789 823 1816 et
837 1784 970 1823 legibus

273 1835 442 1867 infestus!
486 1836 559 1867 Liv.
585 1845 684 1868 XLIV.
709 1837 762 1867 24.
784 1839 814 1867 1.
838 1836 847 1852 ‘
863 1835 972 1866 Natu-

273 1896 311 1917 ra
326 1886 460 1918 inimica
476 1886 565 1917 inter
579 1897 614 1917 se
631 1891 710 1917 sunt
731 1886 840 1917 libera
855 1886 972 1917 civitas

273 1941 309 1968 et
327 1936 409 1969 rex!
455 1936 585 1968 Otanes
614 1946 665 1977 ap.
691 1936 820 1968 Herod.
847 1946 902 1968 111.
920 1939 973 1968 80.

274 1986 283 2003 ⁴
299 1987 362 2017 Vir
392 1991 556 2026 tyrannus
578 1986 659 2026 jura
681 1986 803 2026 patriae
825 1984 973 2017 labefac-

276 2040 345 2080 tat3
360 2035 495 2067 feminis
512 2036 576 2067 vim
596 2035 711 2067 adfert
727 2048 734 2075 ;
761 2036 973 2067 indemnatos

272 2082 457 2117 interimit!
481 2086 663 2117 Berneccer.
709 2086 870 2125 Hocjure
894 2087 974 2118 mihi

274 2136 374 2167 valde
403 2140 597 2177 suspectum
621 2139 686 2167 est.
734 2137 810 2168 Nec
824 2136 914 2168 enim
931 2135 974 2168 de

274 2195 314 2217 eo
329 2186 452 2227 agitur,
469 2186 592 2226 jurene
611 2196 652 2217 au
678 2186 799 2228 injuria
815 2196 974 2227 regnave.

274 2236 319 2268 rit
334 2236 530 2277 Dionysius,
556 2236 616 2267 sed
642 2236 808 2278 quomodo
835 2237 974 2278 ubique,

275 2297 408 2328 quoquo
434 2286 666 2327 concessisset,
693 2296 836 2327 regnare
859 2288 973 2318 volue-

276 2337 333 2368 rit.
379 2337 540 2377 Suspicor
567 2341 680 2367 autem
701 2336 874 2377 scripsisse
891 2338 975 2368 velut

276 2386 387 2427 ubique
409 2389 566 2426 regnaret.
610 2386 652 2417 In
675 2396 758 2418 voce
781 2386 892 2427 ubique
908 2387 974 2427 pri-

278 2445 342 2467 mae
379 2436 454 2467 duae
483 2437 610 2467 litterae
647 2445 709 2476 per
739 2436 975 2477 praecedentes

278 2495 376 2527 poene
393 2486 517 2517 similes
533 2486 720 2527 absumptae
735 2491 825 2517 sunt.
848 2487 952 2525 Schef.

322 2536 340 2576 ᾧ
364 2538 404 2566 10
426 2534 566 2575 Sponsis]
591 2536 674 2566 Mss.
695 2535 823 2567 habent
838 2537 891 2568 vel
904 2547 975 2577 pro-

278 2584 333 2624 cis,
358 2585 411 2616 vel
435 2586 551 2624 sponsis
573 2585 687 2626 procis.
730 2585 831 2617 Unde
852 2587 975 2628 colligo

279 2633 316 2665 τὸ
335 2634 435 2676 procis
449 2644 523 2666 esse
540 2635 620 2666 lect.
643 2644 769 2674 veram,
785 2637 903 2676 sponsis
919 2647 976 2668 au·

281 2686 350 2714 tem
375 2684 529 2724 glossam,
554 2693 630 2715 cum
652 2685 838 2724 pr‘aesertim
854 2685 926 2716 aliis
944 2686 976 2717 in

280 2733 374 2764 libris
402 2737 560 2765 occurrat
583 2733 769 2774 proceribus,
791 2734 881 2776 quod
905 2735 976 2767 sine

283 2782 386 2813 dubio
401 2792 442 2814 ex
454 2783 557 2823 procis
568 2782 707 2816 factum.
732 2785 785 2816 Id.

325 2833 600 2875 Locupletz'ssimos,
611 2835 681 2877 lyon]
713 2835 856 2869 Aristot.
871 2837 977 2870 Polit.

285 2895 321 2918 v.
339 2888 390 2917 11.
411 2885 527 2928 tradit,
553 2887 727 2928 proprium
744 2888 977 2929 Tyrannorum

1014 385 1127 416 xxi.
1156 386 1262 417 CAP.
1292 377 1334 417 4.
1627 376 1713 417 905

1014 488 1102 518 esse,
1117 478 1208 511 cives
1226 479 1370 510 reddere
1388 488 1567 520 pauperes,
1583 483 1619 510 ut
1643 478 1714 512 Ne-

1014 539 1052 573 rp
1070 530 1155 561 dixit
1171 540 1224 570 ap.
1240 530 1334 561 Suet.
1349 532 1402 560 32.
1426 530 1434 546 ‘
1449 530 1524 561 Hoc
1542 539 1656 570 agere,
1669 539 1712 560 ne

1015 580 1088 621 quis
1119 580 1303 621 quidquam
1327 579 1485 610 habeat?
1515 583 1583 610 tum
1601 584 1639 610 ut
1654 589 1713 610 ex-

1014 632 1141 662 haustis
1168 631 1298 662 civibus
1328 630 1526 661 facultatem
1563 631 1714 662 adimant

1014 681 1180 712 nocendi:
1213 685 1283 712 tum
1321 681 1437 719 etiam,
1462 681 1547 721 quia.
1570 681 1650 721 ipsis
1678 682 1713 712 in

1014 732 1131 762 luxum
1159 735 1193 762 et
1217 731 1389 762 libidinem
1417 731 1558 771 perenni
1577 735 1714 771 sumptu

1015 787 1068 813 est
1083 792 1179 822 opus.
1202 783 1301 814 Bern.

1059 833 1146 864 CAP.
1177 842 1232 863 111.
1270 833 1341 872 §2
1368 831 1430 862 Die
1453 830 1538 868 festo
1572 830 1714 870 Veneris]

1014 883 1192 923 Ἀφροδίσια
1213 886 1291 913 sunt
1326 881 1493 912 Athenaeo
1524 889 1578 911 111.
1607 886 1642 911 et
1668 890 1716 912 iv.

1016 934 1025 951 ‘
1041 931 1240 964 Veneralia’
1271 931 1408 972 quidam
1434 930 1717 970 interpretantur,

1017 983 1105 1014 sicut
1142 981 1380 1022 Bacchanalia,
1416 980 1620 1020 Saturnalia,
1649 982 1715 1012 «Sec.

1018 1034 1070 1064 Id.

1064 1082 1218 1114 Voverant
1242 1085 1277 1112 ut
1303 1081 1439 1120 virgines
1457 1089 1529 1110 suas
1550 1079 1718 1120 prostitue-

1015 1132 1098 1172 rent]
1120 1132 1202 1171 Pro,
1227 1135 1391 1162 voverant
1408 1140 1442 1161 se
1460 1130 1717 1170 prostituturus,

1016 1183 1083 1222 vel,
1111 1182 1202 1223 quod
1224 1181 1428 1223 prostituere
1445 1181 1581 1213 vellent.
1626 1182 1635 1198 ‘
1651 1181 1716 1212 Ut’

1016 1242 1092 1273 pro,
1126 1232 1229 1273 quod,
1266 1241 1333 1262 non
1364 1240 1488 1270 rarum,
1515 1241 1571 1271 ap.
1598 1232 1717 1263 Nostr.

1017 1292 1163 1324 quoque.
1206 1282 1285 1313 Vid.
1314 1282 1425 1313 Notas
1455 1281 1497 1312 ad
1521 1291 1553 1312 v.
1577 1285 1607 1314 3.
1631 1284 1661 1313 3.
1677 1292 1718 1313 ac

1019 1333 1092 1364 Lib.
1129 1332 1172 1364 de
1203 1333 1341 1366 Latinit.
1378 1331 1404 1364 f.
1434 1342 1525 1373 susp.
1560 1342 1635 1374 cap.
1663 1336 1717 1364 24.

1025 1383 1099 1414 Vor.

1064 1434 1081 1473 ς
1097 1437 1115 1464 5
1129 1433 1198 1463 Illae
1209 1432 1333 1463 maritis
1345 1431 1556 1472 traderentur]
1580 1431 1620 1462 In
1635 1431 1718 1461 Mss.

1020 1487 1074 1514 est
1097 1482 1175 1513 viris
1200 1492 1261 1523 pro
1284 1482 1430 1520 muribus,
1455 1482 1542 1522 quod
1560 1480 1718 1521 praefero,

1021 1538 1057 1564 et
1085 1533 1148 1565 hoc
1186 1533 1356 1574 posterius
1390 1532 1587 1573 glossatoris
1625 1536 1720 1572 puto.

1026 1583 1116 1614 Viros
1131 1587 1224 1614 certe
1241 1583 1287 1613 sic
1301 1586 1439 1621 usurpat
1455 1582 1557 1613 etiam
1573 1581 1607 1611 in
1623 1590 1718 1622 seqq.

1021 1633 1197 1664 Sententia
1209 1633 1281 1664 haec
1293 1636 1366 1663 est:
1386 1633 1576 1663 Decretum
1592 1630 1719 1662 facien-

1022 1683 1114 1723 dum,
1143 1693 1186 1714 ne
1211 1693 1279 1725 qua
1304 1683 1400 1722 virgo
1426 1682 1581 1721 nuberet,
1610 1681 1719 1721 prius-

1022 1744 1122 1775 quam
1139 1733 1205 1765 illae
1233 1737 1382 1772 centum,
1398 1743 1470 1773 quae
1490 1732 1721 1773 prostitissent

1023 1786 1057 1816 in
1069 1785 1237 1826 lupanari,
1254 1785 1464 1816 invenissent
1487 1785 1586 1825 viros,
1602 1785 1719 1826 eisque

1022 1833 1167 1866 fuissent
1182 1838 1310 1874 nuptae.
1334 1834 1438 1872 Sches.

1066 1886 1083 1926 ξ
1108 1888 1147 1916 10
1171 1884 1296 1916 Securis
1310 1884 1461 1924 omnibus]
1483 1884 1571 1916 Vell.
1589 1893 1628 1915 11.
1645 1887 1718 1916 118.

1022 1934 1159 1966 ‘Nemo
1196 1935 1340 1966 celerius
1374 1935 1590 1976 opprimitur,
1621 1945 1719 1976 quam

1024 1986 1081 2027 qui
1097 1985 1180 2016 nihil
1198 1986 1321 2024 timet;
1351 1989 1386 2016 et
1409 1983 1720 2026 frequentissimum

1024 2036 1158 2067 initium
1187 2040 1240 2067 est
1276 2035 1478 2067 calamitatis
1508 2034 1720 2067 sECURrrAs?

1024 2087 1124 2118 Bern.

1067 2137 1158 2168 CAP.
1182 2145 1234 2168 1v.
1273 2137 1291 2177 ξ
1312 2138 1329 2166 1
1352 2136 1503 2176 Princeps
1520 2135 1722 2175 Carthagini·

1023 2186 1140 2217 ensium
1157 2186 1288 2226 Hanno]
1310 2185 1411 2217 Oros.
1430 2196 1479 2217 lv.
1496 2188 1527 2217 6.
1550 2186 1655 2225 Bong-

1066 2238 1084 2277 ξ
1107 2239 1126 2268 2
1150 2236 1322 2268 solemnem
1337 2237 1514 2276 nuptiarum
1524 2236 1621 2276 diem]
1645 2236 1720 2267 Nec

1024 2287 1113 2317 enim
1138 2287 1219 2317 Eoae
1242 2286 1309 2317 illae
1331 2286 1412 2317 Par.
1432 2286 1577 2326 primum
1592 2285 1721 2317 infandi

1023 2336 1159 2367 sceleris
1189 2337 1381 2376 exemplum
1418 2340 1507 2367 sunt.
1567 2336 1723 2369 Quadi-at

1024 2386 1254 2426 Hispanorum
1281 2385 1459 2426 adaqum:
1483 2387 1492 2403 ‘
1508 2385 1638 2416 Nullibi
1656 2394 1723 2416 ma·

1025 2435 1076 2475 gis
1093 2435 1277 2476 panoplian
1295 2436 1434 2476 requiri,
1457 2445 1555 2477 quam
1578 2436 1611 2466 in
1638 2445 1723 2477 nup-

1025 2485 1080 2517 tiis
1107 2490 1143 2517 et
1171 2485 1316 2526 publicis
1343 2486 1453 2518 ludis.²
1496 2486 1574 2518 Vid.
1603 2487 1723 2518 Came·

1024 2545 1093 2567 rar.
1110 2536 1219 2577 Oper.
1237 2535 1404 2568 Subcisiv.
1422 2545 1445 2568 1.
1467 2537 1520 2567 83.
1543 2540 1579 2567 et
1594 2545 1650 2568 111.
1668 2539 1721 2569 89.

1025 2586 1127 2617 Bern-

1069 2636 1086 2676 ξ
1110 2638 1128 2666 3
1155 2634 1286 2674 Orbam]
1307 2634 1448 2676 Senatu,
1464 2635 1558 2678 quasi
1574 2636 1722 2677 parenti-

1024 2685 1099 2725 bus,
1113 2685 1325 2716 destitutam.
1350 2685 1402 2716 Id.

1069 2737 1086 2776 ς
1108 2737 1128 2766 4
1153 2735 1217 2766 Res
1240 2734 1379 2774 cognita]
1401 2735 1499 2775 Saepe
1526 2735 1536 2752 ‘
1550 2735 1656 2767 solum
1672 2735 1721 2767 in-

1027 2785 1186 2816 sidiarum
1207 2785 1393 2816 remedium
1415 2790 1478 2825 est,
1497 2785 1524 2816 si
1540 2796 1606 2817 non
1623 2786 1721 2818 intel-

1025 2836 1174 2876 ligantur
1187 2835 1207 2867 τ’
1228 2836 1307 2867 Tac.
1326 2844 1401 2867 xw.
1419 2839 1450 2867 6.
1483 2837 1556 2867 Tali
1581 2838 1721 2869 consilio

1025 2886 1169 2918 militum
1184 2885 1471 2927 conspirationem
1484 2885 1652 2919 declinare
1667 2897 1722 2919 co-
