2174 3424
661 392 856 424 JusrrNr
892 392 986 423 mn.
1020 392 1048 421 1.
1081 394 1188 422 cae.
1220 383 1260 422 2.

244 490 341 522 initio
370 488 503 529 imperii
533 487 664 518 Persici
691 485 825 526 vixisse,
849 484 938 526 Aga-

243 540 325 571 thiae
362 539 502 578 aliisque
543 536 751 567 credendum
788 535 935 567 videtur.

242 587 322 619 Vid.
344 587 528 618 Marsham.
544 587 577 617 in
594 587 724 618 Canon.
739 586 877 626 AEgypt.
893 585 935 616 ad

241 637 317 669 Sec.
336 645 386 667 rx.
407 637 512 667 Graev.

286 688 350 723 Qui
370 686 489 727 primus
509 685 625 717 dicitur
639 689 722 716 artes
737 685 871 725 magicas
885 686 934 717 in-

240 739 367 776 venisse,
385 740 415 768 et
430 737 534 768 mundi
554 737 708 777 principia
730 737 934 776 diligentissi-

239 799 288 820 me
301 783 467 828 spectasse]
489 787 518 818 1.
543 797 573 818 e.
602 787 788 827 physicam,
811 791 849 818 nt
871 796 933 819 xx.

242 842 274 871 4.
290 839 332 870 de
350 839 566 879 Pythagora:
589 838 599 855 ‘
617 837 682 868 Hic
695 837 786 868 Sami
811 837 932 868 Dema-

238 893 311 920 rato
356 889 527 929 locuplete
572 888 785 928 negotiatore
822 892 932 928 natus,

235 938 429 979 magnisque
447 937 624 978 sapientiae
647 937 864 968 incrementis
881 946 932 968 or-

202 1020 206 1024 .
237 995 349 1030 natus,
370 991 554 1030 AEgyptum
580 988 701 1028 primo,
724 998 802 1020 mox
818 989 931 1030 Baby-

236 1040 370 1079 loniam,
389 1040 431 1070 ad
445 1039 683 1080 perdiscendos
700 1039 845 1070 siderum
861 1049 930 1070 mo-

236 1093 292 1120 tus
309 1089 543 1130 originemque
560 1089 674 1120 muudi
697 1089 928 1130 spectandam,

235 1139 434 1181 profectus.’
458 1139 568 1171 Faber.

277 1191 295 1231 ᾧ
320 1193 360 1221 10
384 1191 428 1221 Et
443 1191 506 1231 ipse
520 1189 663 1229 decessit]
686 1188 806 1220 AElian.
822 1189 863 1220 V.
880 1189 926 1221 H.

235 1249 301 1271 vu.
326 1243 356 1271 1.
387 1249 428 1270 ex
458 1240 567 1270 Dione
591 1237 707 1276 refert,
734 1238 861 1269 Ninum
885 1238 927 1269 ab

235 1299 339 1321 uxore
360 1288 578 1320 Semiramide
599 1286 817 1318 interfectum
842 1297 927 1326 esse,

235 1349 311 1370 cum
337 1339 409 1370 liaec
425 1338 601 1379 imperium
622 1337 713 1368 Asiae
732 1337 774 1368 ab
792 1338 866 1368 eod.
884 1337 927 1368 ad

234 1393 266 1420 5.
295 1389 366 1420 dies
395 1389 620 1429 impetrasset.
672 1388 777 1419 Diod.
813 1392 925 1419 tamen

234 1444 364 1470 tantum
385 1440 419 1471 in
440 1439 574 1470 vincula
589 1438 781 1479 conjectum
796 1439 924 1470 scribit.

238 1489 341 1520 Vorst.

275 1538 399 1579 Ninya]
421 1538 488 1578 Ita,
507 1548 572 1569 uno
583 1542 742 1578 excepto,
755 1541 840 1568 vett.
858 1547 926 1569 om-

233 1598 315 1620 nes:
340 1593 375 1619 et
404 1588 528 1619 Euseb.
555 1592 590 1618 et
616 1587 770 1618 Cassiod.
792 1587 926 1619 Graecis

233 1643 284 1669 est
298 1637 419 1677 Νίνυας,
444 1638 543 1668 etita
559 1648 612 1678 ap.
628 1637 754 1678 Agath.
775 1638 927 1669 restituit

232 1689 412 1719 Leunclav.
427 1687 485 1718 lib.
505 1697 545 1719 11.
561 1687 719 1718 Variasse
738 1688 771 1718 in
787 1687 850 1719 hoc
867 1697 925 1718 no-

231 1737 321 1768 mine
357 1741 511 1768 auctores
546 1736 652 1768 refert
685 1738 830 1778 August.
865 1738 925 1769 lib.

232 1796 340 1819 xvm.
356 1787 398 1818 de
410 1787 482 1818 Civ.
493 1788 540 1819 D.
553 1796 628 1827 cap.
639 1790 671 1818 2.
686 1787 843 1826 Bongars.
858 1787 925 1821 Qui

230 1842 267 1869 et
281 1838 389 1878 patris
411 1837 544 1868 nomine
559 1839 568 1855 ‘
585 1837 709 1868 Ninus'
732 1838 819 1874 aliis,
843 1842 878 1869 et
904 1848 924 1868 a

230 1891 329 1927 patre
344 1887 354 1903 ‘
368 1886 511 1918 Ninius.'
556 1886 644 1917 Alii‘
659 1886 828 1918 Zameim'
843 1897 922 1928 quo-

188 1966 194 1971 ,
229 1947 294 1978 que
307 1937 475 1968 dixerunt.
492 1937 622 1968 Bernec.
637 1937 757 1967 Ninum
770 1936 922 1978 plerique

227 1987 311 2018 Mss.
336 1988 462 2026 legunt.
485 1987 602 2017 Conon
625 1986 683 2017 lib.
700 1989 730 2017 9.
746 1996 800 2026 ap.
817 1986 919 2018 Phot.

228 2037 312 2070 Cod.
330 2040 402 2069 186.
415 2037 588 2069 historiam
604 2037 689 2068 hanc
705 2037 804 2077 longe
819 2037 921 2069 aliter

226 2092 353 2120 narrat.
380 2088 443 2120 Ox.

268 2136 488 2177 Semiramide]
531 2137 665 2168 Praeter
689 2135 795 2168 Diod.
822 2145 862 2168 11.
885 2139 917 2169 4.

225 2186 293 2219 vid.
311 2187 403 2218 Plut.
417 2187 450 2218 in
475 2187 626 2227 Ἐρωτικῷ
648 2197 723 2227 cap.
738 2189 789 2218 10.
804 2190 840 2218 et
862 2187 918 2217 ,ΙΕ-

224 2237 304 2269 lian.
316 2242 402 2270 Ποικ.
416 2237 491 2269 Ἱστ.
503 2247 568 2269 vn.
579 2241 608 2268 1.
619 2237 777 2276 Bongars.
800 2237 917 2268 Conon

223 2297 276 2329 ap.
304 2288 407 2319 Phot.
436 2289 536 2319 Narr.
554 2296 605 2318 rx.
627 2287 749 2325 tradit,
773 2286 916 2318 Semira-

223 2338 303 2379 min,
331 2348 396 2370 non
422 2348 562 2370 uxorem
588 2337 684 2376 Nini,
713 2337 773 2367 sed
801 2336 917 2377 filiam,

221 2388 337 2421 fuisse.
383 2388 441 2420 Ait
451 2392 621 2429 praeterea
632 2386 916 2427 Justinus,illa1n,

222 2438 435 2469 concubitum
459 2448 535 2469 cum
561 2446 581 2468 a
603 2436 672 2466 filio
688 2436 855 2476 petiisset,
871 2436 913 2466 ab

222 2489 297 2520 eod.
311 2489 542 2521 interfectam.
585 2489 703 2520 Conon
718 2497 799 2518 vero
812 2487 913 2527 longe

220 2539 330 2570 aliter.
373 2539 501 2570 Scribit
516 2538 618 2578 enim,
634 2547 710 2569 cum
720 2536 914 2577 imprudens

221 2593 257 2619 et
272 2588 388 2628 ignara
403 2599 478 2620 cum
500 2588 570 2619 filio
583 2588 730 2626 coiisset,
747 2596 783 2618 re
799 2587 913 2627 cogni-

221 2641 268 2676 ta,
295 2638 360 2670 eid.
384 2639 551 2679 nupsisse,
573 2642 609 2669 et
632 2647 675 2668 ex
698 2646 738 2668 eo
758 2641 912 2677 tempore

219 2687 348 2718 licitum
364 2697 497 2728 semper
509 2687 612 2718 fuisse
628 2686 744 2718 Persis
760 2687 912 2718 commis-

220 2738 290 2769 ceri
303 2739 475 2771 matribus.
502 2739 587 2770 Voss.

262 2788 348 2820 CAP.
364 2797 403 2819 11.
425 2789 476 2829 §1
503 2787 664 2827 Tractare]
693 2788 772 2819 Tac.
798 2796 838 2819 11.
864 2787 909 2820 A.

218 2839 271 2869 67.
293 2838 302 2855 ‘
317 2838 384 2871 Qui
402 2848 542 2879 regnum
557 2838 696 2869 interim
711 2842 878 2869 tractaret
890 2837 910 2869 :'

220 2892 256 2917 et
272 2887 411 2921 Lucret.
426 2898 458 2922 v.
474 2891 548 2921 930.
571 2890 581 2906 ‘
595 2887 760 2920 Tractare
783 2887 908 2920 vitam!

223 2935 356 2968 Gronov.

1598 382 1680 423 621

1037 484 1101 516 Vix
1112 484 1284 525 patienter]
1307 484 1407 524 Angl.
1422 484 1477 515 vix
1488 485 1682 524 parentibus.

988 534 1088 566 Quod
1119 534 1253 564 videtur
1284 534 1414 565 melius.
1473 534 1562 565 Nam
1597 535 1681 565 illud

983 585 1142 625 patienter
1179 582 1399 624 superfluum,
1429 583 1522 623 quia,
1552 583 1681 615 ubiest

986 634 1211 674 impatientIa‚
1223 633 1270 664 ibi
1286 642 1384 663 nemo
1401 636 1510 672 paret.
1544 633 1680 665 Deinde

985 684 1103 723 verba,
1117 684 1205 714 sicut
1220 692 1308 714 nunc
1323 692 1358 713 se
1370 682 1506 721 habent,
1522 688 1627 723 agunt
1637 684 1680 714 de

985 734 1112 766 futuro.
1156 735 1204 765 At
1220 734 1412 765 Semiramis
1434 733 1616 773 colligebat
1638 744 1680 765 ex

985 785 1160 825 praesenti,
1187 785 1268 827 quid
1297 784 1501 825 sperandum
1527 789 1679 815 metuen-

984 835 1105 866 dumve
1135 835 1200 866 sibi
1230 838 1331 866 esset.
1375 833 1497 874 Itaque
1518 838 1611 864 recte
1625 844 1680 874 pa-

981 885 1132 924 rentibus,
1158 889 1230 916 tum
1264 884 1336 915 scil.
1361 888 1397 914 et
1420 882 1572 923 proxime
1600 888 1680 914 ante

981 935 1058 966 vivo
1075 935 1182 966 adhuc
1204 935 1306 966 Nino.
1329 933 1433 972 Schef.
1481 934 1572 964 Cave
1586 934 1680 974 quic·

981 995 1080 1026 quam
1104 990 1212 1016 mutes
1237 989 1355 1015 contra
1379 988 1432 1015 tot
1450 983 1548 1014 codd.
1565 983 1678 1015 fidem.

986 1035 1050 1066 Vix
1071 1036 1228 1075 patienter
1246 1034 1399 1075 parituris
1421 1037 1485 1072 est,
1509 1043 1584 1074 quae
1603 1043 1678 1073 gra-

980 1086 1084 1116 vatim
1100 1095 1192 1124 aegre
1216 1094 1338 1126 parere
1355 1085 1486 1115 soleant
1509 1083 1567 1114 uni
1589 1085 1676 1120 viro,

979 1135 1104 1165 nedum
1120 1135 1268 1167 feminae.
1315 1135 1392 1165 Non
1407 1133 1559 1164 movebit
1573 1143 1678 1174 quen-

980 1193 1077 1224 quam
1092 1183 1255 1215 futurum.
1279 1185 1359 1216 Non
1375 1184 1480 1215 solum
1495 1183 1582 1213 enim
1600 1193 1676 1224 par-

979 1235 1096 1275 ticipia
1129 1239 1208 1266 sunt
1235 1235 1383 1270 omnium
1407 1239 1611 1273 temporum,
1636 1238 1676 1264 ut

979 1285 1066 1316 bene
1083 1285 1196 1316 docuit
1222 1285 1379 1316 Sanctius
1402 1284 1434 1314 in
1451 1283 1538 1314 Min.
1563 1282 1623 1313 sed
1640 1287 1676 1314 et

977 1334 1091 1367 futura
1103 1346 1194 1376 saepe
1209 1336 1242 1366 in
1256 1336 1320 1367 hac
1336 1335 1474 1366 notione
1491 1338 1675 1374 ponuntur,

978 1385 1255 1427 qua‘pariturae'
1279 1386 1333 1416 hic
1357 1384 1500 1426 positum
1524 1393 1598 1415 esse
1623 1393 1675 1414 os-

977 1437 1084 1476 tendi,
1120 1441 1158 1468 ut
1182 1436 1333 1477 pluribus
1361 1436 1474 1467 monui
1499 1435 1533 1465 in
1558 1435 1672 1465 Lectt.

977 1486 1117 1517 Hesiod.
1142 1487 1247 1518 Groev.

1020 1537 1036 1576 ξ
1060 1539 1080 1567 2
1102 1536 1370 1567 Lineamentorum
1385 1534 1532 1575 qualitas]
1559 1534 1568 1552 ‘
1582 1536 1673 1568 Qua-

975 1586 1069 1617 litas'
1092 1596 1157 1617 vox
1174 1586 1348 1618 Ciceronis
1366 1595 1439 1616 aevo
1454 1595 1552 1625 nova,
1577 1592 1613 1618 et
1628 1587 1672 1619 ab

977 1636 1052 1668 eod.
1069 1636 1111 1668 ad
1124 1637 1285 1669 Graecum
1299 1634 1461 1673 ποιότητος
1471 1635 1670 1668 vocabulum

975 1685 1133 1727 formata,
1150 1690 1188 1718 ut
1207 1697 1249 1718 ex
1266 1686 1374 1718 Acad.
1398 1687 1442 1719 Q.
1458 1694 1484 1718 1.
1509 1691 1668 1727 apparet.

974 1737 983 1753 ‘
997 1737 1187 1769 Qualitates
1202 1735 1415 1778 appellavit‚'
1431 1735 1548 1776 inquit,
1564 1737 1573 1753 ‘
1588 1746 1672 1778 quas

973 1786 1138 1824 ποιότητας
1167 1787 1283 1818 Graeci
1313 1787 1456 1817 vocant.’
1500 1786 1669 1828 Quodque

975 1835 1046 1866 Cic.
1062 1835 1146 1866 ibid.
1171 1834 1214 1866 de
1238 1835 1404 1866 vocabulo
1427 1835 1551 1866 Graeco
1574 1835 1671 1876 dicit,

971 1885 981 1901 ‘
993 1894 1060 1916 non
1076 1894 1151 1916 esse
1173 1885 1207 1915 id
1228 1884 1318 1925 apud
1335 1885 1474 1915 Graecos
1491 1885 1579 1924 vulgi
1595 1895 1670 1915 ver-

971 1933 1062 1974 bum,
1077 1933 1140 1965 sed
1161 1933 1458 1975 philosophorum,'
1476 1933 1509 1964 id
1531 1944 1602 1965 aevo
1616 1935 1670 1965 Ci-

971 1986 1104 2016 ceronis
1118 1985 1159 2017 de
1174 1986 1248 2026 ipso
1265 1995 1399 2026 quoque
1414 1978 1535 2016 Latino
1551 1995 1667 2017 verum

969 2034 1047 2067 fuit.
1079 2036 1297 2076 Usurparunt
1313 2038 1428 2066 tamen
1444 2044 1563 2065 vocem
1577 2038 1669 2075 post-

969 2095 1010 2116 ea
1020 2086 1172 2118 Scribon.
1185 2087 1327 2127 Largus,
1339 2085 1418 2116 Seu.
1435 2085 1524 2117 Plin.
1538 2086 1668 2118 Colum.

973 2135 1047 2167 Var.

1011 2188 1070 2227 §3
1100 2186 1302 2226 Velamentis]
1341 2186 1438 2217 Vett.
1476 2185 1533 2216 alii
1564 2186 1667 2218 virilis

966 2237 1079 2267 vestis.-
1103 2236 1160 2267 alii
1174 2236 1404 2272 calciamentis,·
1421 2236 1536 2275 placet
1553 2236 1665 2277 vulga-

966 2290 1002 2317 ta
1025 2287 1140 2318 lectio.
1180 2287 1256 2317 Lib.
1283 2295 1324 2316 Π.
1355 2287 1364 2302 ‘
1381 2286 1579 2326 Priusquam
1606 2285 1664 2316 ad-

965 2346 1081 2367 versus
1101 2337 1249 2367 calorem
1273 2336 1326 2366 vel
1349 2334 1452 2374 frigus
1475 2335 1665 2366 velamenta

964 2385 1115 2425 corporis
1139 2384 1392 2416 invenirentur!
1428 2385 1522 2424 Virg.
1537 2394 1586 2415 VI.
1613 2386 1668 2416 AE.

963 2438 1039 2466 221.
1077 2436 1086 2452 ‘
1101 2436 1364 2476 Purpureasque
1406 2444 1508 2474 super
1538 2438 1663 2474 vesteS‚

964 2485 1130 2516 velamina
1152 2490 1246 2524 nota,
1279 2484 1467 2524 Injiciunt.'
1504 2484 1665 2523 Bougars.

963 2535 1102 2566 Retinui
1134 2545 1252 2567 vocem
1285 2539 1481 2575 usurpatam
1519 2535 1664 2565 Auctori

962 2585 1064 2616 etiam
1089 2585 1150 2616 inf.
1189 2594 1229 2616 11.
1253 2588 1281 2616 1.
1314 2588 1345 2616 6.
1380 2586 1582 2625 Quanquam
1618 2586 1662 2618 cl.

961 2635 1101 2666 Salmas.
1123 2635 1140 2665 ὃ
1162 2633 1335 2674 θαυμάσιος,
1358 2635 1393 2665 in
1415 2634 1482 2665 illis
1506 2643 1660 2665 consum-

960 2685 1153 2717 matissimae
1181 2685 1349 2716 doctrinae
1372 2684 1472 2715 Notis
1495 2683 1537 2714 ad
1567 2683 1662 2716 Hist.

960 2735 1049 2776 Aug.
1072 2738 1145 2767 223.
1190 2736 1229 2766 E.
1250 2744 1293 2767 ex
1307 2734 1375 2765 fide
1392 2735 1476 2765 Mss.
1494 2732 1660 2765 codd.hic

959 2786 1095 2826 reponit
1115 2786 1333 2823 calciamentis,
1356 2788 1391 2815 et
1413 2783 1572 2824 explicat,
1587 2782 1659 2821 fas-

958 2837 1022 2868 cias
1044 2838 1178 2868 crurales
1195 2840 1225 2868 et
1239 2836 1416 2874 feminales.
1462 2835 1540 2867 Quo
1555 2835 1657 2867 modo

959 2886 1084 2918 Pollux
1100 2887 1205 2919 etiam
1231 2886 1366 2925 ὑπόδημα
1380 2889 1481 2917 vocat
1502 2885 1540 2915 τὸ
1561 2884 1656 2916 πέλυ-

957 2949 1046 2978 τρον;
1085 2942 1122 2970 et
1157 2937 1308 2979 Hesych.
1344 2937 1469 2978 ἀρτῆρα,
1498 2935 1654 2976 ὑπόδημα;
