2101 3419
427 340 512 383 860

427 445 506 477 mihi
519 454 638 486 sapere
652 445 837 487 sequentis,
851 445 862 463 ‘
876 444 984 478 citato
1000 445 1127 486 cursu‚'

428 496 574 527 videtur.
657 497 864 528 Examinent
926 499 1126 537 sagaciores.

428 546 533 584 Schef.
575 547 664 578 Saxo
693 556 769 578 xiv.
798 558 831 588 p.
856 551 929 579 314.
957 551 1009 580 10.
1043 550 1052 566 ‘
1071 549 1124 580 Ad

427 597 550 636 locum,
576 597 631 627 cui
658 607 781 628 nomen
809 597 995 639 Ostrozno,
1021 599 1127 631 citata

427 647 646 687 navigatione
664 647 864 687 profectus!

471 699 489 738 ς
516 701 533 728 5
555 698 716 738 Tradidit]
745 699 904 730 VIncent.
927 699 937 715 ‘
953 699 1127 731 reddidit-⁷

472 749 489 788 ξ
515 751 535 779 9
560 747 622 778 Sed
641 748 815 789 Olympias]
842 749 1046 789 Coujunctio
1070 750 1126 781 ad-

428 798 600 829 versativa
625 798 706 828 mihi
736 799 836 839 plane
867 800 973 830 otiosa
999 800 1051 830 hic
1081 800 1127 830 vi-

429 848 550 887 detur3
588 848 669 879 nihil
695 854 789 880 certe
821 850 935 890 habet,
967 850 1008 881 ad
1039 851 1125 891 quod

430 900 604 931 commode
637 901 744 941 possit
774 901 906 933 referri.
967 904 1127 943 Suspicor

429 956 540 981 autem
569 954 684 982 natam
719 961 761 982 ex
796 958 970 993 postrema
997 955 1127 994 syllaba

429 1001 520 1031 vocis
538 1010 642 1041 praec.
668 1001 772 1040 Schcf.

478 1051 567 1082 Veste
595 1052 710 1092 regali]
746 1053 823 1083 Hoc
847 1055 1003 1094 exemplo
1030 1055 1126 1086 Cleo-

429 1105 526 1140 patra
561 1101 570 1118 ‘
587 1103 750 1134 maximos
778 1104 896 1134 induta
921 1105 1055 1135 cultus’
1085 1106 1127 1136 ad

429 1156 570 1183 mortem
596 1162 631 1184 se
658 1154 809 1193 paravit:
835 1155 987 1186 Flor.1v.
1005 1159 1056 1186 11.
1074 1159 1127 1188 20.

428 1202 494 1232 Sed
512 1209 546 1233 et
559 1204 702 1234 Romani
715 1214 888 1244 proceres,
901 1205 981 1235 urbe
992 1215 1011 1235 a
1024 1206 1128 1236 Gallis

428 1257 606 1292 occupata,
628 1254 636 1270 ‘
655 1254 889 1293 augustissime
913 1255 1036 1295 vestiti,
1054 1255 1129 1287 hos-

429 1302 512 1333 tium
529 1303 712 1334 adventum
730 1304 902 1335 obstinato
925 1305 966 1335 ad
985 1310 1128 1336 mortem

427 1353 540 1383 animo
557 1359 761 1393 exspectant
777 1354 798 1384 :’
822 1355 895 1385 Liv.
910 1364 942 1385 v.
956 1358 1009 1386 41.
1027 1359 1058 1386 2.
1084 1357 1128 1386 Et

428 1402 550 1442 Varus,
572 1405 581 1421 ‘
600 1414 674 1434 cum
698 1414 732 1434 se
759 1404 942 1444 insignibus
965 1405 1127 1436 honorum

429 1453 588 1492 velasset,
610 1454 785 1494 jugulatus
811 1454 899 1485 est:’
932 1455 1067 1486 Patere.
1086 1466 1128 1487 11.

428 1506 481 1534 71.
507 1508 538 1535 5.
597 1505 650 1535 Ita
680 1505 721 1535 de
750 1505 901 1536 Philocle
926 1505 1129 1538 Atheniensi

429 1555 522 1586 Plut.
539 1555 571 1585 in
587 1556 732 1595 Lysand.
745 1559 798 1587 23.
843 1557 933 1589 Quin
950 1557 1050 1587 etiam
1067 1558 1127 1588 viri

429 1606 593 1637 militares
611 1607 643 1636 in
669 1607 774 1638 aciem
791 1607 831 1637 ad
856 1613 1044 1638 extremuni
1062 1608 1128 1638 dis-

430 1657 556 1687 crimen
584 1657 664 1687 ituri
695 1667 821 1688 morem
852 1658 941 1688 hunc
971 1659 1127 1689 observa-

429 1712 518 1747 runt,
533 1713 570 1739 ut
588 1708 665 1739 olim
684 1708 810 1748 Persa»,
832 1709 874 1739 de
891 1709 1012 1750 quibus
1030 1710 1127 1741 Curt.

431 1766 462 1788 v.
479 1760 510 1788 9.
527 1761 557 1788 2.
580 1763 616 1788 et
641 1763 774 1797 patrum
796 1760 956 1789 memoria
979 1761 1127 1791 Sei-iuius

428 1807 525 1838 heros
562 1806 745 1838 fortissime
782 1808 822 1838 ad
858 1809 1034 1848 Sigethuin
1074 1820 1128 1841 oc-

428 1857 612 1888 cumbens:
659 1857 790 1890 Thumi.
825 1867 954 1889 xxxrx.
993 1869 1025 1899 p.
1055 1862 1129 1891 382.

428 1907 588 1938 Socrates
618 1911 743 1946 tamen,
767 1908 946 1939 hausturus
969 1909 1129 1950 cicutam,

428 1957 578 1987 oblatum
596 1957 638 1988 ab
657 1956 864 1997 Apollodoro
883 1960 984 1989 talem
1000 1961 1128 1990 cultum

428 2008 538 2037 animo
565 2016 687 2045 magno
715 2017 861 2048 vereque
892 2009 1128 2050 philosophico

428 2057 558 2096 respuit
572 2067 580 2088 ε
594 2056 714 2088 AElian.
726 2058 767 2088 V.
783 2058 827 2088 H.
841 2068 863 2089 1.
879 2062 928 2090 16.
945 2061 1128 2092 Bcrueccer.

429 2107 615 2137 Morituros
631 2108 799 2138 curavisse
825 2113 861 2139 ut
876 2109 1015 2141 honeste
1033 2112 1129 2142 cade-

430 2162 518 2196 rent,
540 2157 692 2197 pluribus
709 2159 871 2198 exemplis
889 2160 1038 2191 ostendit
1054 2162 1128 2192 Ma-

430 2207 502 2248 gius
518 2208 665 2239 Miscell.
683 2218 723 2239 11.
741 2212 793 2240 21.
823 2210 891 2240 Vor.

472 2259 490 2298 ᾧ
522 2261 561 2289 10
588 2259 787 2290 Percussores
815 2260 958 2301 attoniti]
998 2261 1129 2294 Similia

431 2311 558 2342 Noster
571 2319 693 2342 xxxu.
712 2315 740 2344 1.
754 2315 784 2344 7.
809 2313 849 2343 dc
863 2314 1128 2354 Philopoemene.

430 2360 525 2391 Plut.
543 2360 576 2390 in
590 2360 711 2392 Artax.
723 2371 752 2393 c.
766 2365 819 2393 47.
844 2363 885 2393 do
899 2364 1014 2395 Dario.
1033 2366 1128 2398 Cui-t.

431 2419 468 2441 x.
485 2413 516 2441 8.
534 2413 566 2442 6.
590 2411 632 2442 (18
648 2411 831 2443 Perdicca.
863 2413 937 2444 Val.
954 2415 1002 2446 M.
1018 2424 1059 2447 11.
1078 2419 1129 2449 10.

430 2463 461 2492 6.
474 2461 516 2492 de
534 2462 658 2492 Mario.
682 2462 774 2494 Suet.
788 2465 840 2493 79.
853 2465 884 2495 2.
902 2463 944 2495 de
962 2464 1128 2505 Augusto.

430 2510 563 2543 Quibus
591 2521 634 2542 ex
663 2512 805 2543 historia
836 2515 1018 2546 recentiori
1048 2526 1129 2547 non-

430 2562 522 2592 nulla
552 2561 732 2594 Piccartus
759 2563 907 2596 adstruit
931 2566 1015 2599 obs.
1031 2576 1079 2600 vt.
1098 2571 1129 2600 1.

431 2613 530 2644 Bern.

472 2664 489 2703 ᾧ
515 2666 553 2695 11
578 2664 652 2694 Non
673 2663 876 2703 refugientem
895 2667 1046 2708 gladium,
1059 2669 1129 2709 lisa]

431 2713 578 2753 Οὐδεμίαν
590 2714 700 2752 ἀγεννῆ
713 2715 762 2746 καὶ
774 2718 950 2754 ’γυναικεῖαν
963 2717 1130 2759 προεμένην

431 2764 572 2803 ἄξίωσινε
599 2765 698 2797 Diod.
713 2775 779 2797 xn.
795 2770 848 2798 51.
872 2777 948 2799 cum
967 2779 1031 2810 quo
1056 2769 1128 2802 haec

430 2816 668 2857 comparanda,
704 2823 741 2848 et
776 2819 870 2858 quasi
907 2829 950 2851 ex
987 2820 1129 2852 adverso

432 2868 590 2907 ponenda
626 2872 716 2899 sunt.
761 2869 918 2909 Bongars.
981 2872 1129 2913 Utrique

432 2917 620 2948 contrarius
637 2917 737 2950 Paus.
755 2918 786 2950 iu
812 2920 923 2953 Boeot.
940 2931 973 2963 p.
988 2925 1062 2955 553.
1076 2925 1128 2955 30.

883 351 1025 382 NOTAE
1059 350 1322 383 VARIORUM
1357 352 1408 382 IN

1175 446 1343 487 lapidibus
1375 447 1529 479 obrutam
1562 447 1668 479 tradit
1699 446 1875 488 Olympia-

1177 497 1266 528 dem.
1312 498 1520 530 Constantiae
1543 498 1659 529 similis
1683 498 1875 538 exemplum

1177 548 1373 580 observavit
1408 548 1442 578 in
1478 548 1606 579 Troade
1637 548 1715 580 Sen.
1746 552 1812 578 act.
1841 556 1877 580 v.

1175 598 1339 629 Sebisius.
1361 599 1481 630 Horat.
1498 607 1524 630 1.
1555 598 1623 630 Od.
1639 601 1691 630 37.
1718 598 1760 628 de
1778 598 1876 629 Cleo-

1177 652 1293 688 patra:
1340 648 1349 665 ‘
1378 649 1463 680 Quae
1511 648 1709 689 generosius
1754 647 1876 678 Perire

1177 708 1344 740 quaerens,
1378 708 1441 730 nec
1479 698 1690 730 muliebriter
1728 698 1879 738 Expavit

1177 749 1315 781 ensem!
1343 750 1439 781 Bern.

1220 800 1287 830 Nec
1322 800 1458 838 vulnera,
1493 802 1547 830 aut
1580 798 1770 830 muliebriter
1797 798 1877 830 voci-

1168 850 1342 890 ferantem]
1374 850 1470 881 Junt.
1494 859 1548 880 nec
1568 853 1641 881 ante
1659 850 1742 880 vuln.
1759 850 1832 880 mul.
1848 859 1879 880 v.

1178 901 1292 932 Graev.
1339 901 1512 932 Concinne
1532 901 1629 933 Junt.
1662 900 1765 931 Vorst.
1808 900 1879 931 Ms.

1175 953 1227 982 sed
1243 955 1271 982 et
1290 951 1412 982 vulnera
1426 951 1517 982 haud.
1551 950 1690 980 Mallem
1702 951 1756 981 sed
1769 953 1823 981 nec
1838 951 1878 981 ad

1176 1002 1302 1032 vulnera
1332 1001 1531 1032 muliebriter.
1590 1001 1667 1031 Non
1695 1001 1783 1032 enim
1810 1010 1878 1031 non

1178 1056 1257 1082 ante
1289 1052 1427 1082 vulnera
1464 1056 1608 1092 tantum,
1635 1051 1694 1082 sed
1726 1056 1762 1082 et
1798 1051 1880 1082 dum

1178 1104 1387 1143 vulneratur,
1400 1104 1500 1144 inque
1518 1104 1592 1143 ipsa
1607 1106 1731 1142 morte,
1744 1100 1882 1133 fortiter

1179 1162 1215 1183 se
1231 1153 1347 1191 gessit.
1373 1152 1477 1191 Schef.

1226 1204 1269 1234 Ut
1291 1203 1505 1234 Alexandrum
1523 1213 1626 1244 posses
1648 1203 1743 1235 etiam
1765 1203 1798 1234 in
1819 1213 1881 1234 mo-

1178 1255 1278 1285 riente
1293 1258 1391 1286 matre
1406 1255 1599 1295 cognoscere]
1638 1255 1677 1286 In
1692 1255 1777 1286 Mss.
1790 1256 1880 1295 lege-

1178 1305 1278 1336 batur
1292 1305 1324 1335 in
1337 1306 1484 1336 moriente
1491 1309 1595 1345 patre,
1608 1309 1637 1336 et
1648 1309 1758 1336 matre.
1776 1304 1878 1337 Unde

1179 1355 1306 1395 nescio,
1328 1365 1369 1385 an
1393 1365 1472 1387 vere
1496 1357 1700 1396 conjecerim
1724 1359 1761 1387 ut
1783 1357 1880 1387 Alex-

1179 1407 1309 1436 andrum
1335 1415 1436 1446 posses
1468 1406 1563 1436 etiam
1592 1406 1626 1436 in
1657 1405 1814 1446 moriente,
1843 1410 1878 1437 ut

1176 1457 1331 1497 pariente,
1373 1461 1472 1488 matre
1520 1467 1713 1496 cognoscere.
1771 1457 1881 1488 Sensu

1180 1508 1310 1548 optimo
1331 1512 1365 1538 et
1390 1507 1576 1538 verissimo.
1604 1507 1692 1538 Voss.
1730 1507 1796 1539 Ov.
1813 1508 1880 1548 Ep.

1179 1563 1233 1591 99.
1264 1563 1336 1591 151.
1372 1561 1381 1577 ‘
1399 1560 1454 1590 Tu
1478 1568 1612 1600 quoque
1635 1567 1818 1598 cognosces
1846 1559 1880 1589 in

1180 1621 1246 1651 me,
1271 1611 1462 1651 Meleagre,
1483 1619 1628 1641 sororem
1643 1609 1662 1640 :’
1687 1616 1722 1640 et
1739 1618 1805 1640 xu.
1828 1609 1880 1640 M·

1179 1665 1253 1693 620.
1297 1661 1403 1702 ‘Ipse
1436 1661 1551 1700 etiam,
1580 1666 1617 1690 ut
1647 1660 1744 1700 cujus
1774 1658 1880 1691 fuerit

1180 1722 1387 1752 cognoscere
1410 1712 1527 1752 possis,
1549 1711 1647 1742 Bella
1676 1716 1788 1742 movet
1810 1711 1880 1752 cly-

1180 1763 1285 1803 peus.’
1310 1763 1408 1793 Gron.

1223 1814 1239 1853 ς
1258 1816 1297 1844 12
1309 1813 1381 1843 Insa
1383 1822 1438 1853 par
1452 1813 1614 1852 exspirans
1625 1813 1745 1852 capillis
1756 1814 1785 1843 et
1796 1816 1879 1843 veste

1179 1876 1282 1905 crura,
1296 1865 1362 1905 ἃς]
1387 1866 1471 1896 Mss.
1491 1865 1662 1905 Compsisse
1677 1864 1812 1904 insuper,
1827 1865 1878 1903 &a

1180 1916 1265 1947 Inde
1281 1917 1389 1947 Scbis.
1407 1915 1580 1946 rescribit:
1608 1916 1816 1955 Composuisse
1831 1916 1879 1947 in-

1178 1977 1268 2007 super
1283 1966 1445 2006 exspirans
1460 1966 1598 2005 capillos,
1614 1967 1666 2004 ιῇτ.
1694 1965 1880 2006 ingeniose,

1179 2022 1225 2055 et,
1239 2022 1275 2048 ut
1301 2023 1394 2056 puto,
1410 2026 1501 2047 vere.
1546 2017 1598 2046 De
1612 2016 1765 2056 Augusto
1782 2018 1877 2049 Suet.

1177 2071 1230 2098 99.
1268 2068 1458 2107 ‘Supremo
1483 2067 1552 2105 die,
1581 2067 1689 2107 petito
1725 2068 1877 2107 speculo,

1180 2117 1339 2157 capillum
1355 2116 1416 2147 sibi
1434 2117 1534 2154 comi,
1548 2127 1586 2147 ac
1603 2117 1708 2147 malas
1722 2116 1878 2148 labentes

1179 2168 1304 2207 corrigi
1332 2166 1522 2208 prmcepit.’
1568 2167 1678 2199 Notus
1704 2167 1879 2208 Euripidis

1179 2217 1222 2248 de
1256 2218 1434 2258 Polyxena
1471 2227 1601 2258 versuS,
1636 2227 1733 2259 quem
1771 2217 1880 2250 refert

1181 2268 1268 2298 Pliu.
1287 2277 1338 2298 lv.
1363 2269 1425 2307 Ep.
1444 2271 1493 2298 11.
1543 2268 1710 2299 Corneliae
1740 2269 1877 2309 virginis

1179 2318 1325 2348 Vestalis
1340 2318 1542 2357 supplicium
1566 2328 1724 2350 narrans:
1749 2319 1879 2356 Πολλὴν

1179 2367 1319 2409 πρόνοιαν
1341 2367 1424 2408 εἶχεν
1447 2368 1642 2407 εὐσχημόνως
1663 2371 1781 2401 πεσεῖν.
1813 2371 1878 2402 Ον.

1181 2420 1217 2450 F.
1232 2428 1270 2450 11.
1294 2422 1368 2450 833.
1394 2419 1435 2449 de
1455 2419 1635 2451 Lucretia:
1660 2419 1669 2436 ‘
1684 2420 1778 2451 Tunc
1797 2429 1879 2461 quo·

1180 2470 1325 2510 quejam
1349 2470 1507 2507 moriens,
1524 2479 1566 2500 ne
1588 2479 1654 2500 non
1678 2471 1880 2511 procumbat

1181 2519 1332 2559 honeste,
1359 2520 1535 2559 Respicit:
1571 2521 1645 2551 haec
1668 2522 1771 2552 etiam
1795 2531 1879 2552 cura

1180 2569 1335 2601 cadentis
1352 2569 1447 2600 erat!
1483 2569 1583 2601 Quod
1600 2579 1703 2610 genus
1721 2571 1880 2610 exempla

1182 2621 1280 2661 plura
1306 2620 1446 2661 collegit
1472 2620 1617 2651 Hieron.
1646 2620 1780 2660 Magius
1798 2621 1879 2652 Mis-

1180 2671 1256 2702 cell.
1286 2679 1327 2702 11.
1353 2673 1405 2701 21.
1450 2669 1539 2701 Add.
1564 2670 1658 2701 Plut.
1697 2670 1879 2703 Cleomene

1179 2724 1232 2752 53.
1257 2721 1439 2752 Berneccer.
1484 2720 1566 2752 Quis
1584 2720 1720 2752 dubitet
1742 2721 1879 2762 legend.

1180 2781 1265 2812 esse,
1277 2772 1359 2803 utin
1376 2772 1458 2802 Mss.
1475 2771 1631 2812 quibusd.
1645 2781 1718 2802 esse
1732 2776 1879 2803 testatur

1180 2822 1290 2862 Bong.
1338 2821 1512 2861 Compsisse
1555 2822 1681 2862 insuper
1717 2821 1878 2863 exspirans

1179 2870 1326 2913 capillos?
1360 2872 1462 2903 Certe
1479 2871 1611 2911 capillis
1638 2881 1737 2903 crura
1761 2877 1878 2913 tegere

1182 2932 1247 2954 non
1283 2922 1407 2963 potuit.
1457 2922 1559 2953 Vorst.
1620 2922 1704 2953 Mss.
1742 2923 1877 2963 quidam
