<?xml version="1.0" encoding="UTF-8"?>
<!DOCTYPE html PUBLIC "-//W3C//DTD XHTML 1.0 Transitional//EN"
    "http://www.w3.org/TR/xhtml1/DTD/xhtml1-transitional.dtd">
<html xmlns="http://www.w3.org/1999/xhtml" xml:lang="en" lang="en">
 <head>
  <title>
</title>
<meta http-equiv="Content-Type" content="text/html;charset=utf-8" />
  <meta name='ocr-system' content='tesseract 3.04.00' />
  <meta name='ocr-capabilities' content='ocr_page ocr_carea ocr_par ocr_line ocrx_word'/>
</head>
<body>
  <div class='ocr_page' id='page_1' title='image "./historiaephilipp02just/historiaephilipp02just_0188.png"; bbox 0 0 2174 3424; ppageno 0'>
   <div class='ocr_carea' id='block_1_1' title="bbox 488 347 573 388">
    <p class='ocr_par' dir='ltr' id='par_1_1' title="bbox 488 347 573 388">
     <span class='ocr_line' id='line_1_1' title="bbox 488 347 573 388; baseline -0.012 0"><span class='ocrx_word' id='word_1_1' title='bbox 488 347 573 388; x_wconf 88' lang='grc'><strong>790</strong></span> 
     </span>
    </p>
   </div>
   <div class='ocr_carea' id='block_1_2' title="bbox 490 449 1222 2899">
    <p class='ocr_par' dir='ltr' id='par_1_2' title="bbox 490 449 1199 1434">
     <span class='ocr_line' id='line_1_2' title="bbox 491 449 1186 491; baseline 0 -9"><span class='ocrx_word' id='word_1_2' title='bbox 491 453 630 482; x_wconf 86' lang='lat' dir='ltr'>Romam</span> <span class='ocrx_word' id='word_1_3' title='bbox 653 449 663 466; x_wconf 90' lang='lat'>‘</span> <span class='ocrx_word' id='word_1_4' title='bbox 678 449 807 481; x_wconf 83' lang='lat' dir='ltr'>Urbem</span> <span class='ocrx_word' id='word_1_5' title='bbox 831 450 1010 481; x_wconf 82' lang='lat' dir='ltr'><strong>aeternam&#39;</strong></span> <span class='ocrx_word' id='word_1_6' title='bbox 1036 450 1186 491; x_wconf 81' lang='lat' dir='ltr'><strong>jactant,</strong></span> 
     </span>
     <span class='ocr_line' id='line_1_3' title="bbox 490 500 1185 543; baseline 0.001 -11"><span class='ocrx_word' id='word_1_7' title='bbox 490 506 620 542; x_wconf 76' lang='lat' dir='ltr'><strong>praeter</strong></span> <span class='ocrx_word' id='word_1_8' title='bbox 662 500 909 541; x_wconf 86' lang='lat' dir='ltr'><strong>Inscriptiones</strong></span> <span class='ocrx_word' id='word_1_9' title='bbox 956 501 1108 543; x_wconf 84' lang='lat' dir='ltr'><strong>antiquas</strong></span> <span class='ocrx_word' id='word_1_10' title='bbox 1149 506 1185 533; x_wconf 92' lang='lat' dir='ltr'><strong>et</strong></span> 
     </span>
     <span class='ocr_line' id='line_1_4' title="bbox 491 551 1185 592; baseline 0.001 -9"><span class='ocrx_word' id='word_1_11' title='bbox 491 553 604 592; x_wconf 88' lang='lat' dir='ltr'><strong>Impp.</strong></span> <span class='ocrx_word' id='word_1_12' title='bbox 628 552 908 591; x_wconf 84' lang='lat' dir='ltr'><strong>Constitutiones,</strong></span> <span class='ocrx_word' id='word_1_13' title='bbox 924 551 1089 585; x_wconf 89' lang='lat' dir='ltr'><strong>Ammian.</strong></span> <span class='ocrx_word' id='word_1_14' title='bbox 1109 561 1185 585; x_wconf 73' lang='lat' dir='ltr'><strong>xrv.</strong></span> 
     </span>
     <span class='ocr_line' id='line_1_5' title="bbox 493 602 1185 634; baseline 0.003 -2"><span class='ocrx_word' id='word_1_15' title='bbox 493 605 544 634; x_wconf 83' lang='grc'><strong>14.</strong></span> <span class='ocrx_word' id='word_1_16' title='bbox 568 602 642 633; x_wconf 80' lang='lat' dir='ltr'><strong>Liv.</strong></span> <span class='ocrx_word' id='word_1_17' title='bbox 654 610 790 632; x_wconf 81' lang='lat' dir='ltr'><strong>xxvnr.</strong></span> <span class='ocrx_word' id='word_1_18' title='bbox 805 605 859 633; x_wconf 83' lang='lat'><strong>28.</strong></span> <span class='ocrx_word' id='word_1_19' title='bbox 873 605 925 633; x_wconf 84' lang='lat'><strong>12.</strong></span> <span class='ocrx_word' id='word_1_20' title='bbox 943 603 1032 634; x_wconf 90' lang='lat' dir='ltr'><strong>Flor.</strong></span> <span class='ocrx_word' id='word_1_21' title='bbox 1046 605 1076 634; x_wconf 92' lang='lat' dir='ltr'><strong>l.</strong></span> <span class='ocrx_word' id='word_1_22' title='bbox 1089 606 1120 634; x_wconf 83' lang='lat'><strong>7.</strong></span> <span class='ocrx_word' id='word_1_23' title='bbox 1133 606 1185 634; x_wconf 89' lang='grc'><strong>10.</strong></span> 
     </span>
     <span class='ocr_line' id='line_1_6' title="bbox 494 652 1187 692; baseline 0.001 -9"><span class='ocrx_word' id='word_1_24' title='bbox 494 655 557 684; x_wconf 80' lang='lat' dir='ltr'><strong>&amp;c.</strong></span> <span class='ocrx_word' id='word_1_25' title='bbox 585 652 805 692; x_wconf 83' lang='lat' dir='ltr'><strong>immemores,</strong></span> <span class='ocrx_word' id='word_1_26' title='bbox 835 653 970 683; x_wconf 83' lang='lat' dir='ltr'>‘onmia</span> <span class='ocrx_word' id='word_1_27' title='bbox 994 653 1187 684; x_wconf 81' lang='lat' dir='ltr'><strong>mortalium</strong></span> 
     </span>
     <span class='ocr_line' id='line_1_7' title="bbox 494 702 1188 743; baseline 0.001 -10"><span class='ocrx_word' id='word_1_28' title='bbox 494 712 600 743; x_wconf 88' lang='lat' dir='ltr'><strong>opera</strong></span> <span class='ocrx_word' id='word_1_29' title='bbox 623 702 828 734; x_wconf 81' lang='lat' dir='ltr'><strong>mortalitate</strong></span> <span class='ocrx_word' id='word_1_30' title='bbox 852 702 1013 734; x_wconf 85' lang='lat' dir='ltr'><strong>damnata</strong></span> <span class='ocrx_word' id='word_1_31' title='bbox 1036 712 1122 743; x_wconf 82' lang='lat' dir='ltr'><strong>esse,</strong></span> <span class='ocrx_word' id='word_1_32' title='bbox 1153 708 1188 734; x_wconf 93' lang='lat' dir='ltr'><strong>et</strong></span> 
     </span>
     <span class='ocr_line' id='line_1_8' title="bbox 494 753 1188 794; baseline 0.003 -11"><span class='ocrx_word' id='word_1_33' title='bbox 494 754 583 784; x_wconf 87' lang='lat' dir='ltr'><strong>inter</strong></span> <span class='ocrx_word' id='word_1_34' title='bbox 595 753 748 793; x_wconf 87' lang='lat' dir='ltr'><strong>peritura</strong></span> <span class='ocrx_word' id='word_1_35' title='bbox 764 763 823 784; x_wconf 86' lang='lat' dir='ltr'><strong>nos</strong></span> <span class='ocrx_word' id='word_1_36' title='bbox 838 753 952 784; x_wconf 80' lang='lat' dir='ltr'><strong>vivere</strong></span> <span class='ocrx_word' id='word_1_37' title='bbox 964 753 985 785; x_wconf 87' lang='lat'><strong>:’</strong></span> <span class='ocrx_word' id='word_1_38' title='bbox 1028 754 1107 785; x_wconf 88' lang='lat' dir='ltr'><strong>Sen.</strong></span> <span class='ocrx_word' id='word_1_39' title='bbox 1125 755 1188 794; x_wconf 87' lang='lat' dir='ltr'><strong>Ep.</strong></span> 
     </span>
     <span class='ocr_line' id='line_1_9' title="bbox 494 802 1188 843; baseline 0 -10"><span class='ocrx_word' id='word_1_40' title='bbox 494 806 548 833; x_wconf 85' lang='grc'><strong>91.</strong></span> <span class='ocrx_word' id='word_1_41' title='bbox 572 802 752 841; x_wconf 89' lang='lat' dir='ltr'><strong>‘Urbium,</strong></span> <span class='ocrx_word' id='word_1_42' title='bbox 776 803 1004 843; x_wconf 87' lang='lat' dir='ltr'><strong>imperiorum,</strong></span> <span class='ocrx_word' id='word_1_43' title='bbox 1025 803 1188 843; x_wconf 82' lang='lat' dir='ltr'><strong>gentium,</strong></span> 
     </span>
     <span class='ocr_line' id='line_1_10' title="bbox 495 851 1191 893; baseline 0 -10"><span class='ocrx_word' id='word_1_44' title='bbox 495 862 584 884; x_wconf 92' lang='lat' dir='ltr'><strong>nunc</strong></span> <span class='ocrx_word' id='word_1_45' title='bbox 613 851 713 884; x_wconf 88' lang='lat' dir='ltr'><strong>floret</strong></span> <span class='ocrx_word' id='word_1_46' title='bbox 736 852 886 893; x_wconf 85' lang='lat' dir='ltr'><strong>fortuna,</strong></span> <span class='ocrx_word' id='word_1_47' title='bbox 915 863 1003 884; x_wconf 89' lang='lat' dir='ltr'><strong>nunc</strong></span> <span class='ocrx_word' id='word_1_48' title='bbox 1033 853 1191 892; x_wconf 83' lang='lat' dir='ltr'><strong>senescit,</strong></span> 
     </span>
     <span class='ocr_line' id='line_1_11' title="bbox 495 901 1191 935; baseline 0 -2"><span class='ocrx_word' id='word_1_49' title='bbox 495 912 586 934; x_wconf 85' lang='lat' dir='ltr'><strong>nunc</strong></span> <span class='ocrx_word' id='word_1_50' title='bbox 609 903 729 933; x_wconf 86' lang='lat' dir='ltr'><strong>interit</strong></span> <span class='ocrx_word' id='word_1_51' title='bbox 743 902 764 934; x_wconf 72' lang='grc' dir='ltr'><strong>ε’</strong></span> <span class='ocrx_word' id='word_1_52' title='bbox 791 904 881 935; x_wconf 91' lang='lat' dir='ltr'><strong>Vell.</strong></span> <span class='ocrx_word' id='word_1_53' title='bbox 908 912 948 934; x_wconf 93' lang='lat'><strong>11.</strong></span> <span class='ocrx_word' id='word_1_54' title='bbox 972 906 1023 934; x_wconf 90' lang='lat'><strong>11.</strong></span> <span class='ocrx_word' id='word_1_55' title='bbox 1038 906 1070 934; x_wconf 87' lang='grc'><strong>6.</strong></span> <span class='ocrx_word' id='word_1_56' title='bbox 1094 902 1134 933; x_wconf 82' lang='grc' dir='ltr'><strong>Τὸ</strong></span> <span class='ocrx_word' id='word_1_57' title='bbox 1150 901 1191 934; x_wconf 81' lang='grc' dir='ltr'><strong>εἰ-</strong></span> 
     </span>
     <span class='ocr_line' id='line_1_12' title="bbox 497 951 1193 993; baseline 0 -10"><span class='ocrx_word' id='word_1_58' title='bbox 497 951 646 993; x_wconf 86' lang='grc' dir='ltr'>μαρμένον</span> <span class='ocrx_word' id='word_1_59' title='bbox 661 952 761 993; x_wconf 76' lang='grc' dir='ltr'>ὥσπερ</span> <span class='ocrx_word' id='word_1_60' title='bbox 773 951 932 992; x_wconf 80' lang='grc' dir='ltr'>ἐμψύχοις,</span> <span class='ocrx_word' id='word_1_61' title='bbox 946 952 1024 983; x_wconf 78' lang='grc' dir='ltr'>οὕτω</span> <span class='ocrx_word' id='word_1_62' title='bbox 1036 952 1086 983; x_wconf 78' lang='grc' dir='ltr'><strong>καὶ</strong></span> <span class='ocrx_word' id='word_1_63' title='bbox 1100 951 1193 983; x_wconf 84' lang='grc' dir='ltr'>πόλε-</span> 
     </span>
     <span class='ocr_line' id='line_1_13' title="bbox 498 1002 1192 1043; baseline 0.001 -10"><span class='ocrx_word' id='word_1_64' title='bbox 498 1014 548 1033; x_wconf 85' lang='grc' dir='ltr'><strong>σιν</strong></span> <span class='ocrx_word' id='word_1_65' title='bbox 564 1002 708 1042; x_wconf 76' lang='grc' dir='ltr'><strong>ἄφυκτον.</strong></span> <span class='ocrx_word' id='word_1_66' title='bbox 730 1003 930 1043; x_wconf 88' lang='lat' dir='ltr'><strong>Pachymer.</strong></span> <span class='ocrx_word' id='word_1_67' title='bbox 944 1003 1034 1034; x_wconf 83' lang='lat' dir='ltr'><strong>Hist.</strong></span> <span class='ocrx_word' id='word_1_68' title='bbox 1048 1004 1192 1043; x_wconf 73' lang='lat' dir='ltr'><strong>Byzant-</strong></span> 
     </span>
     <span class='ocr_line' id='line_1_14' title="bbox 501 1052 1195 1092; baseline 0 -9"><span class='ocrx_word' id='word_1_69' title='bbox 501 1062 542 1085; x_wconf 92' lang='lat'><strong>11.</strong></span> <span class='ocrx_word' id='word_1_70' title='bbox 559 1055 612 1084; x_wconf 88' lang='grc'><strong>27.</strong></span> <span class='ocrx_word' id='word_1_71' title='bbox 638 1053 772 1084; x_wconf 83' lang='lat' dir='ltr'><strong>Bernec.</strong></span> <span class='ocrx_word' id='word_1_72' title='bbox 814 1052 923 1084; x_wconf 86' lang='lat' dir='ltr'><strong>Scrib.</strong></span> <span class='ocrx_word' id='word_1_73' title='bbox 947 1053 1014 1083; x_wconf 78' lang='lat' dir='ltr'><strong>dati</strong></span> <span class='ocrx_word' id='word_1_74' title='bbox 1034 1052 1195 1092; x_wconf 81' lang='lat' dir='ltr'><strong>possessio-</strong></span> 
     </span>
     <span class='ocr_line' id='line_1_15' title="bbox 500 1101 1195 1142; baseline 0 -10"><span class='ocrx_word' id='word_1_75' title='bbox 500 1102 560 1133; x_wconf 80' lang='lat' dir='ltr'><strong>nis.</strong></span> <span class='ocrx_word' id='word_1_76' title='bbox 604 1101 664 1132; x_wconf 84' lang='lat' dir='ltr'><strong>Ait</strong></span> <span class='ocrx_word' id='word_1_77' title='bbox 687 1101 863 1142; x_wconf 88' lang='lat' dir='ltr'><strong>imperium</strong></span> <span class='ocrx_word' id='word_1_78' title='bbox 885 1107 1061 1142; x_wconf 81' lang='lat' dir='ltr'><strong>perpetuae</strong></span> <span class='ocrx_word' id='word_1_79' title='bbox 1078 1101 1195 1132; x_wconf 91' lang='lat' dir='ltr'><strong>datum</strong></span> 
     </span>
     <span class='ocr_line' id='line_1_16' title="bbox 500 1150 1196 1192; baseline 0 -10"><span class='ocrx_word' id='word_1_80' title='bbox 500 1151 729 1191; x_wconf 79' lang='lat' dir='ltr'><strong>possessionis.</strong></span> <span class='ocrx_word' id='word_1_81' title='bbox 757 1150 841 1183; x_wconf 79' lang='lat' dir='ltr'><strong>Voss.</strong></span> <span class='ocrx_word' id='word_1_82' title='bbox 885 1153 1092 1192; x_wconf 85' lang='lat' dir='ltr'><strong>Perpetuam</strong></span> <span class='ocrx_word' id='word_1_83' title='bbox 1120 1161 1196 1191; x_wconf 89' lang='lat' dir='ltr'><strong>pos-</strong></span> 
     </span>
     <span class='ocr_line' id='line_1_17' title="bbox 501 1201 1197 1242; baseline 0 -10"><span class='ocrx_word' id='word_1_84' title='bbox 501 1201 682 1232; x_wconf 82' lang='lat' dir='ltr'><strong>sessionem</strong></span> <span class='ocrx_word' id='word_1_85' title='bbox 706 1205 818 1241; x_wconf 88' lang='lat' dir='ltr'><strong>vocat,</strong></span> <span class='ocrx_word' id='word_1_86' title='bbox 839 1211 913 1242; x_wconf 88' lang='lat' dir='ltr'><strong>quae</strong></span> <span class='ocrx_word' id='word_1_87' title='bbox 939 1202 1063 1232; x_wconf 89' lang='lat' dir='ltr'><strong>nullam</strong></span> <span class='ocrx_word' id='word_1_88' title='bbox 1093 1202 1197 1232; x_wconf 90' lang='lat' dir='ltr'><strong>inter-</strong></span> 
     </span>
     <span class='ocr_line' id='line_1_18' title="bbox 501 1250 1196 1292; baseline 0 -10"><span class='ocrx_word' id='word_1_89' title='bbox 501 1251 692 1292; x_wconf 83' lang='lat' dir='ltr'><strong>ruptionem</strong></span> <span class='ocrx_word' id='word_1_90' title='bbox 709 1261 805 1292; x_wconf 85' lang='lat' dir='ltr'><strong>passa</strong></span> <span class='ocrx_word' id='word_1_91' title='bbox 819 1250 941 1283; x_wconf 87' lang='lat' dir='ltr'><strong>fuerat.</strong></span> <span class='ocrx_word' id='word_1_92' title='bbox 983 1252 1045 1282; x_wconf 87' lang='lat' dir='ltr'><strong>Vir</strong></span> <span class='ocrx_word' id='word_1_93' title='bbox 1058 1251 1196 1282; x_wconf 85' lang='lat' dir='ltr'><strong>doctiss.</strong></span> 
     </span>
     <span class='ocr_line' id='line_1_19' title="bbox 504 1302 1199 1343; baseline 0 -10"><span class='ocrx_word' id='word_1_94' title='bbox 504 1302 631 1343; x_wconf 89' lang='lat' dir='ltr'><strong>aliquid</strong></span> <span class='ocrx_word' id='word_1_95' title='bbox 647 1302 682 1332; x_wconf 91' lang='lat' dir='ltr'><strong>in</strong></span> <span class='ocrx_word' id='word_1_96' title='bbox 696 1302 761 1333; x_wconf 86' lang='lat' dir='ltr'><strong>hoc</strong></span> <span class='ocrx_word' id='word_1_97' title='bbox 777 1302 854 1332; x_wconf 93' lang='lat' dir='ltr'><strong>loco</strong></span> <span class='ocrx_word' id='word_1_98' title='bbox 867 1302 942 1332; x_wconf 89' lang='lat' dir='ltr'><strong>vitii</strong></span> <span class='ocrx_word' id='word_1_99' title='bbox 963 1311 1036 1332; x_wconf 90' lang='lat' dir='ltr'><strong>esse</strong></span> <span class='ocrx_word' id='word_1_100' title='bbox 1054 1303 1199 1342; x_wconf 83' lang='lat' dir='ltr'><strong>putavit,</strong></span> 
     </span>
     <span class='ocr_line' id='line_1_20' title="bbox 504 1351 1198 1393; baseline 0 -11"><span class='ocrx_word' id='word_1_101' title='bbox 504 1352 594 1393; x_wconf 85' lang='lat' dir='ltr'><strong>qnod</strong></span> <span class='ocrx_word' id='word_1_102' title='bbox 619 1361 685 1383; x_wconf 90' lang='lat' dir='ltr'><strong>non</strong></span> <span class='ocrx_word' id='word_1_103' title='bbox 711 1352 823 1392; x_wconf 88' lang='lat' dir='ltr'><strong>video,</strong></span> <span class='ocrx_word' id='word_1_104' title='bbox 841 1361 905 1383; x_wconf 86' lang='lat' dir='ltr'><strong>nec</strong></span> <span class='ocrx_word' id='word_1_105' title='bbox 920 1351 1102 1393; x_wconf 89' lang='lat' dir='ltr'><strong>quidquam</strong></span> <span class='ocrx_word' id='word_1_106' title='bbox 1124 1361 1198 1384; x_wconf 89' lang='lat' dir='ltr'><strong>esse</strong></span> 
     </span>
     <span class='ocr_line' id='line_1_21' title="bbox 504 1403 762 1434; baseline 0.004 -1"><span class='ocrx_word' id='word_1_107' title='bbox 504 1403 663 1434; x_wconf 78' lang='lat' dir='ltr'><strong>arbitror.</strong></span> <span class='ocrx_word' id='word_1_108' title='bbox 685 1403 762 1434; x_wconf 77' lang='lat' dir='ltr'><strong>Fab.</strong></span> 
     </span>
    </p>

    <p class='ocr_par' dir='ltr' id='par_1_3' title="bbox 505 1452 1201 1745">
     <span class='ocr_line' id='line_1_22' title="bbox 547 1452 1200 1493; baseline 0.003 -10"><span class='ocrx_word' id='word_1_109' title='bbox 547 1455 564 1493; x_wconf 56' lang='grc' dir='ltr'>ξ</span> <span class='ocrx_word' id='word_1_110' title='bbox 580 1456 600 1483; x_wconf 97' lang='grc'><strong>9</strong></span> <span class='ocrx_word' id='word_1_111' title='bbox 622 1453 774 1483; x_wconf 78' lang='lat' dir='ltr'><strong>Proelium</strong></span> <span class='ocrx_word' id='word_1_112' title='bbox 793 1452 973 1492; x_wconf 78' lang='lat' dir='ltr'><strong>ingentibus</strong></span> <span class='ocrx_word' id='word_1_113' title='bbox 995 1452 1108 1484; x_wconf 74' lang='lat' dir='ltr'><strong>animis</strong></span> <span class='ocrx_word' id='word_1_114' title='bbox 1121 1463 1200 1485; x_wconf 86' lang='lat' dir='ltr'><strong>com-</strong></span> 
     </span>
     <span class='ocr_line' id='line_1_23' title="bbox 505 1502 1200 1543; baseline 0.003 -10"><span class='ocrx_word' id='word_1_115' title='bbox 505 1502 659 1543; x_wconf 78' lang='lat' dir='ltr'><strong>mittitur]</strong></span> <span class='ocrx_word' id='word_1_116' title='bbox 680 1502 836 1542; x_wconf 79' lang='grc' dir='ltr'>ἘνἽσσῷ</span> <span class='ocrx_word' id='word_1_117' title='bbox 849 1504 906 1540; x_wconf 73' lang='grc' dir='ltr'><strong>τῆς</strong></span> <span class='ocrx_word' id='word_1_118' title='bbox 922 1503 1068 1535; x_wconf 75' lang='grc' dir='ltr'><strong>Κιλικίας.</strong></span> <span class='ocrx_word' id='word_1_119' title='bbox 1098 1504 1200 1535; x_wconf 88' lang='lat' dir='ltr'><strong>Diod.</strong></span> 
     </span>
     <span class='ocr_line' id='line_1_24' title="bbox 508 1554 1199 1594; baseline 0.004 -11"><span class='ocrx_word' id='word_1_120' title='bbox 508 1562 604 1584; x_wconf 81' lang='lat' dir='ltr'><strong>xvu.</strong></span> <span class='ocrx_word' id='word_1_121' title='bbox 618 1555 670 1585; x_wconf 81' lang='lat'><strong>32.</strong></span> <span class='ocrx_word' id='word_1_122' title='bbox 686 1557 721 1584; x_wconf 90' lang='lat' dir='ltr'><strong>et</strong></span> <span class='ocrx_word' id='word_1_123' title='bbox 737 1564 827 1594; x_wconf 86' lang='lat' dir='ltr'><strong>seqq.</strong></span> <span class='ocrx_word' id='word_1_124' title='bbox 841 1555 888 1585; x_wconf 97' lang='lat' dir='ltr'><strong>M.</strong></span> <span class='ocrx_word' id='word_1_125' title='bbox 903 1554 972 1585; x_wconf 90' lang='lat' dir='ltr'><strong>Cic.</strong></span> <span class='ocrx_word' id='word_1_126' title='bbox 986 1555 1078 1585; x_wconf 86' lang='lat' dir='ltr'><strong>Fam.</strong></span> <span class='ocrx_word' id='word_1_127' title='bbox 1093 1563 1133 1585; x_wconf 82' lang='grc' dir='ltr'><strong>Π.</strong></span> <span class='ocrx_word' id='word_1_128' title='bbox 1148 1558 1199 1586; x_wconf 90' lang='grc'><strong>10.</strong></span> 
     </span>
     <span class='ocr_line' id='line_1_25' title="bbox 510 1604 1201 1644; baseline 0.004 -10"><span class='ocrx_word' id='word_1_129' title='bbox 510 1604 588 1635; x_wconf 88' lang='lat' dir='ltr'><strong>Hoc</strong></span> <span class='ocrx_word' id='word_1_130' title='bbox 609 1605 727 1644; x_wconf 83' lang='lat' dir='ltr'><strong>praelio</strong></span> <span class='ocrx_word' id='word_1_131' title='bbox 751 1607 823 1636; x_wconf 91' lang='grc'><strong>110.</strong></span> <span class='ocrx_word' id='word_1_132' title='bbox 838 1605 888 1636; x_wconf 90' lang='lat' dir='ltr'><strong>M.</strong></span> <span class='ocrx_word' id='word_1_133' title='bbox 911 1614 1008 1636; x_wconf 80' lang='lat' dir='ltr'><strong>caesa.</strong></span> <span class='ocrx_word' id='word_1_134' title='bbox 1054 1605 1147 1637; x_wconf 81' lang='lat' dir='ltr'><strong>Plut.</strong></span> <span class='ocrx_word' id='word_1_135' title='bbox 1163 1611 1201 1637; x_wconf 90' lang='lat' dir='ltr'><strong>ut</strong></span> 
     </span>
     <span class='ocr_line' id='line_1_26' title="bbox 509 1654 1200 1696; baseline 0.001 -11"><span class='ocrx_word' id='word_1_136' title='bbox 509 1654 612 1685; x_wconf 86' lang='lat' dir='ltr'><strong>Diod.</strong></span> <span class='ocrx_word' id='word_1_137' title='bbox 630 1663 720 1686; x_wconf 76' lang='lat' dir='ltr'><strong>xvir.</strong></span> <span class='ocrx_word' id='word_1_138' title='bbox 747 1657 799 1685; x_wconf 85' lang='lat'><strong>36.</strong></span> <span class='ocrx_word' id='word_1_139' title='bbox 824 1654 974 1695; x_wconf 84' lang='lat' dir='ltr'><strong>peditum</strong></span> <span class='ocrx_word' id='word_1_140' title='bbox 1003 1656 1055 1686; x_wconf 87' lang='lat'><strong>12.</strong></span> <span class='ocrx_word' id='word_1_141' title='bbox 1079 1655 1200 1696; x_wconf 88' lang='lat' dir='ltr'><strong>myria-</strong></span> 
     </span>
     <span class='ocr_line' id='line_1_27' title="bbox 510 1704 1011 1745; baseline 0.004 -11"><span class='ocrx_word' id='word_1_142' title='bbox 510 1704 584 1743; x_wconf 79' lang='lat' dir='ltr'><strong>des,</strong></span> <span class='ocrx_word' id='word_1_143' title='bbox 600 1704 750 1745; x_wconf 80' lang='lat' dir='ltr'><strong>equitum</strong></span> <span class='ocrx_word' id='word_1_144' title='bbox 767 1707 817 1735; x_wconf 91' lang='grc'><strong>10.</strong></span> <span class='ocrx_word' id='word_1_145' title='bbox 834 1705 883 1736; x_wconf 88' lang='lat' dir='ltr'><strong>M.</strong></span> <span class='ocrx_word' id='word_1_146' title='bbox 907 1706 1011 1744; x_wconf 76' lang='lat' dir='ltr'><strong>Bong.</strong></span> 
     </span>
    </p>

    <p class='ocr_par' dir='ltr' id='par_1_4' title="bbox 510 1753 1205 1934">
     <span class='ocr_line' id='line_1_28' title="bbox 554 1753 1204 1795; baseline 0 -10"><span class='ocrx_word' id='word_1_147' title='bbox 554 1754 593 1785; x_wconf 89' lang='lat' dir='ltr'><strong>In</strong></span> <span class='ocrx_word' id='word_1_148' title='bbox 608 1765 654 1792; x_wconf 78' lang='lat' dir='ltr'><strong>ev,</strong></span> <span class='ocrx_word' id='word_1_149' title='bbox 665 1753 734 1794; x_wconf 49' lang='lat' dir='ltr'><strong>effen]</strong></span> <span class='ocrx_word' id='word_1_150' title='bbox 757 1754 960 1786; x_wconf 82' lang='lat' dir='ltr'><strong>Matthaeus:</strong></span> <span class='ocrx_word' id='word_1_151' title='bbox 983 1755 992 1770; x_wconf 92' lang='lat'>‘</span> <span class='ocrx_word' id='word_1_152' title='bbox 1007 1754 1047 1785; x_wconf 92' lang='lat' dir='ltr'><strong>In</strong></span> <span class='ocrx_word' id='word_1_153' title='bbox 1063 1764 1102 1785; x_wconf 86' lang='lat' dir='ltr'><strong>eo</strong></span> <span class='ocrx_word' id='word_1_154' title='bbox 1118 1764 1204 1795; x_wconf 56' lang='lat' dir='ltr'><strong>prae»</strong></span> 
     </span>
     <span class='ocr_line' id='line_1_29' title="bbox 510 1804 1203 1844; baseline 0.001 -10"><span class='ocrx_word' id='word_1_155' title='bbox 510 1804 555 1834; x_wconf 90' lang='lat' dir='ltr'><strong>lio</strong></span> <span class='ocrx_word' id='word_1_156' title='bbox 592 1809 736 1844; x_wconf 87' lang='lat' dir='ltr'><strong>uterque</strong></span> <span class='ocrx_word' id='word_1_157' title='bbox 758 1804 951 1835; x_wconf 85' lang='lat' dir='ltr'><strong>vulneratus</strong></span> <span class='ocrx_word' id='word_1_158' title='bbox 980 1808 1044 1843; x_wconf 85' lang='lat' dir='ltr'><strong>est,</strong></span> <span class='ocrx_word' id='word_1_159' title='bbox 1071 1809 1106 1835; x_wconf 90' lang='lat' dir='ltr'><strong>et</strong></span> <span class='ocrx_word' id='word_1_160' title='bbox 1136 1809 1203 1835; x_wconf 87' lang='lat' dir='ltr'><strong>tam</strong></span> 
     </span>
     <span class='ocr_line' id='line_1_30' title="bbox 512 1852 1205 1894; baseline 0.003 -11"><span class='ocrx_word' id='word_1_161' title='bbox 512 1854 569 1884; x_wconf 79' lang='lat' dir='ltr'><strong>(liu</strong></span> <span class='ocrx_word' id='word_1_162' title='bbox 592 1864 622 1884; x_wconf 88' lang='lat' dir='ltr'><strong>c.</strong></span> <span class='ocrx_word' id='word_1_163' title='bbox 641 1864 671 1885; x_wconf 90' lang='lat' dir='ltr'><strong>a.</strong></span> <span class='ocrx_word' id='word_1_164' title='bbox 699 1853 775 1894; x_wconf 88' lang='lat' dir='ltr'><strong>fuit,</strong></span> <span class='ocrx_word' id='word_1_165' title='bbox 802 1853 912 1894; x_wconf 84' lang='lat' dir='ltr'><strong>quoad</strong></span> <span class='ocrx_word' id='word_1_166' title='bbox 938 1852 1114 1894; x_wconf 87' lang='lat' dir='ltr'><strong>aufugeret</strong></span> <span class='ocrx_word' id='word_1_167' title='bbox 1137 1855 1205 1885; x_wconf 85' lang='lat' dir='ltr'><strong>Da-</strong></span> 
     </span>
     <span class='ocr_line' id='line_1_31' title="bbox 513 1903 603 1934; baseline 0 0"><span class='ocrx_word' id='word_1_168' title='bbox 513 1903 603 1934; x_wconf 65' lang='lat' dir='ltr'><strong>rius!</strong></span> 
     </span>
    </p>

    <p class='ocr_par' dir='ltr' id='par_1_5' title="bbox 514 1953 1210 2193">
     <span class='ocr_line' id='line_1_32' title="bbox 556 1953 1207 1994; baseline 0 -10"><span class='ocrx_word' id='word_1_169' title='bbox 556 1953 573 1992; x_wconf 56' lang='grc' dir='ltr'>ᾧ</span> <span class='ocrx_word' id='word_1_170' title='bbox 591 1956 630 1984; x_wconf 90' lang='grc'><strong>10</strong></span> <span class='ocrx_word' id='word_1_171' title='bbox 655 1954 818 1984; x_wconf 76' lang='lat' dir='ltr'><strong>Pedestres</strong></span> <span class='ocrx_word' id='word_1_172' title='bbox 832 1957 950 1984; x_wconf 85' lang='lat' dir='ltr'><strong>centum</strong></span> <span class='ocrx_word' id='word_1_173' title='bbox 967 1953 1118 1994; x_wconf 83' lang='lat' dir='ltr'><strong>triginta]</strong></span> <span class='ocrx_word' id='word_1_174' title='bbox 1140 1954 1207 1984; x_wconf 86' lang='lat' dir='ltr'><strong>Mi-</strong></span> 
     </span>
     <span class='ocr_line' id='line_1_33' title="bbox 515 2003 1207 2042; baseline -0.001 -8"><span class='ocrx_word' id='word_1_175' title='bbox 515 2013 570 2034; x_wconf 81' lang='lat' dir='ltr'><strong>ror</strong></span> <span class='ocrx_word' id='word_1_176' title='bbox 587 2004 642 2034; x_wconf 86' lang='lat' dir='ltr'><strong>Fr.</strong></span> <span class='ocrx_word' id='word_1_177' title='bbox 667 2003 855 2033; x_wconf 82' lang='lat' dir='ltr'><strong>Fabricium</strong></span> <span class='ocrx_word' id='word_1_178' title='bbox 879 2003 1082 2042; x_wconf 77' lang='lat' dir='ltr'><strong>diligentiss.</strong></span> <span class='ocrx_word' id='word_1_179' title='bbox 1103 2004 1207 2034; x_wconf 91' lang='lat' dir='ltr'><strong>homi-</strong></span> 
     </span>
     <span class='ocr_line' id='line_1_34' title="bbox 514 2053 1208 2085; baseline 0 -1"><span class='ocrx_word' id='word_1_180' title='bbox 514 2064 590 2085; x_wconf 85' lang='lat' dir='ltr'><strong>nem</strong></span> <span class='ocrx_word' id='word_1_181' title='bbox 614 2058 732 2084; x_wconf 85' lang='lat' dir='ltr'><strong>notare</strong></span> <span class='ocrx_word' id='word_1_182' title='bbox 755 2053 796 2084; x_wconf 88' lang='lat' dir='ltr'><strong>ad</strong></span> <span class='ocrx_word' id='word_1_183' title='bbox 814 2054 914 2084; x_wconf 82' lang='lat' dir='ltr'><strong>Oros.</strong></span> <span class='ocrx_word' id='word_1_184' title='bbox 928 2063 1003 2084; x_wconf 90' lang='lat' dir='ltr'><strong>cum</strong></span> <span class='ocrx_word' id='word_1_185' title='bbox 1015 2053 1148 2085; x_wconf 83' lang='lat' dir='ltr'><strong>Justino</strong></span> <span class='ocrx_word' id='word_1_186' title='bbox 1160 2053 1208 2084; x_wconf 88' lang='lat' dir='ltr'><strong>fa-</strong></span> 
     </span>
     <span class='ocr_line' id='line_1_35' title="bbox 516 2102 1210 2145; baseline -0.001 -9"><span class='ocrx_word' id='word_1_187' title='bbox 516 2113 594 2136; x_wconf 87' lang='lat' dir='ltr'><strong>cere</strong></span> <span class='ocrx_word' id='word_1_188' title='bbox 604 2103 800 2142; x_wconf 88' lang='lat' dir='ltr'><strong>Diodorum,</strong></span> <span class='ocrx_word' id='word_1_189' title='bbox 812 2104 888 2144; x_wconf 84' lang='lat' dir='ltr'><strong>quia</strong></span> <span class='ocrx_word' id='word_1_190' title='bbox 898 2102 1085 2144; x_wconf 75' lang='grc' dir='ltr'>τριακοσίους</span> <span class='ocrx_word' id='word_1_191' title='bbox 1095 2103 1210 2145; x_wconf 87' lang='lat' dir='ltr'><strong>habet,</strong></span> 
     </span>
     <span class='ocr_line' id='line_1_36' title="bbox 516 2154 919 2193; baseline 0.002 -9"><span class='ocrx_word' id='word_1_192' title='bbox 516 2154 540 2184; x_wconf 92' lang='lat' dir='ltr'><strong>i.</strong></span> <span class='ocrx_word' id='word_1_193' title='bbox 556 2163 586 2185; x_wconf 91' lang='lat' dir='ltr'><strong>e.</strong></span> <span class='ocrx_word' id='word_1_194' title='bbox 604 2158 787 2185; x_wconf 80' lang='lat' dir='ltr'><strong>trecentos·</strong></span> <span class='ocrx_word' id='word_1_195' title='bbox 811 2154 919 2193; x_wconf 67' lang='lat' dir='ltr'><strong>Bong.</strong></span> 
     </span>
    </p>

    <p class='ocr_par' dir='ltr' id='par_1_6' title="bbox 519 2203 1217 2688">
     <span class='ocr_line' id='line_1_37' title="bbox 562 2203 1211 2244; baseline 0 -10"><span class='ocrx_word' id='word_1_196' title='bbox 562 2205 579 2243; x_wconf 60' lang='grc' dir='ltr'>ς</span> <span class='ocrx_word' id='word_1_197' title='bbox 597 2205 636 2234; x_wconf 76' lang='grc'><strong>13</strong></span> <span class='ocrx_word' id='word_1_198' title='bbox 660 2203 913 2244; x_wconf 80' lang='lat' dir='ltr'><strong>Hortandasque]</strong></span> <span class='ocrx_word' id='word_1_199' title='bbox 937 2203 981 2236; x_wconf 93' lang='lat' dir='ltr'><strong>H.</strong></span> <span class='ocrx_word' id='word_1_200' title='bbox 992 2213 1022 2235; x_wconf 91' lang='lat' dir='ltr'><strong>e.</strong></span> <span class='ocrx_word' id='word_1_201' title='bbox 1039 2204 1211 2235; x_wconf 90' lang='lat' dir='ltr'><strong>consolan-</strong></span> 
     </span>
     <span class='ocr_line' id='line_1_38' title="bbox 520 2254 1210 2295; baseline 0 -10"><span class='ocrx_word' id='word_1_202' title='bbox 520 2254 600 2285; x_wconf 82' lang='lat' dir='ltr'><strong>das:</strong></span> <span class='ocrx_word' id='word_1_203' title='bbox 627 2264 691 2295; x_wconf 91' lang='lat' dir='ltr'><strong>quo</strong></span> <span class='ocrx_word' id='word_1_204' title='bbox 722 2263 820 2284; x_wconf 88' lang='lat' dir='ltr'><strong>sensu</strong></span> <span class='ocrx_word' id='word_1_205' title='bbox 855 2254 1020 2295; x_wconf 91' lang='lat' dir='ltr'><strong>‘alloqui&#39;</strong></span> <span class='ocrx_word' id='word_1_206' title='bbox 1052 2259 1087 2285; x_wconf 91' lang='lat' dir='ltr'><strong>et</strong></span> <span class='ocrx_word' id='word_1_207' title='bbox 1108 2255 1210 2285; x_wconf 87' lang='lat' dir='ltr'><strong>‘allo-</strong></span> 
     </span>
     <span class='ocr_line' id='line_1_39' title="bbox 519 2304 1211 2345; baseline 0 -10"><span class='ocrx_word' id='word_1_208' title='bbox 519 2305 634 2345; x_wconf 88' lang='lat' dir='ltr'><strong>quium</strong></span> <span class='ocrx_word' id='word_1_209' title='bbox 646 2304 655 2317; x_wconf 92' lang='lat'>’</span> <span class='ocrx_word' id='word_1_210' title='bbox 672 2304 823 2345; x_wconf 85' lang='lat' dir='ltr'><strong>usurpari</strong></span> <span class='ocrx_word' id='word_1_211' title='bbox 839 2304 970 2335; x_wconf 88' lang='lat' dir='ltr'><strong>notavit</strong></span> <span class='ocrx_word' id='word_1_212' title='bbox 984 2305 1091 2335; x_wconf 82' lang='lat' dir='ltr'><strong>Varro</strong></span> <span class='ocrx_word' id='word_1_213' title='bbox 1103 2314 1152 2335; x_wconf 84' lang='lat' dir='ltr'><strong>Vl.</strong></span> <span class='ocrx_word' id='word_1_214' title='bbox 1168 2304 1211 2335; x_wconf 90' lang='lat' dir='ltr'><strong>de</strong></span> 
     </span>
     <span class='ocr_line' id='line_1_40' title="bbox 520 2354 1214 2395; baseline 0 -10"><span class='ocrx_word' id='word_1_215' title='bbox 520 2355 560 2386; x_wconf 88' lang='lat' dir='ltr'><strong>L.</strong></span> <span class='ocrx_word' id='word_1_216' title='bbox 575 2355 613 2385; x_wconf 92' lang='lat' dir='ltr'><strong>L.</strong></span> <span class='ocrx_word' id='word_1_217' title='bbox 639 2354 740 2385; x_wconf 82' lang='lat' dir='ltr'><strong>sicuti</strong></span> <span class='ocrx_word' id='word_1_218' title='bbox 769 2355 950 2394; x_wconf 75' lang='grc' dir='ltr'>παρηγορεῖν</span> <span class='ocrx_word' id='word_1_219' title='bbox 983 2359 1019 2385; x_wconf 87' lang='lat' dir='ltr'><strong>et</strong></span> <span class='ocrx_word' id='word_1_220' title='bbox 1046 2354 1214 2395; x_wconf 69' lang='grc' dir='ltr'>παρηγορία</span> 
     </span>
     <span class='ocr_line' id='line_1_41' title="bbox 522 2403 1213 2444; baseline 0 -9"><span class='ocrx_word' id='word_1_221' title='bbox 522 2405 674 2435; x_wconf 83' lang='lat' dir='ltr'><strong>Graecis:</strong></span> <span class='ocrx_word' id='word_1_222' title='bbox 699 2403 777 2435; x_wconf 88' lang='lat' dir='ltr'><strong>add.</strong></span> <span class='ocrx_word' id='word_1_223' title='bbox 805 2414 878 2444; x_wconf 89' lang='lat' dir='ltr'><strong>sup.</strong></span> <span class='ocrx_word' id='word_1_224' title='bbox 903 2404 984 2435; x_wconf 91' lang='lat' dir='ltr'><strong>Not.</strong></span> <span class='ocrx_word' id='word_1_225' title='bbox 1006 2404 1048 2434; x_wconf 88' lang='lat' dir='ltr'><strong>ad</strong></span> <span class='ocrx_word' id='word_1_226' title='bbox 1066 2413 1116 2435; x_wconf 80' lang='lat' dir='ltr'><strong>xl.</strong></span> <span class='ocrx_word' id='word_1_227' title='bbox 1134 2407 1165 2435; x_wconf 84' lang='lat'><strong>3.</strong></span> <span class='ocrx_word' id='word_1_228' title='bbox 1183 2407 1213 2436; x_wconf 93' lang='lat' dir='ltr'><strong>l.</strong></span> 
     </span>
     <span class='ocr_line' id='line_1_42' title="bbox 523 2454 1214 2495; baseline -0.001 -9"><span class='ocrx_word' id='word_1_229' title='bbox 523 2456 655 2486; x_wconf 82' lang='lat' dir='ltr'><strong>Bernec.</strong></span> <span class='ocrx_word' id='word_1_230' title='bbox 699 2454 880 2486; x_wconf 85' lang='lat' dir='ltr'><strong>‘Hortari’</strong></span> <span class='ocrx_word' id='word_1_231' title='bbox 901 2454 981 2495; x_wconf 88' lang='lat' dir='ltr'><strong>quid</strong></span> <span class='ocrx_word' id='word_1_232' title='bbox 1007 2455 1060 2485; x_wconf 83' lang='lat' dir='ltr'><strong>hic</strong></span> <span class='ocrx_word' id='word_1_233' title='bbox 1087 2455 1143 2494; x_wconf 82' lang='lat' dir='ltr'><strong>sit,</strong></span> <span class='ocrx_word' id='word_1_234' title='bbox 1165 2454 1214 2485; x_wconf 90' lang='lat' dir='ltr'><strong>in-</strong></span> 
     </span>
     <span class='ocr_line' id='line_1_43' title="bbox 522 2504 1215 2546; baseline -0.001 -9"><span class='ocrx_word' id='word_1_235' title='bbox 522 2506 689 2546; x_wconf 84' lang='lat' dir='ltr'><strong>telligitur</strong></span> <span class='ocrx_word' id='word_1_236' title='bbox 704 2504 830 2545; x_wconf 91' lang='lat' dir='ltr'><strong>optime</strong></span> <span class='ocrx_word' id='word_1_237' title='bbox 857 2514 898 2535; x_wconf 87' lang='lat' dir='ltr'><strong>ex</strong></span> <span class='ocrx_word' id='word_1_238' title='bbox 922 2513 974 2543; x_wconf 91' lang='lat' dir='ltr'><strong>eo,</strong></span> <span class='ocrx_word' id='word_1_239' title='bbox 1002 2504 1089 2546; x_wconf 89' lang='lat' dir='ltr'><strong>quod</strong></span> <span class='ocrx_word' id='word_1_240' title='bbox 1118 2505 1215 2536; x_wconf 89' lang='lat' dir='ltr'><strong>Curt.</strong></span> 
     </span>
     <span class='ocr_line' id='line_1_44' title="bbox 526 2555 1214 2588; baseline -0.003 0"><span class='ocrx_word' id='word_1_241' title='bbox 526 2567 581 2588; x_wconf 83' lang='grc' dir='ltr'><strong>ιιι.</strong></span> <span class='ocrx_word' id='word_1_242' title='bbox 602 2561 650 2588; x_wconf 91' lang='grc'><strong>12.</strong></span> <span class='ocrx_word' id='word_1_243' title='bbox 668 2559 720 2587; x_wconf 89' lang='grc'><strong>26.</strong></span> <span class='ocrx_word' id='word_1_244' title='bbox 737 2555 871 2587; x_wconf 86' lang='lat' dir='ltr'><strong>scribit:</strong></span> <span class='ocrx_word' id='word_1_245' title='bbox 895 2556 904 2572; x_wconf 91' lang='lat'>‘</span> <span class='ocrx_word' id='word_1_246' title='bbox 918 2556 991 2586; x_wconf 87' lang='lat' dir='ltr'><strong>Rex</strong></span> <span class='ocrx_word' id='word_1_247' title='bbox 1008 2556 1128 2586; x_wconf 90' lang='lat' dir='ltr'><strong>bonum</strong></span> <span class='ocrx_word' id='word_1_248' title='bbox 1145 2556 1214 2586; x_wconf 84' lang='lat' dir='ltr'><strong>ani-</strong></span> 
     </span>
     <span class='ocr_line' id='line_1_45' title="bbox 523 2606 1217 2647; baseline -0.001 -9"><span class='ocrx_word' id='word_1_249' title='bbox 523 2618 614 2638; x_wconf 89' lang='lat' dir='ltr'><strong>mum</strong></span> <span class='ocrx_word' id='word_1_250' title='bbox 630 2617 686 2638; x_wconf 89' lang='lat' dir='ltr'><strong>eas</strong></span> <span class='ocrx_word' id='word_1_251' title='bbox 702 2606 960 2646; x_wconf 81' lang='lat' dir='ltr'><strong>haberejussit.&#39;</strong></span> <span class='ocrx_word' id='word_1_252' title='bbox 1002 2606 1079 2638; x_wconf 82' lang='lat' dir='ltr'><strong>vid.</strong></span> <span class='ocrx_word' id='word_1_253' title='bbox 1095 2612 1130 2638; x_wconf 83' lang='lat' dir='ltr'><strong>et</strong></span> <span class='ocrx_word' id='word_1_254' title='bbox 1142 2616 1217 2647; x_wconf 90' lang='lat' dir='ltr'><strong>sup.</strong></span> 
     </span>
     <span class='ocr_line' id='line_1_46' title="bbox 526 2655 1075 2688; baseline -0.002 0"><span class='ocrx_word' id='word_1_255' title='bbox 526 2666 576 2688; x_wconf 79' lang='lat' dir='ltr'><strong>xi.</strong></span> <span class='ocrx_word' id='word_1_256' title='bbox 597 2660 623 2688; x_wconf 89' lang='lat'><strong>1.</strong></span> <span class='ocrx_word' id='word_1_257' title='bbox 639 2660 671 2688; x_wconf 79' lang='lat'><strong>8.</strong></span> <span class='ocrx_word' id='word_1_258' title='bbox 687 2661 723 2688; x_wconf 88' lang='lat' dir='ltr'><strong>et</strong></span> <span class='ocrx_word' id='word_1_259' title='bbox 738 2655 796 2687; x_wconf 91' lang='lat' dir='ltr'><strong>inf.</strong></span> <span class='ocrx_word' id='word_1_260' title='bbox 813 2665 887 2688; x_wconf 72' lang='grc' dir='ltr'><strong>Χιν.</strong></span> <span class='ocrx_word' id='word_1_261' title='bbox 903 2659 933 2688; x_wconf 85' lang='grc'><strong>3.</strong></span> <span class='ocrx_word' id='word_1_262' title='bbox 946 2659 978 2688; x_wconf 88' lang='grc'><strong>4.</strong></span> <span class='ocrx_word' id='word_1_263' title='bbox 1005 2656 1075 2688; x_wconf 84' lang='lat' dir='ltr'><strong>Vor.</strong></span> 
     </span>
    </p>

    <p class='ocr_par' dir='ltr' id='par_1_7' title="bbox 529 2709 1222 2899">
     <span class='ocr_line' id='line_1_47' title="bbox 570 2709 1220 2749; baseline 0 -10"><span class='ocrx_word' id='word_1_264' title='bbox 570 2710 587 2749; x_wconf 53' lang='grc' dir='ltr'>ς</span> <span class='ocrx_word' id='word_1_265' title='bbox 616 2711 654 2739; x_wconf 72' lang='grc'><strong>14</strong></span> <span class='ocrx_word' id='word_1_266' title='bbox 693 2709 764 2739; x_wconf 87' lang='lat' dir='ltr'><strong>Non</strong></span> <span class='ocrx_word' id='word_1_267' title='bbox 788 2711 928 2746; x_wconf 84' lang='lat' dir='ltr'><strong>mortem,</strong></span> <span class='ocrx_word' id='word_1_268' title='bbox 962 2709 1015 2738; x_wconf 84' lang='lat' dir='ltr'><strong>sed</strong></span> <span class='ocrx_word' id='word_1_269' title='bbox 1043 2709 1220 2739; x_wconf 82' lang='lat' dir='ltr'><strong>dilationem</strong></span> 
     </span>
     <span class='ocr_line' id='line_1_48' title="bbox 529 2757 1221 2798; baseline 0 -9"><span class='ocrx_word' id='word_1_270' title='bbox 529 2760 648 2798; x_wconf 76' lang='lat' dir='ltr'><strong>mortis,</strong></span> <span class='ocrx_word' id='word_1_271' title='bbox 672 2757 888 2798; x_wconf 80' lang='lat' dir='ltr'><strong>deprecantur]</strong></span> <span class='ocrx_word' id='word_1_272' title='bbox 911 2757 1029 2788; x_wconf 89' lang='lat' dir='ltr'><strong>Malim</strong></span> <span class='ocrx_word' id='word_1_273' title='bbox 1054 2759 1162 2798; x_wconf 70' lang='lat' dir='ltr'><strong>vitam,</strong></span> <span class='ocrx_word' id='word_1_274' title='bbox 1183 2762 1221 2789; x_wconf 88' lang='lat' dir='ltr'><strong>ut</strong></span> 
     </span>
     <span class='ocr_line' id='line_1_49' title="bbox 529 2807 1220 2849; baseline 0 -11"><span class='ocrx_word' id='word_1_275' title='bbox 529 2808 664 2849; x_wconf 84' lang='lat' dir='ltr'><strong>quidam</strong></span> <span class='ocrx_word' id='word_1_276' title='bbox 702 2807 884 2839; x_wconf 88' lang='lat' dir='ltr'><strong>ediderunt</strong></span> <span class='ocrx_word' id='word_1_277' title='bbox 919 2813 1024 2838; x_wconf 83' lang='lat' dir='ltr'><strong>contr.</strong></span> <span class='ocrx_word' id='word_1_278' title='bbox 1060 2808 1220 2838; x_wconf 87' lang='lat' dir='ltr'><strong>librorum</strong></span> 
     </span>
     <span class='ocr_line' id='line_1_50' title="bbox 530 2858 1222 2899; baseline -0.003 -9"><span class='ocrx_word' id='word_1_279' title='bbox 530 2860 612 2891; x_wconf 85' lang='lat' dir='ltr'><strong>Mss.</strong></span> <span class='ocrx_word' id='word_1_280' title='bbox 631 2859 743 2890; x_wconf 80' lang='lat' dir='ltr'><strong>fidem.</strong></span> <span class='ocrx_word' id='word_1_281' title='bbox 787 2859 796 2875; x_wconf 92' lang='lat'>‘</span> <span class='ocrx_word' id='word_1_282' title='bbox 810 2858 1015 2899; x_wconf 87' lang='lat' dir='ltr'><strong>Deprecari&#39;</strong></span> <span class='ocrx_word' id='word_1_283' title='bbox 1046 2858 1133 2889; x_wconf 88' lang='lat' dir='ltr'><strong>enim</strong></span> <span class='ocrx_word' id='word_1_284' title='bbox 1149 2858 1180 2889; x_wconf 86' lang='lat' dir='ltr'><strong>h.</strong></span> <span class='ocrx_word' id='word_1_285' title='bbox 1200 2858 1222 2889; x_wconf 95' lang='lat' dir='ltr'><strong>l.</strong></span> 
     </span>
    </p>
   </div>
   <div class='ocr_carea' id='block_1_3' title="bbox 942 355 1459 387">
    <p class='ocr_par' dir='ltr' id='par_1_8' title="bbox 942 355 1459 387">
     <span class='ocr_line' id='line_1_51' title="bbox 942 355 1459 387; baseline 0.002 -2"><span class='ocrx_word' id='word_1_286' title='bbox 942 355 1081 386; x_wconf 77' lang='lat' dir='ltr'>NOTAE</span> <span class='ocrx_word' id='word_1_287' title='bbox 1113 355 1374 387; x_wconf 71' lang='lat' dir='ltr'>VARIORUM</span> <span class='ocrx_word' id='word_1_288' title='bbox 1406 355 1459 386; x_wconf 89' lang='lat' dir='ltr'><strong>IN</strong></span> 
     </span>
    </p>
   </div>
   <div class='ocr_carea' id='block_1_4' title="bbox 1232 449 1963 2889">
    <p class='ocr_par' dir='ltr' id='par_1_9' title="bbox 1232 449 1963 2889">
     <span class='ocr_line' id='line_1_52' title="bbox 1232 449 1923 492; baseline -0.001 -10"><span class='ocrx_word' id='word_1_289' title='bbox 1232 455 1298 490; x_wconf 89' lang='lat' dir='ltr'><strong>est,</strong></span> <span class='ocrx_word' id='word_1_290' title='bbox 1314 451 1413 482; x_wconf 88' lang='lat' dir='ltr'><strong>valde</strong></span> <span class='ocrx_word' id='word_1_291' title='bbox 1429 450 1572 492; x_wconf 86' lang='lat' dir='ltr'><strong>precari.</strong></span> <span class='ocrx_word' id='word_1_292' title='bbox 1616 449 1694 482; x_wconf 91' lang='lat' dir='ltr'><strong>Vid.</strong></span> <span class='ocrx_word' id='word_1_293' title='bbox 1706 449 1795 481; x_wconf 88' lang='lat' dir='ltr'><strong>Gell.</strong></span> <span class='ocrx_word' id='word_1_294' title='bbox 1808 458 1858 481; x_wconf 76' lang='lat' dir='ltr'><strong>vr.</strong></span> <span class='ocrx_word' id='word_1_295' title='bbox 1870 452 1923 481; x_wconf 83' lang='lat'><strong>16.</strong></span> 
     </span>
     <span class='ocr_line' id='line_1_53' title="bbox 1233 500 1926 533; baseline -0.001 -2"><span class='ocrx_word' id='word_1_296' title='bbox 1233 501 1294 532; x_wconf 89' lang='lat' dir='ltr'><strong>inf.</strong></span> <span class='ocrx_word' id='word_1_297' title='bbox 1313 510 1379 533; x_wconf 84' lang='lat' dir='ltr'><strong>xu.</strong></span> <span class='ocrx_word' id='word_1_298' title='bbox 1402 505 1434 533; x_wconf 90' lang='lat'><strong>2.</strong></span> <span class='ocrx_word' id='word_1_299' title='bbox 1455 500 1614 532; x_wconf 86' lang='lat' dir='ltr'><strong>‘Auxilia</strong></span> <span class='ocrx_word' id='word_1_300' title='bbox 1638 501 1799 531; x_wconf 84' lang='lat' dir='ltr'><strong>adversus</strong></span> <span class='ocrx_word' id='word_1_301' title='bbox 1822 500 1926 531; x_wconf 90' lang='lat' dir='ltr'><strong>Brut-</strong></span> 
     </span>
     <span class='ocr_line' id='line_1_54' title="bbox 1233 549 1927 591; baseline -0.004 -9"><span class='ocrx_word' id='word_1_302' title='bbox 1233 551 1297 582; x_wconf 87' lang='lat' dir='ltr'><strong>tios</strong></span> <span class='ocrx_word' id='word_1_303' title='bbox 1314 550 1597 591; x_wconf 82' lang='lat' dir='ltr'><strong>deprecantibus.&#39;</strong></span> <span class='ocrx_word' id='word_1_304' title='bbox 1639 549 1799 582; x_wconf 83' lang='lat' dir='ltr'><strong>Quamvis</strong></span> <span class='ocrx_word' id='word_1_305' title='bbox 1815 553 1850 580; x_wconf 92' lang='lat' dir='ltr'><strong>et</strong></span> <span class='ocrx_word' id='word_1_306' title='bbox 1871 558 1927 589; x_wconf 89' lang='lat' dir='ltr'><strong>ap.</strong></span> 
     </span>
     <span class='ocr_line' id='line_1_55' title="bbox 1232 597 1927 639; baseline -0.003 -8"><span class='ocrx_word' id='word_1_307' title='bbox 1232 600 1265 631; x_wconf 85' lang='lat'><strong>11.</strong></span> <span class='ocrx_word' id='word_1_308' title='bbox 1289 600 1473 631; x_wconf 88' lang='lat' dir='ltr'><strong>Auctorem</strong></span> <span class='ocrx_word' id='word_1_309' title='bbox 1508 599 1676 630; x_wconf 91' lang='lat' dir='ltr'><strong>diversam</strong></span> <span class='ocrx_word' id='word_1_310' title='bbox 1710 597 1927 639; x_wconf 87' lang='lat' dir='ltr'><strong>significatio-</strong></span> 
     </span>
     <span class='ocr_line' id='line_1_56' title="bbox 1235 650 1928 688; baseline -0.001 -8"><span class='ocrx_word' id='word_1_311' title='bbox 1235 659 1310 680; x_wconf 89' lang='lat' dir='ltr'><strong>nem</strong></span> <span class='ocrx_word' id='word_1_312' title='bbox 1325 650 1460 680; x_wconf 88' lang='lat' dir='ltr'><strong>habeat.</strong></span> <span class='ocrx_word' id='word_1_313' title='bbox 1476 650 1629 688; x_wconf 82' lang='lat' dir='ltr'><strong>Bongars.</strong></span> <span class='ocrx_word' id='word_1_314' title='bbox 1658 650 1841 680; x_wconf 87' lang='lat' dir='ltr'><strong>Commune</strong></span> <span class='ocrx_word' id='word_1_315' title='bbox 1853 657 1928 679; x_wconf 89' lang='lat' dir='ltr'><strong>ver-</strong></span> 
     </span>
     <span class='ocr_line' id='line_1_57' title="bbox 1235 699 1929 740; baseline -0.003 -9"><span class='ocrx_word' id='word_1_316' title='bbox 1235 700 1314 731; x_wconf 90' lang='lat' dir='ltr'><strong>bum</strong></span> <span class='ocrx_word' id='word_1_317' title='bbox 1337 699 1558 740; x_wconf 84' lang='lat' dir='ltr'><strong>‘deprecari&#39;</strong></span> <span class='ocrx_word' id='word_1_318' title='bbox 1589 699 1631 730; x_wconf 89' lang='lat' dir='ltr'><strong>ad</strong></span> <span class='ocrx_word' id='word_1_319' title='bbox 1657 699 1723 730; x_wconf 92' lang='lat' dir='ltr'><strong>duo</strong></span> <span class='ocrx_word' id='word_1_320' title='bbox 1748 699 1824 739; x_wconf 85' lang='lat' dir='ltr'><strong>ista,</strong></span> <span class='ocrx_word' id='word_1_321' title='bbox 1850 708 1929 730; x_wconf 88' lang='lat' dir='ltr'><strong>mor-</strong></span> 
     </span>
     <span class='ocr_line' id='line_1_58' title="bbox 1236 749 1927 789; baseline -0.001 -9"><span class='ocrx_word' id='word_1_322' title='bbox 1236 753 1308 789; x_wconf 87' lang='lat' dir='ltr'><strong>tem,</strong></span> <span class='ocrx_word' id='word_1_323' title='bbox 1318 754 1353 780; x_wconf 91' lang='lat' dir='ltr'><strong>et</strong></span> <span class='ocrx_word' id='word_1_324' title='bbox 1365 749 1544 780; x_wconf 79' lang='lat' dir='ltr'><strong>dilationem</strong></span> <span class='ocrx_word' id='word_1_325' title='bbox 1555 749 1674 789; x_wconf 67' lang='lat' dir='ltr'><strong>mortis,</strong></span> <span class='ocrx_word' id='word_1_326' title='bbox 1684 749 1816 780; x_wconf 85' lang='lat' dir='ltr'><strong>diverso</strong></span> <span class='ocrx_word' id='word_1_327' title='bbox 1829 749 1927 789; x_wconf 89' lang='lat' dir='ltr'><strong>plane</strong></span> 
     </span>
     <span class='ocr_line' id='line_1_59' title="bbox 1238 798 1929 838; baseline -0.003 -8"><span class='ocrx_word' id='word_1_328' title='bbox 1238 809 1338 830; x_wconf 87' lang='lat' dir='ltr'><strong>sensu</strong></span> <span class='ocrx_word' id='word_1_329' title='bbox 1359 798 1527 830; x_wconf 89' lang='lat' dir='ltr'><strong>refertur:</strong></span> <span class='ocrx_word' id='word_1_330' title='bbox 1551 799 1658 838; x_wconf 85' lang='lat' dir='ltr'><strong>illam,</strong></span> <span class='ocrx_word' id='word_1_331' title='bbox 1681 808 1722 829; x_wconf 92' lang='lat' dir='ltr'><strong>ne</strong></span> <span class='ocrx_word' id='word_1_332' title='bbox 1744 798 1929 836; x_wconf 77' lang='lat' dir='ltr'><strong>inferatur3</strong></span> 
     </span>
     <span class='ocr_line' id='line_1_60' title="bbox 1238 847 1929 889; baseline -0.004 -9"><span class='ocrx_word' id='word_1_333' title='bbox 1238 849 1335 888; x_wconf 88' lang='lat' dir='ltr'><strong>hanc,</strong></span> <span class='ocrx_word' id='word_1_334' title='bbox 1345 853 1383 880; x_wconf 92' lang='lat' dir='ltr'><strong>ut</strong></span> <span class='ocrx_word' id='word_1_335' title='bbox 1396 848 1623 880; x_wconf 87' lang='lat' dir='ltr'><strong>concedatur:</strong></span> <span class='ocrx_word' id='word_1_336' title='bbox 1649 848 1814 889; x_wconf 91' lang='lat' dir='ltr'><strong>quomodo</strong></span> <span class='ocrx_word' id='word_1_337' title='bbox 1826 847 1929 878; x_wconf 82' lang='lat' dir='ltr'><strong>etiam</strong></span> 
     </span>
     <span class='ocr_line' id='line_1_61' title="bbox 1241 897 1931 938; baseline -0.004 -8"><span class='ocrx_word' id='word_1_338' title='bbox 1241 908 1299 930; x_wconf 72' lang='grc' dir='ltr'><strong>ιιι.</strong></span> <span class='ocrx_word' id='word_1_339' title='bbox 1316 902 1345 929; x_wconf 94' lang='grc'><strong>1.</strong></span> <span class='ocrx_word' id='word_1_340' title='bbox 1364 902 1394 930; x_wconf 89' lang='grc'><strong>9.</strong></span> <span class='ocrx_word' id='word_1_341' title='bbox 1418 899 1577 929; x_wconf 77' lang='lat' dir='ltr'><strong>vindicare</strong></span> <span class='ocrx_word' id='word_1_342' title='bbox 1601 898 1728 938; x_wconf 86' lang='lat' dir='ltr'><strong>duplici</strong></span> <span class='ocrx_word' id='word_1_343' title='bbox 1751 898 1850 928; x_wconf 88' lang='lat' dir='ltr'><strong>simul</strong></span> <span class='ocrx_word' id='word_1_344' title='bbox 1867 897 1931 937; x_wconf 83' lang='lat' dir='ltr'><strong>sig-</strong></span> 
     </span>
     <span class='ocr_line' id='line_1_62' title="bbox 1241 947 1932 987; baseline -0.004 -7"><span class='ocrx_word' id='word_1_345' title='bbox 1241 949 1433 980; x_wconf 87' lang='lat' dir='ltr'><strong>nificatione</strong></span> <span class='ocrx_word' id='word_1_346' title='bbox 1449 949 1612 980; x_wconf 87' lang='lat' dir='ltr'><strong>sumitur:</strong></span> <span class='ocrx_word' id='word_1_347' title='bbox 1637 949 1702 979; x_wconf 89' lang='lat' dir='ltr'><strong>‘Et</strong></span> <span class='ocrx_word' id='word_1_348' title='bbox 1722 947 1850 978; x_wconf 87' lang='lat' dir='ltr'><strong>caedem</strong></span> <span class='ocrx_word' id='word_1_349' title='bbox 1872 956 1932 987; x_wconf 87' lang='lat' dir='ltr'><strong>pa-</strong></span> 
     </span>
     <span class='ocr_line' id='line_1_63' title="bbox 1241 997 1933 1037; baseline -0.004 -6"><span class='ocrx_word' id='word_1_350' title='bbox 1241 1000 1316 1037; x_wconf 88' lang='lat' dir='ltr'><strong>tris,</strong></span> <span class='ocrx_word' id='word_1_351' title='bbox 1343 1005 1378 1031; x_wconf 88' lang='lat' dir='ltr'><strong>et</strong></span> <span class='ocrx_word' id='word_1_352' title='bbox 1407 1009 1443 1030; x_wconf 90' lang='lat' dir='ltr'><strong>se</strong></span> <span class='ocrx_word' id='word_1_353' title='bbox 1472 1000 1514 1031; x_wconf 88' lang='lat' dir='ltr'><strong>ab</strong></span> <span class='ocrx_word' id='word_1_354' title='bbox 1544 999 1689 1037; x_wconf 88' lang='lat' dir='ltr'><strong>insidiis,</strong></span> <span class='ocrx_word' id='word_1_355' title='bbox 1725 997 1933 1028; x_wconf 63' lang='lat' dir='ltr'><strong>vindicavit!</strong></span> 
     </span>
     <span class='ocr_line' id='line_1_64' title="bbox 1242 1047 1934 1090; baseline -0.006 -9"><span class='ocrx_word' id='word_1_356' title='bbox 1242 1050 1408 1090; x_wconf 87' lang='lat' dir='ltr'><strong>Exempla</strong></span> <span class='ocrx_word' id='word_1_357' title='bbox 1437 1050 1503 1080; x_wconf 91' lang='lat' dir='ltr'><strong>duo</strong></span> <span class='ocrx_word' id='word_1_358' title='bbox 1532 1049 1668 1089; x_wconf 82' lang='lat' dir='ltr'><strong>regulae,</strong></span> <span class='ocrx_word' id='word_1_359' title='bbox 1695 1058 1793 1089; x_wconf 90' lang='lat' dir='ltr'><strong>quam</strong></span> <span class='ocrx_word' id='word_1_360' title='bbox 1821 1047 1934 1078; x_wconf 88' lang='lat' dir='ltr'><strong>Schol.</strong></span> 
     </span>
     <span class='ocr_line' id='line_1_65' title="bbox 1243 1097 1936 1142; baseline -0.006 -10"><span class='ocrx_word' id='word_1_361' title='bbox 1243 1102 1347 1142; x_wconf 91' lang='lat' dir='ltr'><strong>Soph.</strong></span> <span class='ocrx_word' id='word_1_362' title='bbox 1366 1102 1408 1132; x_wconf 93' lang='lat' dir='ltr'><strong>ad</strong></span> <span class='ocrx_word' id='word_1_363' title='bbox 1419 1102 1531 1133; x_wconf 88' lang='lat' dir='ltr'><strong>Elect.</strong></span> <span class='ocrx_word' id='word_1_364' title='bbox 1542 1105 1614 1132; x_wconf 80' lang='lat'><strong>138.</strong></span> <span class='ocrx_word' id='word_1_365' title='bbox 1628 1099 1754 1132; x_wconf 87' lang='lat' dir='ltr'><strong>refert:</strong></span> <span class='ocrx_word' id='word_1_366' title='bbox 1778 1097 1936 1130; x_wconf 82' lang='grc' dir='ltr'>Πολλάκις</span> 
     </span>
     <span class='ocr_line' id='line_1_66' title="bbox 1243 1148 1935 1190; baseline -0.003 -9"><span class='ocrx_word' id='word_1_367' title='bbox 1243 1152 1280 1181; x_wconf 83' lang='grc' dir='ltr'><strong>τὸ</strong></span> <span class='ocrx_word' id='word_1_368' title='bbox 1302 1151 1382 1182; x_wconf 85' lang='grc' dir='ltr'>κατὰ</span> <span class='ocrx_word' id='word_1_369' title='bbox 1404 1153 1503 1183; x_wconf 80' lang='grc' dir='ltr'>κοινοῦ</span> <span class='ocrx_word' id='word_1_370' title='bbox 1535 1149 1767 1190; x_wconf 83' lang='grc' dir='ltr'>λαμβανόμενον</span> <span class='ocrx_word' id='word_1_371' title='bbox 1789 1148 1935 1190; x_wconf 83' lang='grc' dir='ltr'>διαφόρως</span> 
     </span>
     <span class='ocr_line' id='line_1_67' title="bbox 1245 1201 1935 1242; baseline -0.003 -10"><span class='ocrx_word' id='word_1_372' title='bbox 1245 1203 1376 1233; x_wconf 83' lang='grc' dir='ltr'>νοεῖται;</span> <span class='ocrx_word' id='word_1_373' title='bbox 1402 1202 1490 1242; x_wconf 79' lang='lat' dir='ltr'><strong>Soepe</strong></span> <span class='ocrx_word' id='word_1_374' title='bbox 1504 1202 1637 1241; x_wconf 83' lang='lat' dir='ltr'><strong>verbum,</strong></span> <span class='ocrx_word' id='word_1_375' title='bbox 1659 1202 1735 1242; x_wconf 82' lang='lat' dir='ltr'><strong>quod</strong></span> <span class='ocrx_word' id='word_1_376' title='bbox 1748 1201 1788 1232; x_wconf 83' lang='lat' dir='ltr'><strong>ad</strong></span> <span class='ocrx_word' id='word_1_377' title='bbox 1804 1209 1935 1231; x_wconf 80' lang='lat' dir='ltr'><strong>commu-</strong></span> 
     </span>
     <span class='ocr_line' id='line_1_68' title="bbox 1245 1249 1937 1292; baseline -0.004 -10"><span class='ocrx_word' id='word_1_378' title='bbox 1245 1253 1366 1282; x_wconf 78' lang='lat' dir='ltr'><strong>m&#39;onem</strong></span> <span class='ocrx_word' id='word_1_379' title='bbox 1389 1252 1566 1290; x_wconf 81' lang='lat' dir='ltr'><strong>assumitur,</strong></span> <span class='ocrx_word' id='word_1_380' title='bbox 1589 1251 1643 1292; x_wconf 88' lang='lat' dir='ltr'><strong>(ut</strong></span> <span class='ocrx_word' id='word_1_381' title='bbox 1660 1251 1809 1292; x_wconf 84' lang='lat' dir='ltr'><strong>loquitur</strong></span> <span class='ocrx_word' id='word_1_382' title='bbox 1834 1249 1937 1289; x_wconf 89' lang='lat' dir='ltr'><strong>Papi-</strong></span> 
     </span>
     <span class='ocr_line' id='line_1_69' title="bbox 1247 1297 1938 1341; baseline -0.004 -9"><span class='ocrx_word' id='word_1_383' title='bbox 1247 1302 1335 1332; x_wconf 82' lang='lat' dir='ltr'><strong>nian.</strong></span> <span class='ocrx_word' id='word_1_384' title='bbox 1350 1302 1384 1332; x_wconf 92' lang='lat' dir='ltr'><strong>in</strong></span> <span class='ocrx_word' id='word_1_385' title='bbox 1400 1303 1438 1332; x_wconf 94' lang='lat' dir='ltr'><strong>L.</strong></span> <span class='ocrx_word' id='word_1_386' title='bbox 1455 1305 1507 1332; x_wconf 88' lang='grc'><strong>77.</strong></span> <span class='ocrx_word' id='word_1_387' title='bbox 1523 1302 1550 1341; x_wconf 58' lang='grc' dir='ltr'><strong>ξ.</strong></span> <span class='ocrx_word' id='word_1_388' title='bbox 1563 1304 1615 1332; x_wconf 88' lang='grc'><strong>22.</strong></span> <span class='ocrx_word' id='word_1_389' title='bbox 1633 1301 1679 1331; x_wconf 92' lang='lat' dir='ltr'><strong>D.</strong></span> <span class='ocrx_word' id='word_1_390' title='bbox 1696 1300 1738 1331; x_wconf 88' lang='lat' dir='ltr'><strong>de</strong></span> <span class='ocrx_word' id='word_1_391' title='bbox 1754 1301 1873 1340; x_wconf 82' lang='lat' dir='ltr'><strong>Legat.</strong></span> <span class='ocrx_word' id='word_1_392' title='bbox 1889 1297 1938 1338; x_wconf 85' lang='lat'><strong>2.)</strong></span> 
     </span>
     <span class='ocr_line' id='line_1_70' title="bbox 1247 1350 1938 1392; baseline -0.004 -10"><span class='ocrx_word' id='word_1_393' title='bbox 1247 1352 1368 1382; x_wconf 80' lang='lat' dir='ltr'><strong>diversa</strong></span> <span class='ocrx_word' id='word_1_394' title='bbox 1393 1352 1618 1392; x_wconf 66' lang='lat' dir='ltr'><strong>significatione</strong></span> <span class='ocrx_word' id='word_1_395' title='bbox 1639 1350 1846 1390; x_wconf 83' lang='lat' dir='ltr'><strong>accipiendum</strong></span> <span class='ocrx_word' id='word_1_396' title='bbox 1872 1352 1938 1380; x_wconf 83' lang='lat' dir='ltr'><strong>est:</strong></span> 
     </span>
     <span class='ocr_line' id='line_1_71' title="bbox 1248 1399 1939 1442; baseline -0.004 -10"><span class='ocrx_word' id='word_1_397' title='bbox 1248 1402 1327 1432; x_wconf 86' lang='lat' dir='ltr'><strong>etin</strong></span> <span class='ocrx_word' id='word_1_398' title='bbox 1341 1402 1530 1442; x_wconf 84' lang='lat' dir='ltr'><strong>exemplum</strong></span> <span class='ocrx_word' id='word_1_399' title='bbox 1543 1400 1683 1432; x_wconf 89' lang='lat' dir='ltr'><strong>adducit</strong></span> <span class='ocrx_word' id='word_1_400' title='bbox 1694 1410 1736 1431; x_wconf 86' lang='lat' dir='ltr'><strong>ex</strong></span> <span class='ocrx_word' id='word_1_401' title='bbox 1748 1400 1887 1431; x_wconf 87' lang='lat' dir='ltr'><strong>Homeri</strong></span> <span class='ocrx_word' id='word_1_402' title='bbox 1896 1399 1939 1430; x_wconf 87' lang='grc'><strong>11.</strong></span> 
     </span>
     <span class='ocr_line' id='line_1_72' title="bbox 1249 1449 1942 1482; baseline -0.003 0"><span class='ocrx_word' id='word_1_403' title='bbox 1249 1459 1300 1482; x_wconf 85' lang='lat' dir='ltr'><strong>xl.</strong></span> <span class='ocrx_word' id='word_1_404' title='bbox 1315 1453 1389 1482; x_wconf 85' lang='lat'><strong>328.</strong></span> <span class='ocrx_word' id='word_1_405' title='bbox 1407 1451 1460 1482; x_wconf 87' lang='lat' dir='ltr'><strong>cui</strong></span> <span class='ocrx_word' id='word_1_406' title='bbox 1477 1451 1549 1482; x_wconf 87' lang='lat' dir='ltr'><strong>fere</strong></span> <span class='ocrx_word' id='word_1_407' title='bbox 1565 1451 1673 1482; x_wconf 89' lang='lat' dir='ltr'><strong>simile</strong></span> <span class='ocrx_word' id='word_1_408' title='bbox 1685 1454 1737 1481; x_wconf 87' lang='lat' dir='ltr'><strong>est</strong></span> <span class='ocrx_word' id='word_1_409' title='bbox 1750 1450 1832 1480; x_wconf 89' lang='lat' dir='ltr'><strong>illud</strong></span> <span class='ocrx_word' id='word_1_410' title='bbox 1846 1449 1942 1481; x_wconf 89' lang='lat' dir='ltr'><strong>Cice·</strong></span> 
     </span>
     <span class='ocr_line' id='line_1_73' title="bbox 1250 1500 1942 1541; baseline -0.003 -10"><span class='ocrx_word' id='word_1_411' title='bbox 1250 1500 1340 1531; x_wconf 83' lang='lat' dir='ltr'><strong>ronis</strong></span> <span class='ocrx_word' id='word_1_412' title='bbox 1357 1510 1419 1541; x_wconf 90' lang='lat' dir='ltr'><strong>pro</strong></span> <span class='ocrx_word' id='word_1_413' title='bbox 1436 1501 1580 1531; x_wconf 89' lang='lat' dir='ltr'><strong>Murena</strong></span> <span class='ocrx_word' id='word_1_414' title='bbox 1594 1510 1669 1539; x_wconf 86' lang='lat' dir='ltr'><strong>cap.</strong></span> <span class='ocrx_word' id='word_1_415' title='bbox 1687 1503 1738 1531; x_wconf 92' lang='grc'><strong>10.</strong></span> <span class='ocrx_word' id='word_1_416' title='bbox 1761 1500 1829 1530; x_wconf 87' lang='lat' dir='ltr'><strong>‘Tu</strong></span> <span class='ocrx_word' id='word_1_417' title='bbox 1843 1508 1942 1531; x_wconf 83' lang='lat' dir='ltr'><strong>caves</strong></span> 
     </span>
     <span class='ocr_line' id='line_1_74' title="bbox 1250 1550 1943 1589; baseline -0.001 -8"><span class='ocrx_word' id='word_1_418' title='bbox 1250 1560 1293 1581; x_wconf 86' lang='lat' dir='ltr'><strong>ne</strong></span> <span class='ocrx_word' id='word_1_419' title='bbox 1307 1551 1356 1581; x_wconf 89' lang='lat' dir='ltr'><strong>tui</strong></span> <span class='ocrx_word' id='word_1_420' title='bbox 1373 1551 1596 1589; x_wconf 87' lang='lat' dir='ltr'><strong>consultores,</strong></span> <span class='ocrx_word' id='word_1_421' title='bbox 1621 1551 1679 1582; x_wconf 90' lang='lat' dir='ltr'><strong>ille</strong></span> <span class='ocrx_word' id='word_1_422' title='bbox 1706 1560 1749 1581; x_wconf 90' lang='lat' dir='ltr'><strong>ne</strong></span> <span class='ocrx_word' id='word_1_423' title='bbox 1769 1550 1869 1581; x_wconf 90' lang='lat' dir='ltr'><strong>urbes</strong></span> <span class='ocrx_word' id='word_1_424' title='bbox 1884 1553 1943 1580; x_wconf 86' lang='lat' dir='ltr'><strong>aut</strong></span> 
     </span>
     <span class='ocr_line' id='line_1_75' title="bbox 1252 1601 1944 1642; baseline -0.003 -10"><span class='ocrx_word' id='word_1_425' title='bbox 1252 1607 1377 1641; x_wconf 85' lang='lat' dir='ltr'><strong>castra,</strong></span> <span class='ocrx_word' id='word_1_426' title='bbox 1401 1601 1605 1642; x_wconf 65' lang='lat' dir='ltr'><strong>capiantur!</strong></span> <span class='ocrx_word' id='word_1_427' title='bbox 1649 1601 1706 1633; x_wconf 89' lang='lat' dir='ltr'><strong>Ita</strong></span> <span class='ocrx_word' id='word_1_428' title='bbox 1720 1601 1861 1631; x_wconf 90' lang='lat' dir='ltr'><strong>Terent.</strong></span> <span class='ocrx_word' id='word_1_429' title='bbox 1876 1601 1944 1631; x_wconf 93' lang='lat' dir='ltr'><strong>Eu-</strong></span> 
     </span>
     <span class='ocr_line' id='line_1_76' title="bbox 1252 1649 1945 1690; baseline -0.003 -9"><span class='ocrx_word' id='word_1_430' title='bbox 1252 1651 1352 1682; x_wconf 89' lang='lat' dir='ltr'><strong>nuch.</strong></span> <span class='ocrx_word' id='word_1_431' title='bbox 1369 1660 1418 1683; x_wconf 91' lang='lat' dir='ltr'><strong>1v.</strong></span> <span class='ocrx_word' id='word_1_432' title='bbox 1431 1654 1462 1682; x_wconf 84' lang='lat'><strong>7.</strong></span> <span class='ocrx_word' id='word_1_433' title='bbox 1478 1653 1526 1682; x_wconf 87' lang='grc'><strong>19.</strong></span> <span class='ocrx_word' id='word_1_434' title='bbox 1544 1652 1552 1668; x_wconf 90' lang='lat'>‘</span> <span class='ocrx_word' id='word_1_435' title='bbox 1564 1651 1688 1682; x_wconf 90' lang='lat' dir='ltr'><strong>Omnia</strong></span> <span class='ocrx_word' id='word_1_436' title='bbox 1703 1650 1795 1690; x_wconf 89' lang='lat' dir='ltr'><strong>prius</strong></span> <span class='ocrx_word' id='word_1_437' title='bbox 1811 1649 1945 1690; x_wconf 84' lang='lat' dir='ltr'><strong>experi-</strong></span> 
     </span>
     <span class='ocr_line' id='line_1_77' title="bbox 1252 1698 1950 1741; baseline -0.001 -10"><span class='ocrx_word' id='word_1_438' title='bbox 1252 1701 1293 1740; x_wconf 88' lang='lat' dir='ltr'><strong>ri,</strong></span> <span class='ocrx_word' id='word_1_439' title='bbox 1307 1711 1405 1741; x_wconf 90' lang='lat' dir='ltr'><strong>quam</strong></span> <span class='ocrx_word' id='word_1_440' title='bbox 1418 1701 1726 1741; x_wconf 78' lang='lat' dir='ltr'><strong>armis‚sapientem</strong></span> <span class='ocrx_word' id='word_1_441' title='bbox 1738 1698 1860 1731; x_wconf 65' lang='lat' dir='ltr'><strong>decet!</strong></span> <span class='ocrx_word' id='word_1_442' title='bbox 1877 1699 1950 1731; x_wconf 88' lang='lat' dir='ltr'><strong>Ov.</strong></span> 
     </span>
     <span class='ocr_line' id='line_1_78' title="bbox 1251 1749 1944 1792; baseline -0.001 -11"><span class='ocrx_word' id='word_1_443' title='bbox 1251 1751 1306 1782; x_wconf 92' lang='lat' dir='ltr'><strong>Tr.</strong></span> <span class='ocrx_word' id='word_1_444' title='bbox 1318 1760 1342 1781; x_wconf 91' lang='lat'><strong>1.</strong></span> <span class='ocrx_word' id='word_1_445' title='bbox 1354 1753 1381 1781; x_wconf 89' lang='lat'><strong>2.</strong></span> <span class='ocrx_word' id='word_1_446' title='bbox 1394 1753 1447 1781; x_wconf 82' lang='lat'><strong>77.</strong></span> <span class='ocrx_word' id='word_1_447' title='bbox 1470 1752 1479 1767; x_wconf 94' lang='lat'>‘</span> <span class='ocrx_word' id='word_1_448' title='bbox 1490 1751 1565 1782; x_wconf 94' lang='lat' dir='ltr'><strong>Non</strong></span> <span class='ocrx_word' id='word_1_449' title='bbox 1580 1755 1672 1791; x_wconf 89' lang='lat' dir='ltr'><strong>peto,</strong></span> <span class='ocrx_word' id='word_1_450' title='bbox 1684 1760 1765 1791; x_wconf 86' lang='lat' dir='ltr'><strong>quas</strong></span> <span class='ocrx_word' id='word_1_451' title='bbox 1778 1749 1944 1792; x_wconf 87' lang='lat' dir='ltr'><strong>quondam</strong></span> 
     </span>
     <span class='ocr_line' id='line_1_79' title="bbox 1253 1800 1945 1842; baseline -0.001 -10"><span class='ocrx_word' id='word_1_452' title='bbox 1253 1802 1338 1842; x_wconf 86' lang='lat' dir='ltr'><strong>petii</strong></span> <span class='ocrx_word' id='word_1_453' title='bbox 1350 1801 1531 1840; x_wconf 87' lang='lat' dir='ltr'><strong>studiosus,</strong></span> <span class='ocrx_word' id='word_1_454' title='bbox 1540 1801 1712 1839; x_wconf 86' lang='lat' dir='ltr'><strong>Athenas‚&#39;</strong></span> <span class='ocrx_word' id='word_1_455' title='bbox 1723 1803 1785 1832; x_wconf 68' lang='grc' dir='ltr'><strong>ὅτε.</strong></span> <span class='ocrx_word' id='word_1_456' title='bbox 1828 1800 1945 1832; x_wconf 89' lang='lat' dir='ltr'><strong>Sidon.</strong></span> 
     </span>
     <span class='ocr_line' id='line_1_80' title="bbox 1255 1850 1945 1891; baseline -0.001 -9"><span class='ocrx_word' id='word_1_457' title='bbox 1255 1851 1370 1891; x_wconf 86' lang='lat' dir='ltr'><strong>Apoll.</strong></span> <span class='ocrx_word' id='word_1_458' title='bbox 1389 1860 1439 1881; x_wconf 80' lang='lat' dir='ltr'><strong>iv.</strong></span> <span class='ocrx_word' id='word_1_459' title='bbox 1467 1854 1496 1882; x_wconf 95' lang='grc'><strong>1.</strong></span> <span class='ocrx_word' id='word_1_460' title='bbox 1520 1852 1530 1867; x_wconf 88' lang='lat'>‘</span> <span class='ocrx_word' id='word_1_461' title='bbox 1546 1851 1621 1881; x_wconf 85' lang='lat' dir='ltr'><strong>Nisi</strong></span> <span class='ocrx_word' id='word_1_462' title='bbox 1636 1851 1688 1882; x_wconf 89' lang='lat' dir='ltr'><strong>cui</strong></span> <span class='ocrx_word' id='word_1_463' title='bbox 1714 1850 1885 1891; x_wconf 85' lang='lat' dir='ltr'><strong>ingenium</strong></span> <span class='ocrx_word' id='word_1_464' title='bbox 1902 1850 1945 1881; x_wconf 87' lang='lat' dir='ltr'><strong>si-</strong></span> 
     </span>
     <span class='ocr_line' id='line_1_81' title="bbox 1255 1899 1947 1942; baseline -0.001 -11"><span class='ocrx_word' id='word_1_465' title='bbox 1255 1900 1356 1942; x_wconf 84' lang='lat' dir='ltr'><strong>bique</strong></span> <span class='ocrx_word' id='word_1_466' title='bbox 1383 1901 1456 1941; x_wconf 85' lang='lat' dir='ltr'><strong>quis</strong></span> <span class='ocrx_word' id='word_1_467' title='bbox 1483 1899 1616 1932; x_wconf 86' lang='lat' dir='ltr'><strong>defuit.&#39;</strong></span> <span class='ocrx_word' id='word_1_468' title='bbox 1671 1901 1753 1940; x_wconf 86' lang='lat' dir='ltr'><strong>Huj.</strong></span> <span class='ocrx_word' id='word_1_469' title='bbox 1783 1901 1808 1931; x_wconf 93' lang='grc'><strong>1.</strong></span> <span class='ocrx_word' id='word_1_470' title='bbox 1837 1899 1947 1931; x_wconf 86' lang='lat' dir='ltr'><strong>credi-</strong></span> 
     </span>
     <span class='ocr_line' id='line_1_82' title="bbox 1255 1950 1946 1990; baseline -0.003 -8"><span class='ocrx_word' id='word_1_471' title='bbox 1255 1951 1362 1982; x_wconf 90' lang='lat' dir='ltr'><strong>derim</strong></span> <span class='ocrx_word' id='word_1_472' title='bbox 1388 1951 1469 1981; x_wconf 90' lang='lat' dir='ltr'><strong>illud</strong></span> <span class='ocrx_word' id='word_1_473' title='bbox 1496 1960 1570 1981; x_wconf 84' lang='lat' dir='ltr'><strong>esse</strong></span> <span class='ocrx_word' id='word_1_474' title='bbox 1596 1950 1700 1981; x_wconf 91' lang='lat' dir='ltr'><strong>Plinii</strong></span> <span class='ocrx_word' id='word_1_475' title='bbox 1716 1951 1843 1990; x_wconf 83' lang='lat' dir='ltr'><strong>Paneg.</strong></span> <span class='ocrx_word' id='word_1_476' title='bbox 1871 1959 1946 1990; x_wconf 87' lang='lat' dir='ltr'><strong>cap.</strong></span> 
     </span>
     <span class='ocr_line' id='line_1_83' title="bbox 1255 2000 1947 2041; baseline -0.001 -10"><span class='ocrx_word' id='word_1_477' title='bbox 1255 2004 1308 2031; x_wconf 90' lang='grc'><strong>20.</strong></span> <span class='ocrx_word' id='word_1_478' title='bbox 1365 2001 1374 2018; x_wconf 88' lang='lat'>‘</span> <span class='ocrx_word' id='word_1_479' title='bbox 1397 2000 1589 2032; x_wconf 83' lang='lat' dir='ltr'><strong>Adsuescat</strong></span> <span class='ocrx_word' id='word_1_480' title='bbox 1626 2000 1818 2041; x_wconf 87' lang='lat' dir='ltr'><strong>Imperator</strong></span> <span class='ocrx_word' id='word_1_481' title='bbox 1870 2009 1947 2031; x_wconf 84' lang='lat' dir='ltr'><strong>cum</strong></span> 
     </span>
     <span class='ocr_line' id='line_1_84' title="bbox 1256 2050 1949 2091; baseline -0.003 -9"><span class='ocrx_word' id='word_1_482' title='bbox 1256 2051 1397 2091; x_wconf 85' lang='lat' dir='ltr'><strong>imperio</strong></span> <span class='ocrx_word' id='word_1_483' title='bbox 1410 2051 1574 2082; x_wconf 89' lang='lat' dir='ltr'><strong>calculum</strong></span> <span class='ocrx_word' id='word_1_484' title='bbox 1592 2050 1742 2091; x_wconf 88' lang='lat' dir='ltr'><strong>ponere,&#39;</strong></span> <span class='ocrx_word' id='word_1_485' title='bbox 1758 2051 1791 2081; x_wconf 88' lang='lat' dir='ltr'><strong>h.</strong></span> <span class='ocrx_word' id='word_1_486' title='bbox 1807 2060 1837 2080; x_wconf 88' lang='lat' dir='ltr'><strong>e.</strong></span> <span class='ocrx_word' id='word_1_487' title='bbox 1853 2059 1949 2090; x_wconf 86' lang='lat' dir='ltr'><strong>sepo-</strong></span> 
     </span>
     <span class='ocr_line' id='line_1_85' title="bbox 1257 2100 1950 2142; baseline -0.003 -10"><span class='ocrx_word' id='word_1_488' title='bbox 1257 2101 1322 2132; x_wconf 85' lang='lat' dir='ltr'><strong>sita</strong></span> <span class='ocrx_word' id='word_1_489' title='bbox 1343 2100 1560 2142; x_wconf 85' lang='lat' dir='ltr'><strong>imperatoria</strong></span> <span class='ocrx_word' id='word_1_490' title='bbox 1583 2101 1760 2140; x_wconf 84' lang='lat' dir='ltr'><strong>dignitate,</strong></span> <span class='ocrx_word' id='word_1_491' title='bbox 1782 2100 1950 2131; x_wconf 87' lang='lat' dir='ltr'><strong>rationem</strong></span> 
     </span>
     <span class='ocr_line' id='line_1_86' title="bbox 1259 2141 1951 2194; baseline -0.006 -10"><span class='ocrx_word' id='word_1_492' title='bbox 1259 2163 1483 2194; x_wconf 81' lang='lat' dir='ltr'><strong>expensarum</strong></span> <span class='ocrx_word' id='word_1_493' title='bbox 1511 2152 1667 2183; x_wconf 84' lang='lat' dir='ltr'><strong>reddere.</strong></span> <span class='ocrx_word' id='word_1_494' title='bbox 1723 2145 1811 2186; x_wconf 49' lang='lat' dir='ltr'><strong>&amp;m</strong></span> <span class='ocrx_word' id='word_1_495' title='bbox 1831 2141 1951 2184; x_wconf 52' lang='lat' dir='ltr'><strong>ssaiset</strong></span> 
     </span>
     <span class='ocr_line' id='line_1_87' title="bbox 1259 2195 1950 2241; baseline -0.003 -6"><span class='ocrx_word' id='word_1_496' title='bbox 1259 2199 1339 2235; x_wconf 72' lang='lat' dir='ltr'><strong>auff</strong></span> <span class='ocrx_word' id='word_1_497' title='bbox 1365 2200 1419 2235; x_wconf 75' lang='lat' dir='ltr'><strong>tin</strong></span> <span class='ocrx_word' id='word_1_498' title='bbox 1451 2198 1511 2234; x_wconf 78' lang='lat' dir='ltr'><strong>seit</strong></span> <span class='ocrx_word' id='word_1_499' title='bbox 1537 2197 1643 2239; x_wconf 61' lang='lat' dir='ltr'><strong>senen</strong></span> <span class='ocrx_word' id='word_1_500' title='bbox 1662 2202 1731 2235; x_wconf 77' lang='lat' dir='ltr'><strong>unu</strong></span> <span class='ocrx_word' id='word_1_501' title='bbox 1759 2195 1950 2241; x_wconf 60' lang='lat' dir='ltr'><strong>ffletbnunu</strong></span> 
     </span>
     <span class='ocr_line' id='line_1_88' title="bbox 1260 2248 1951 2294; baseline -0.001 -14"><span class='ocrx_word' id='word_1_502' title='bbox 1260 2255 1358 2294; x_wconf 56' lang='lat' dir='ltr'><strong>mun,</strong></span> <span class='ocrx_word' id='word_1_503' title='bbox 1415 2249 1484 2280; x_wconf 92' lang='lat' dir='ltr'><strong>Ubi</strong></span> <span class='ocrx_word' id='word_1_504' title='bbox 1506 2248 1672 2289; x_wconf 91' lang='lat' dir='ltr'><strong>‘ponere&#39;</strong></span> <span class='ocrx_word' id='word_1_505' title='bbox 1696 2248 1800 2279; x_wconf 89' lang='lat' dir='ltr'><strong>habet</strong></span> <span class='ocrx_word' id='word_1_506' title='bbox 1825 2253 1951 2280; x_wconf 88' lang='lat' dir='ltr'><strong>utram-</strong></span> 
     </span>
     <span class='ocr_line' id='line_1_89' title="bbox 1261 2301 1954 2343; baseline 0 -10"><span class='ocrx_word' id='word_1_507' title='bbox 1261 2312 1324 2343; x_wconf 85' lang='lat' dir='ltr'><strong>que</strong></span> <span class='ocrx_word' id='word_1_508' title='bbox 1335 2301 1624 2342; x_wconf 85' lang='lat' dir='ltr'><strong>significationem,</strong></span> <span class='ocrx_word' id='word_1_509' title='bbox 1638 2306 1673 2332; x_wconf 86' lang='lat' dir='ltr'><strong>et</strong></span> <span class='ocrx_word' id='word_1_510' title='bbox 1684 2301 1890 2342; x_wconf 85' lang='lat' dir='ltr'><strong>apponendi,</strong></span> <span class='ocrx_word' id='word_1_511' title='bbox 1903 2311 1954 2333; x_wconf 84' lang='lat' dir='ltr'><strong>re-</strong></span> 
     </span>
     <span class='ocr_line' id='line_1_90' title="bbox 1263 2351 1954 2393; baseline 0.001 -11"><span class='ocrx_word' id='word_1_512' title='bbox 1263 2357 1384 2391; x_wconf 84' lang='lat' dir='ltr'><strong>spectu</strong></span> <span class='ocrx_word' id='word_1_513' title='bbox 1400 2351 1520 2382; x_wconf 86' lang='lat' dir='ltr'><strong>calculi</strong></span> <span class='ocrx_word' id='word_1_514' title='bbox 1532 2362 1540 2389; x_wconf 90' lang='lat'>;</span> <span class='ocrx_word' id='word_1_515' title='bbox 1556 2356 1592 2382; x_wconf 88' lang='lat' dir='ltr'><strong>et</strong></span> <span class='ocrx_word' id='word_1_516' title='bbox 1604 2351 1809 2392; x_wconf 86' lang='lat' dir='ltr'><strong>deponendi,</strong></span> <span class='ocrx_word' id='word_1_517' title='bbox 1820 2361 1954 2393; x_wconf 87' lang='lat' dir='ltr'><strong>respec-</strong></span> 
     </span>
     <span class='ocr_line' id='line_1_91' title="bbox 1263 2402 1955 2444; baseline 0.001 -10"><span class='ocrx_word' id='word_1_518' title='bbox 1263 2407 1301 2434; x_wconf 91' lang='lat' dir='ltr'><strong>tu</strong></span> <span class='ocrx_word' id='word_1_519' title='bbox 1314 2403 1454 2444; x_wconf 89' lang='lat' dir='ltr'><strong>imperii.</strong></span> <span class='ocrx_word' id='word_1_520' title='bbox 1475 2402 1653 2435; x_wconf 91' lang='lat' dir='ltr'><strong>Sicuteod.</strong></span> <span class='ocrx_word' id='word_1_521' title='bbox 1671 2404 1799 2444; x_wconf 85' lang='lat' dir='ltr'><strong>Paneg.</strong></span> <span class='ocrx_word' id='word_1_522' title='bbox 1812 2414 1888 2444; x_wconf 89' lang='lat' dir='ltr'><strong>cap.</strong></span> <span class='ocrx_word' id='word_1_523' title='bbox 1902 2407 1955 2435; x_wconf 86' lang='lat'><strong>65.</strong></span> 
     </span>
     <span class='ocr_line' id='line_1_92' title="bbox 1264 2453 1957 2495; baseline 0.004 -12"><span class='ocrx_word' id='word_1_524' title='bbox 1264 2457 1496 2494; x_wconf 85' lang='lat' dir='ltr'><strong>opponuntur,</strong></span> <span class='ocrx_word' id='word_1_525' title='bbox 1516 2453 1590 2484; x_wconf 86' lang='lat' dir='ltr'><strong>‘hic</strong></span> <span class='ocrx_word' id='word_1_526' title='bbox 1619 2454 1803 2494; x_wconf 87' lang='lat' dir='ltr'><strong>suscipere,</strong></span> <span class='ocrx_word' id='word_1_527' title='bbox 1825 2454 1880 2485; x_wconf 88' lang='lat' dir='ltr'><strong>hic</strong></span> <span class='ocrx_word' id='word_1_528' title='bbox 1896 2464 1957 2495; x_wconf 87' lang='lat' dir='ltr'><strong>po·</strong></span> 
     </span>
     <span class='ocr_line' id='line_1_93' title="bbox 1264 2504 1955 2546; baseline 0.004 -12"><span class='ocrx_word' id='word_1_529' title='bbox 1264 2514 1357 2543; x_wconf 86' lang='lat' dir='ltr'><strong>nere,</strong></span> <span class='ocrx_word' id='word_1_530' title='bbox 1380 2504 1634 2544; x_wconf 83' lang='lat' dir='ltr'><strong>magistratum,’</strong></span> <span class='ocrx_word' id='word_1_531' title='bbox 1655 2504 1689 2535; x_wconf 85' lang='lat' dir='ltr'><strong>h.</strong></span> <span class='ocrx_word' id='word_1_532' title='bbox 1713 2514 1744 2535; x_wconf 90' lang='lat' dir='ltr'><strong>e.</strong></span> <span class='ocrx_word' id='word_1_533' title='bbox 1771 2505 1955 2546; x_wconf 82' lang='lat' dir='ltr'><strong>deponere.</strong></span> 
     </span>
     <span class='ocr_line' id='line_1_94' title="bbox 1265 2555 1958 2596; baseline 0.001 -10"><span class='ocrx_word' id='word_1_534' title='bbox 1265 2555 1331 2586; x_wconf 83' lang='lat' dir='ltr'><strong>Qui</strong></span> <span class='ocrx_word' id='word_1_535' title='bbox 1345 2564 1397 2585; x_wconf 90' lang='lat' dir='ltr'><strong>me</strong></span> <span class='ocrx_word' id='word_1_536' title='bbox 1410 2564 1573 2596; x_wconf 88' lang='lat' dir='ltr'><strong>nunquam</strong></span> <span class='ocrx_word' id='word_1_537' title='bbox 1589 2555 1653 2585; x_wconf 89' lang='lat' dir='ltr'><strong>nisi</strong></span> <span class='ocrx_word' id='word_1_538' title='bbox 1664 2555 1847 2586; x_wconf 88' lang='lat' dir='ltr'><strong>doctiorem</strong></span> <span class='ocrx_word' id='word_1_539' title='bbox 1861 2556 1904 2587; x_wconf 91' lang='lat' dir='ltr'><strong>ab</strong></span> <span class='ocrx_word' id='word_1_540' title='bbox 1920 2566 1958 2587; x_wconf 85' lang='lat' dir='ltr'><strong>se</strong></span> 
     </span>
     <span class='ocr_line' id='line_1_95' title="bbox 1266 2604 1961 2646; baseline 0.004 -12"><span class='ocrx_word' id='word_1_541' title='bbox 1266 2604 1420 2645; x_wconf 86' lang='lat' dir='ltr'><strong>dimittit,</strong></span> <span class='ocrx_word' id='word_1_542' title='bbox 1434 2604 1487 2635; x_wconf 88' lang='lat' dir='ltr'><strong>vir</strong></span> <span class='ocrx_word' id='word_1_543' title='bbox 1501 2610 1536 2635; x_wconf 86' lang='lat' dir='ltr'><strong>et</strong></span> <span class='ocrx_word' id='word_1_544' title='bbox 1551 2605 1583 2636; x_wconf 94' lang='lat' dir='ltr'><strong>in</strong></span> <span class='ocrx_word' id='word_1_545' title='bbox 1600 2615 1659 2636; x_wconf 85' lang='lat' dir='ltr'><strong>sua</strong></span> <span class='ocrx_word' id='word_1_546' title='bbox 1680 2605 1961 2646; x_wconf 79' lang='lat' dir='ltr'><strong>Jurisprudentia</strong></span> 
     </span>
     <span class='ocr_line' id='line_1_96' title="bbox 1267 2654 1957 2697; baseline 0.004 -13"><span class='ocrx_word' id='word_1_547' title='bbox 1267 2659 1302 2685; x_wconf 90' lang='lat' dir='ltr'><strong>et</strong></span> <span class='ocrx_word' id='word_1_548' title='bbox 1318 2655 1350 2685; x_wconf 89' lang='lat' dir='ltr'><strong>iu</strong></span> <span class='ocrx_word' id='word_1_549' title='bbox 1366 2654 1416 2685; x_wconf 86' lang='lat' dir='ltr'><strong>his</strong></span> <span class='ocrx_word' id='word_1_550' title='bbox 1434 2664 1566 2696; x_wconf 90' lang='lat' dir='ltr'><strong>quoque</strong></span> <span class='ocrx_word' id='word_1_551' title='bbox 1589 2655 1714 2686; x_wconf 88' lang='lat' dir='ltr'><strong>litteris</strong></span> <span class='ocrx_word' id='word_1_552' title='bbox 1729 2656 1850 2687; x_wconf 90' lang='lat' dir='ltr'><strong>eximie</strong></span> <span class='ocrx_word' id='word_1_553' title='bbox 1867 2666 1957 2697; x_wconf 83' lang='lat' dir='ltr'><strong>mag-</strong></span> 
     </span>
     <span class='ocr_line' id='line_1_97' title="bbox 1268 2705 1960 2745; baseline 0.006 -11"><span class='ocrx_word' id='word_1_554' title='bbox 1268 2714 1344 2743; x_wconf 89' lang='lat' dir='ltr'><strong>nus,</strong></span> <span class='ocrx_word' id='word_1_555' title='bbox 1386 2705 1486 2745; x_wconf 84' lang='lat' dir='ltr'><strong>Casp.</strong></span> <span class='ocrx_word' id='word_1_556' title='bbox 1528 2705 1713 2745; x_wconf 84' lang='lat' dir='ltr'><strong>Bitschius,</strong></span> <span class='ocrx_word' id='word_1_557' title='bbox 1751 2705 1960 2738; x_wconf 85' lang='lat' dir='ltr'><strong>Antecessor</strong></span> 
     </span>
     <span class='ocr_line' id='line_1_98' title="bbox 1271 2753 1960 2796; baseline 0.004 -11"><span class='ocrx_word' id='word_1_558' title='bbox 1271 2753 1380 2786; x_wconf 87' lang='lat' dir='ltr'><strong>Acad.</strong></span> <span class='ocrx_word' id='word_1_559' title='bbox 1395 2764 1494 2796; x_wconf 91' lang='lat' dir='ltr'><strong>quem</strong></span> <span class='ocrx_word' id='word_1_560' title='bbox 1518 2755 1653 2786; x_wconf 79' lang='lat' dir='ltr'><strong>lionoris</strong></span> <span class='ocrx_word' id='word_1_561' title='bbox 1675 2760 1711 2786; x_wconf 88' lang='lat' dir='ltr'><strong>et</strong></span> <span class='ocrx_word' id='word_1_562' title='bbox 1736 2755 1960 2788; x_wconf 53' lang='lat' dir='ltr'><strong>observantias</strong></span> 
     </span>
     <span class='ocr_line' id='line_1_99' title="bbox 1271 2805 1963 2846; baseline 0.001 -9"><span class='ocrx_word' id='word_1_563' title='bbox 1271 2815 1373 2837; x_wconf 85' lang='lat' dir='ltr'><strong>causa</strong></span> <span class='ocrx_word' id='word_1_564' title='bbox 1387 2805 1531 2846; x_wconf 89' lang='lat' dir='ltr'><strong>nomino,</strong></span> <span class='ocrx_word' id='word_1_565' title='bbox 1546 2805 1661 2836; x_wconf 92' lang='lat' dir='ltr'><strong>docuit</strong></span> <span class='ocrx_word' id='word_1_566' title='bbox 1675 2815 1741 2845; x_wconf 90' lang='lat' dir='ltr'><strong>me,</strong></span> <span class='ocrx_word' id='word_1_567' title='bbox 1756 2806 1963 2838; x_wconf 88' lang='lat' dir='ltr'><strong>observatio·</strong></span> 
     </span>
     <span class='ocr_line' id='line_1_100' title="bbox 1273 2855 1963 2889; baseline 0.001 -3"><span class='ocrx_word' id='word_1_568' title='bbox 1273 2865 1349 2887; x_wconf 87' lang='lat' dir='ltr'><strong>nem</strong></span> <span class='ocrx_word' id='word_1_569' title='bbox 1364 2856 1450 2887; x_wconf 88' lang='lat' dir='ltr'><strong>hanc</strong></span> <span class='ocrx_word' id='word_1_570' title='bbox 1467 2855 1509 2886; x_wconf 84' lang='lat' dir='ltr'><strong>ad</strong></span> <span class='ocrx_word' id='word_1_571' title='bbox 1526 2855 1631 2886; x_wconf 89' lang='lat' dir='ltr'><strong>multa</strong></span> <span class='ocrx_word' id='word_1_572' title='bbox 1658 2856 1757 2887; x_wconf 88' lang='lat' dir='ltr'><strong>etiam</strong></span> <span class='ocrx_word' id='word_1_573' title='bbox 1782 2856 1856 2888; x_wconf 86' lang='lat' dir='ltr'><strong>loca</strong></span> <span class='ocrx_word' id='word_1_574' title='bbox 1869 2856 1963 2889; x_wconf 80' lang='lat' dir='ltr'><strong>Juris</strong></span> 
     </span>
    </p>
   </div>
  </div>
 </body>
</html>
