2174 3424
435 334 522 376 806

477 438 716 477 Auctoritatem,
728 437 798 479 grex]
815 438 825 455 ‘
838 437 1034 470 Auctoritas
1046 437 1056 453 ’
1069 438 1133 472 h.l.

435 493 534 519 notat
550 488 738 528 consilium,
754 494 792 520 ut
815 499 870 529 ap.
887 489 972 520 Caes.
984 498 1009 521 1.
1033 490 1074 520 Β.
1093 490 1132 521 C.

433 541 489 570 35.
525 539 534 555 ‘
552 538 688 570 Debere
704 548 761 569 eos
775 539 885 570 Italiae
900 540 1003 570 totius
1017 544 1133 571 aucto-

434 590 571 621 ritatem
593 590 686 630 sequi
703 590 828 629 potius,
844 599 943 630 quam
959 590 1056 621 unius
1079 591 1134 622 ho-

434 640 533 671 minis
551 640 716 671 voluntati
729 640 987 680 obtemperare.'
1020 640 1073 671 Id.
1090 641 1131 672 B.

431 689 509 721 Afr.
525 692 579 720 40.
613 692 622 707 ⁶
640 689 894 721 Animadvertit
908 690 1051 721 mirifica
1062 700 1133 722 cor·

430 748 517 780 pora
533 740 705 771 Gallorum
723 740 1048 781 Germanorumque,
1073 741 1130 782 qui

431 790 557 830 partim
583 790 657 830 ejus
688 791 929 821 auctoritatem
960 796 1061 821 erant
1088 801 1130 821 ex

431 840 538 871 Gallis
583 839 716 871 secuti)
784 840 856 871 Liv.
894 848 1041 871 xxxvii.
1078 843 1130 872 12.

430 890 440 906 ‘
456 889 574 920 Multis
590 889 758 920 nobilibus
770 890 896 920 secutis
910 890 1000 920 inter
1016 895 1131 921 cetera

431 941 672 972 auctoritatem
696 941 915 980 Pausistrati,
940 951 1014 981 quae
1040 941 1130 972 inter

430 1000 507 1021 suos
531 991 652 1021 merito
682 991 828 1021 maxima
854 990 952 1021 erat!
995 991 1067 1021 Cic.
1092 1000 1128 1022 x.

429 1039 523 1071 Fam.
542 1043 594 1071 10.
631 1041 640 1056 ‘
657 1041 891 1081 Legionesque
914 1041 990 1071 duae
1012 1041 1054 1071 de
1071 1050 1128 1072 ex-

428 1091 539 1121 ercitu
564 1090 703 1122 A-ntonii
724 1092 765 1121 ad
785 1092 860 1132 ejus
891 1101 927 1122 se
948 1092 1129 1122 anctorita-

428 1144 498 1170 tem
515 1141 761 1172 contulissent.'
798 1142 850 1173 ld.
868 1149 950 1173 xm.
967 1143 1019 1172 12.
1042 1141 1051 1157 ‘
1068 1142 1127 1172 Se-

427 1197 528 1220 cutus
553 1189 818 1221 auctoritatem.’
856 1191 906 1221 M.
931 1191 1010 1222 Sen.
1037 1192 1124 1222 Con-

428 1244 584 1271 trov.1x.
601 1240 626 1271 f.
665 1241 674 1257 ‘
692 1241 764 1280 Ego
788 1245 823 1271 te
850 1241 964 1281 genui,
990 1250 1053 1281 ego
1080 1241 1126 1272 di-

426 1290 526 1321 vitias
562 1291 661 1322 docui
707 1295 942 1329 contemnere3
981 1301 1125 1332 sequere

427 1341 669 1371 auctoritatem
707 1340 835 1371 meam!
885 1342 983 1372 Curt.
1013 1350 1062 1373 lx.
1091 1345 1124 1372 7.

426 1392 436 1408 ‘
453 1391 531 1420 Non
547 1395 615 1420 tam
638 1390 770 1430 imperii
786 1391 957 1430 cupidine,
974 1401 1073 1432 quam
1090 1392 1123 1422 iu

425 1441 568 1481 patrium
587 1440 778 1471 revertendi
795 1450 870 1470 cum
896 1440 948 1479 iis,
966 1441 1021 1481 qui
1046 1450 1123 1472 auc-

423 1491 599 1521 toritatem
617 1490 720 1530 ipsius
735 1490 986 1531 sequebantur!
1024 1491 1125 1522 Cete-

425 1549 498 1571 rum
527 1540 639 1580 paullo
667 1545 743 1580 post
769 1540 903 1580 legend.
934 1540 1069 1571 videtur
1092 1545 1123 1572 et

419 1601 538 1631 pacem,
551 1594 602 1632 ᾅϊ.
630 1592 781 1624 Gronov.

467 1643 484 1683 ξ
506 1645 525 1673 7
551 1642 679 1682 Pacem]
722 1642 825 1684 Angl.
848 1647 878 1674 et
900 1654 1019 1685 pacem,
1044 1655 1119 1676 cum

423 1692 585 1732 emphasi.
610 1692 714 1729 Scltef.

464 1743 532 1774 Soli
547 1743 740 1783 spreverant]
770 1745 851 1785 Snp.
868 1754 919 1776 lx.
937 1749 967 1776 5.
985 1748 1015 1777 3.
1040 1747 1119 1778 Ber.

464 1795 482 1834 ς
509 1797 528 1824 8
553 1794 592 1824 In
608 1794 673 1834 ipso
689 1795 773 1835 ortu]
805 1796 878 1827 Liv.
895 1805 1000 1827 xxm.
1016 1799 1069 1827 31.
1085 1799 1117 1828 4.

419 1843 518 1874 ‘Nisi
542 1844 708 1875 orientem
738 1845 849 1885 ignem
876 1847 1118 1887 opprimamus,

421 1892 549 1932 ingenti
567 1903 642 1923 mox
668 1894 837 1934 incendio,
853 1905 928 1926 cum
948 1896 1019 1936 jam
1045 1898 1118 1927 nul-

417 1942 483 1972 lam
497 1952 595 1983 opem
604 1942 694 1974 ferre
707 1954 892 1984 possumus,
902 1945 1116 1978 ardebimus.’

421 1992 519 2024 Curt.
534 2002 586 2024 VI.
599 1996 630 2024 3.
646 1996 696 2024 17.
721 1994 729 2010 ‘
744 1994 855 2025 Parva
867 2004 955 2035 saepe
969 1996 1116 2027 scintilla

419 2047 594 2074 contemta
626 2053 783 2084 magnum
815 2044 981 2076 excitavit
1005 2046 1117 2077 incen-

418 2092 534 2123 dium!
558 2093 655 2124 Idem.

461 2145 479 2184 ς
508 2146 547 2174 10
570 2142 653 2182 Agnis
679 2144 752 2185 rex]
790 2145 845 2175 De
878 2144 948 2184 huj.
975 2144 1113 2176 militari

416 2194 540 2226 robore
551 2194 649 2226 Diod.
663 2203 756 2226 xvir.
769 2198 821 2227 63.
843 2200 878 2227 et
894 2197 992 2228 Curt.
1010 2207 1061 2229 vr.
1082 2201 1110 2229 l.

415 2244 473 2276 nhi
498 2244 617 2275 scribit
646 2245 811 2276 cecidisse
844 2246 1113 2279 Lacedaemonio-

414 2304 489 2326 rum
505 2299 535 2326 5.
557 2294 605 2325 M.
633 2299 669 2325 et
694 2297 769 2326 350.
799 2305 841 2326 ex
868 2297 1111 2330 Macedonibus

414 2344 502 2376 haud
519 2344 660 2384 amplius
676 2347 706 2375 3.
724 2345 772 2376 M.
819 2346 895 2378 Quo
912 2346 955 2378 de
972 2357 1110 2379 numero

414 2395 524 2426 variat
537 2394 687 2425 nonnihil
703 2395 806 2427 Diod.
827 2396 873 2427 ib.
905 2397 1003 2429 Idem.

461 2446 505 2476 Ut
529 2445 705 2476 Alexandro
716 2445 887 2485 felicitate,
909 2457 968 2478 nou
993 2449 1111 2480 virtute

411 2495 558 2535 inferior]
588 2494 691 2535 Angl.
726 2496 769 2526 Ut
781 2497 834 2527 Al.
846 2497 874 2527 si
887 2507 945 2527 non
953 2497 1110 2535 felicitate

408 2547 564 2588 parmirt.
581 2556 641 2577 non
652 2546 710 2584 ins.
735 2547 916 2588 Vulgatam
930 2549 1011 2581 lect.
1024 2555 1108 2590 puto

410 2597 601 2637 genuinam.
625 2596 728 2634 Sches.

455 2648 540 2679 CAP.
562 2656 605 2679 ιι.
640 2649 656 2688 §
674 2651 690 2679 1
719 2649 898 2680 Alexander
921 2660 978 2681 rex
999 2651 1107 2692 Epiri]

409 2697 488 2729 vid.
512 2698 588 2729 Liv.
606 2701 756 2730 v1n.24.
781 2699 904 2731 Strabo
920 2710 970 2731 vi.
989 2707 1107 2732 contra

409 2747 599 2787 Messapios
615 2752 648 2778 et
666 2748 818 2779 Lucanos
834 2756 1011 2782 evocatum
1027 2753 1107 2783 scri·

409 2797 472 2829 bit.
513 2799 666 2837 Bongnrs.
728 2800 804 2831 Eid.
843 2808 1105 2841 cognomentum

408 2848 511 2880 fuisse
529 2851 686 2889 Molosso,
702 2851 807 2881 tradit
823 2851 932 2892 Agen.
946 2861 1037 2884 xvir.
1050 2857 1104 2884 21.

409 2904 443 2930 et
458 2899 564 2940 addit,
581 2900 612 2930 in
630 2901 762 2932 ltaliam
785 2907 1017 2935 transeuntem
1034 2904 1105 2935 dix-

834 343 838 347 “
891 346 1032 377 No'rAE
1065 347 1330 379 VAR10RUM
1366 349 1414 378 IN

1183 440 1261 480 isse,
1272 440 1283 458 ‘
1293 451 1328 472 se
1341 441 1475 482 quidem
1485 442 1526 473 ad
1540 442 1707 474 Romanos
1722 442 1770 474 ire
1784 442 1879 483 quasi

1184 491 1217 522 in
1234 491 1422 533 ἀνδρωνίτην,
1433 494 1464 524 h.
1475 502 1506 524 e.
1519 493 1654 524 virorum
1669 493 1878 525 domicilium:

1182 541 1431 574 ‘Alexandrum
1443 544 1604 583 Magnum
1619 544 1684 574 isse
1701 542 1742 573 ad
1754 543 1878 574 Persas

1183 594 1278 633 quasi
1295 593 1328 624 in
1343 593 1583 633 Ὑυναικωνίτην,’
1604 594 1792 625 domicilium
1813 604 1880 624 mu-

1181 644 1300 676 lierum.
1346 645 1464 676 Fuerit
1481 645 1584 685 igitur
1599 644 1787 676 Alexandri
1802 645 1879 675 Mo-

1181 694 1261 725 lossi
1278 695 1453 734 expeditio
1474 695 1641 735 posterior
1657 695 1877 736 expeditione

1180 744 1367 776 Alexandri
1383 746 1511 786 Magni.
1555 745 1601 776 At
1617 746 1708 776 Plut.
1729 745 1878 785 priorem

1179 794 1262 825 facit
1288 796 1319 826 in
1344 796 1534 827 Commeut.
1551 796 1594 827 de
1617 796 1754 827 Fortun.
1777 796 1876 827 Rom.

1179 853 1256 884 cap.
1274 845 1334 875 ult.
1361 846 1492 877 Bernec.

1223 896 1239 935 ξ
1259 898 1278 926 2
1305 896 1405 931 Quam
1427 897 1479 927 ille
1505 897 1540 927 in
1561 896 1639 927 Asia
1661 899 1691 926 et
1714 895 1748 926 in
1770 895 1878 926 Persis

1177 945 1353 985 habiturus]
1383 946 1568 984 Diodorus,
1588 955 1654 986 quo
1671 950 1824 985 tempore
1840 945 1875 976 in

1177 995 1309 1026 Italiam
1354 996 1493 1036 trajecit
1530 995 1736 1033 Alexander,
1774 1004 1873 1035 quem

1177 1047 1365 1077 Molossum
1386 1051 1484 1077 vocat
1501 1045 1665 1086 AgeHius,
1679 1046 1749 1076 sive
1766 1045 1873 1077 Aulus

1177 1094 1309 1126 Gellius
1325 1100 1388 1135 est,
1410 1096 1467 1127 ubi
1484 1095 1526 1127 de
1544 1097 1616 1127 ead.
1644 1096 1708 1126 hac
1732 1104 1768 1126 re
1789 1095 1874 1135 agit,

1176 1145 1371 1186 Philippum
1388 1145 1575 1176 Alexandri
1595 1146 1642 1177 M.
1661 1150 1793 1185 patrem
1815 1145 1873 1175 ad-

1175 1195 1238 1226 huc
1254 1196 1286 1226 in
1306 1196 1388 1227 vivis
1401 1195 1515 1235 fuisse,
1531 1201 1566 1227 et
1578 1196 1686 1227 adhuc
1703 1196 1871 1227 Graeciam

1175 1244 1265 1276 bello
1276 1247 1407 1286 arsisse,
1422 1246 1570 1277 nondum
1586 1246 1620 1277 in
1636 1245 1750 1277 Asiam
1766 1251 1872 1277 trans-

1174 1296 1256 1335 lato,
1271 1296 1398 1327 scribit.
1429 1297 1517 1327 Mod.

1217 1347 1234 1386 §
1259 1349 1277 1376 3
1305 1346 1392 1376 Huic
1413 1355 1587 1386 responsum
1609 1345 1761 1376 Dodonoei
1782 1346 1872 1376 Jocz's

1172 1395 1275 1425 urbem
1300 1396 1485 1426 Pandosiam
1507 1404 1684 1435 amnemque
1704 1395 1872 1426 Acherusi-

1172 1454 1225 1474 um
1238 1443 1446 1484 prccdixerat]
1480 1444 1548 1474 Liv.
1562 1453 1641 1474 vul.
1665 1445 1674 1460 ‘
1691 1443 1813 1474 Accito
1826 1444 1869 1475 ab

1172 1496 1369 1526 Tarentinis
1383 1496 1414 1525 in
1428 1495 1561 1525 Italiam
1579 1494 1659 1525 data
1668 1494 1773 1525 dictio
1785 1499 1871 1535 erat,

1173 1552 1310 1577 caveret
1326 1546 1543 1577 Acherusiam
1568 1555 1686 1586 aquam
1704 1545 1870 1577 Pandosi-

1173 1607 1291 1637 amque
1304 1596 1418 1626 urbem
1434 1605 1443 1633 ;
1460 1595 1503 1625 ibi
1515 1594 1594 1625 fatis
1605 1594 1675 1634 ejus
1690 1595 1868 1625 terminum

1172 1646 1275 1676 dariz’
1298 1655 1494 1686 responsum
1507 1650 1617 1676 amem
1636 1645 1774 1681 oraculi,
1790 1654 1816 1675 s.
1831 1648 1869 1676 ut

1170 1697 1244 1728 Liv.
1277 1697 1336 1735 ait,
1362 1696 1480 1734 dioilo,
1509 1695 1560 1726 his
1584 1694 1713 1726 dnobus
1739 1693 1868 1726 Graecia

1170 1749 1321 1780 versibus
1347 1748 1560 1780 continetur:
1593 1745 1730 1785 Αἰακίδῃ,
1753 1744 1868 1787 προφύ-

1170 1801 1246 1837 λαξο
1267 1800 1374 1837 μολεῖν
1395 1797 1592 1838 Ἀχερούσιον
1614 1797 1699 1837 ὕδωρ,
1722 1798 1869 1828 Πανδοσί·

1169 1859 1254 1887 αντε,
1279 1848 1326 1878 ὅτι
1353 1860 1401 1879 τοι
1425 1847 1552 1879 θάνατος
1578 1845 1769 1887 πεπρωμένος
1789 1847 1866 1880 ἐστί.

1168 1900 1256 1930 Mod.
1300 1899 1437 1929 Modius
1463 1897 1493 1928 h.
1511 1898 1531 1928 l.
1555 1897 1723 1928 oraculum
1741 1897 1866 1937 produ-

1168 1949 1227 1987 cit,
1242 1949 1330 1979 haud
1344 1949 1426 1988 scio,
1441 1957 1482 1978 an
1498 1946 1635 1985 γνήσιον.
1680 1947 1863 1978 Diversum

1167 1999 1286 2030 abhoc
1310 1999 1482 2030 oraculum
1506 1996 1661 2028 referunt
1682 1997 1796 2029 Strab.
1812 2006 1863 2029 vl.

1166 2053 1202 2080 et
1217 2049 1336 2089 Steph.
1353 2049 1386 2078 in
1401 2046 1562 2078 Πανδοσία.
1584 2047 1716 2078 Bernec.
1760 2048 1864 2078 Error

1165 2103 1229 2134 est,
1260 2103 1297 2130 ut
1324 2099 1402 2128 mihi
1424 2097 1560 2138 quidem
1591 2097 1737 2136 videtur,
1761 2098 1862 2137 plane

1164 2149 1464 2187 manifestissimus,
1490 2157 1600 2189 neque
1632 2148 1659 2179 is
1692 2152 1804 2179 tamen
1842 2158 1863 2179 a

1164 2208 1329 2239 quoquam
1340 2199 1482 2229 antehac
1492 2197 1757 2229 animadversus.
1777 2198 1861 2229 Ver-

1164 2247 1205 2278 ba
1217 2249 1303 2288 ipsa,
1317 2253 1351 2279 et
1365 2249 1537 2279 sententia
1549 2248 1738 2287 verborum,
1754 2248 1861 2279 sinon

1162 2299 1376 2338 negligenter
1409 2303 1620 2338 spectentur,
1656 2308 1725 2329 rem
1763 2299 1859 2331 brevi

1162 2348 1402 2387 probaverint:
1442 2349 1488 2378 Ut
1526 2349 1663 2379 oracula
1692 2349 1859 2390 Delphica

1162 2398 1298 2429 insidias
1314 2398 1509 2428 Alexandro
1533 2398 1582 2428 M.
1599 2398 1631 2428 in
1655 2399 1858 2430 Macedonia

1162 2448 1405 2488 praedixerant,
1429 2448 1474 2478 ita
1493 2448 1568 2479 huic
1593 2449 1692 2479 alteri
1709 2448 1857 2480 Alexan-

1161 2497 1222 2528 dro
1237 2498 1331 2530 ,lovis
1348 2498 1514 2529 Dodonaei
1538 2499 1675 2529 oracula
1692 2499 1859 2539 praedixe·

1160 2553 1237 2579 rant
1256 2548 1447 2580 Acheronta
1463 2558 1593 2579 amnem
1605 2553 1639 2579 et
1652 2549 1855 2581 Pandosiam

1161 2598 1290 2629 urbem.
1337 2599 1426 2637 Hoc,
1454 2599 1479 2629 si
1508 2599 1588 2640 quid
1612 2609 1755 2640 unquam
1779 2599 1857 2640 fuit,

1160 2648 1259 2688 plane
1284 2648 1458 2679 ridiculum
1480 2654 1542 2687 est,
1557 2648 1646 2688 quod
1663 2649 1695 2679 in
1712 2658 1854 2689 puerum

1158 2697 1266 2737 magis
1283 2698 1475 2734 conveniat,
1487 2707 1583 2738 quam
1596 2697 1627 2727 in
1640 2697 1757 2729 virum.
1783 2699 1854 2730 Ita-

1158 2758 1223 2789 que
1251 2749 1312 2788 sic‚
1334 2752 1373 2779 ut
1399 2748 1522 2784 dicam,
1553 2752 1645 2778 totus
1672 2748 1737 2779 iste
1761 2749 1854 2781 locus

1157 2798 1388 2829 emendandus
1410 2803 1482 2836 est;
1505 2797 1581 2828 dein
1605 2798 1852 2830 correctionem

1157 2849 1349 2889 singulatim
1375 2848 1546 2889 probabo:
1579 2847 1657 2878 sicut
1672 2849 1854 2880 Alexandro

1157 2901 1276 2940 Magno
1292 2899 1442 2941 Delphica
1456 2899 1579 2930 oracula
1592 2899 1719 2930 insidias
1733 2899 1765 2931 in
1777 2901 1851 2932 Μα-
