2101 3419
417 371 589 414 cxxxvi

459 480 580 511 Titulus
593 479 666 521 (pro
682 479 847 521 praetextu)
870 490 900 516 v,
914 483 944 516 1,
958 482 989 511 8.
1012 490 1061 516 xv,
1076 483 1109 515 4,

420 527 472 556 13.
505 534 574 557 xxx,
598 525 629 558 3,
645 525 666 553 6
689 522 761 562 (pro
786 522 927 564 nomine)
952 522 1006 559 xii,
1021 526 1074 559 11,
1089 525 1110 553 2

420 565 509 595 titulo
522 564 613 595 officii
639 564 714 606 (hoc
728 569 787 600 est,
802 566 905 605 specie
931 565 1040 605 officii)
1068 564 1111 601 ix,

419 610 452 643 7,
471 610 510 638 10
533 607 671 638 Freinsh.
685 607 849 648 transfugae
867 608 956 638 titulo
973 607 1113 648 Babylo-

419 650 503 680 niam
533 649 733 690 proficiscitur
757 649 779 686 i,
805 652 859 688 10,
886 654 926 682 16
960 650 1056 691 magis
1080 649 1114 679 in

420 691 545 722 titulum
568 690 699 732 imperii,
721 702 813 732 quam
827 692 860 722 in
874 693 1008 724 victoriae
1036 702 1114 733 prae-

421 734 516 764 mium
544 733 690 764 tributum
711 733 869 774 imponere
905 735 938 771 ii,
955 738 987 772 3,
1013 738 1052 766 15
1077 745 1114 765 ex

421 776 539 807 indicio
555 776 712 806 titulorum
737 777 901 817 sepulturae
917 778 995 808 tradi
1023 777 1066 813 iii,
1082 781 1116 814 5,

424 821 464 850 11
498 818 581 859 (Ubi
607 823 616 835 ‘
632 819 722 848 tituli'
738 820 882 850 dicuntur
896 830 965 861 quae
981 820 1116 860 deligata

423 861 548 891 fuerunt
561 861 690 891 brachiis
701 861 881 898 occisorum,
898 868 932 892 ut
946 863 1030 897 inde,
1039 872 1116 903 quo-

424 914 490 933 rum
500 904 648 934 cadavera
657 909 769 941 essent,
778 904 1007 946 agnosceretur)
1014 905 1118 935 Vorst.

425 945 547 976 titulum
578 945 723 976 libertatis
747 947 779 976 in
802 948 976 978 servitutem
1003 952 1118 977 vertere

426 998 476 1024 xv,
492 991 524 1024 4,
539 991 578 1019 13
603 989 709 1018 titulus
738 990 823 1028 pacis
849 990 922 1026 xxii,
938 992 969 1025 3,
985 992 1005 1021 4
1029 989 1118 1019 titulo

424 1030 544 1060 ferendi
565 1030 656 1061 sociis
670 1031 773 1061 auxilii
812 1043 881 1068 xxx,
910 1035 942 1068 3,
957 1035 978 1063 6
1013 1032 1120 1062 titulus

425 1073 499 1103 belli
513 1073 658 1103 honestus
673 1084 762 1109 xxxV,
779 1076 809 1110 1,
824 1077 845 1104 2

470 1115 666 1155 Tlepolemus
681 1116 713 1144 in
728 1115 878 1146 divisione
891 1115 1011 1156 imperii
1025 1114 1120 1147 Alex-

428 1158 515 1187 andri
531 1158 638 1187 Persas
654 1158 775 1187 sortitur
803 1158 866 1194 xiii,
882 1161 914 1195 4,
930 1161 971 1190 23

471 1199 613 1230 Tolerare
628 1200 721 1229 vitam
745 1200 820 1236 xliii,
835 1204 867 1236 3,
883 1204 902 1231 5

468 1242 589 1272 Tollere
604 1242 730 1272 aemulos
765 1242 830 1279 xiii,
844 1247 876 1279 5,
894 1246 945 1274 15.
978 1242 1040 1283 xxi,
1054 1246 1086 1280 2,
1103 1246 1120 1274 1

430 1284 563 1325 aliquem
589 1295 708 1315 veneno
744 1285 845 1321 xxxix,
869 1289 901 1321 2,
917 1288 956 1316 10
989 1296 1021 1316 se
1046 1296 1123 1322 esse,

431 1337 522 1367 quem
537 1327 666 1366 primurn
692 1327 725 1357 in
748 1338 842 1368 regno
868 1327 934 1368 jam
961 1338 1010 1358 rex
1038 1333 1125 1368 pater

431 1368 554 1399 sustulit
582 1370 614 1405 ii,
631 1372 682 1404 10,
698 1374 716 1400 5
740 1381 777 1400 ex
802 1381 839 1400 ea
854 1375 913 1400 tres
929 1370 1007 1400 filios
1024 1376 1125 1401 sustu-

432 1411 468 1441 lit
492 1412 545 1447 vii,
561 1414 593 1448 4,
610 1416 627 1442 5
653 1412 772 1442 sublata
795 1418 880 1443 veste
904 1413 925 1449 i,
941 1416 972 1449 6,
990 1416 1030 1445 14
1054 1414 1125 1444 sub-

431 1454 499 1484 latis
513 1455 602 1484 rebus
630 1455 751 1490 xxxviii,
768 1458 799 1491 3,
816 1458 834 1486 3

474 1496 586 1527 Tolosa
618 1496 855 1538 Tectosagorum
888 1497 988 1538 patria
1034 1497 1126 1535 xxxii,

434 1542 466 1576 3,
478 1542 499 1570 9

475 1581 661 1611 Tolosanum
678 1592 784 1612 aurum
814 1582 905 1618 xxxii,
921 1585 953 1619 3,
968 1586 989 1614 9

475 1623 628 1664 Tomyris,
657 1625 840 1666 Scytharum
870 1625 975 1666 regina
1008 1625 1030 1662 i,
1053 1628 1085 1664 8,
1106 1629 1126 1658 2

435 1666 551 1707 Cyrum
568 1667 731 1697 trucidavit
754 1668 774 1704 i,
791 1671 823 1704 8,
840 1671 878 1698 ll

476 1708 596 1739 Tonare
619 1709 700 1739 bello
730 1710 821 1746 xxxii,
848 1713 881 1746 4,
898 1712 938 1740 10
961 1714 1071 1740 tonans
1092 1721 1128 1742 ac

436 1751 601 1781 fulminans
623 1752 660 1781 ab
676 1762 786 1783 occasu
802 1752 936 1793 procella
964 1753 1045 1789 xxix,
1061 1755 1093 1789 3,
1110 1756 1127 1784 l

478 1794 642 1824 Tormenta
671 1793 705 1831 ii,
718 1798 750 1831 9,
765 1798 795 1826 3.
819 1795 891 1829 xliv,
907 1798 939 1830 2,
954 1798 973 1826 4
997 1800 1130 1826 tormen-

437 1836 476 1867 tis
492 1847 546 1877 pro
562 1836 684 1867 silentio
700 1847 796 1868 rerum
813 1837 996 1868 creditarum
1011 1837 1131 1868 immor-

439 1879 484 1908 tui
507 1879 579 1915 xliv,
596 1882 627 1915 2,
644 1882 663 1910 3

483 1921 601 1962 Torpor
623 1922 664 1958 vi,
680 1925 712 1958 9,
727 1925 747 1953 2

480 1964 635 2004 Torquere
662 1969 755 1994 testes
783 1964 876 2000 xxxii,
891 1966 923 2000 3,
938 1966 958 1995 2
992 1963 1132 1994 mulieres

440 2006 479 2036 ad
492 2007 665 2045 prodendas
682 2007 811 2036 virorum
825 2006 970 2046 pecunias
992 2007 1052 2042 xxi,
1069 2009 1100 2042 3,
1113 2010 1132 2038 8

482 2048 619 2089 Torques
634 2059 741 2078 aureus
763 2049 837 2084 xliii,
854 2052 885 2084 5,
901 2051 920 2079 7

482 2090 611 2121 Torrens
626 2091 735 2120 fretum
759 2092 834 2131 (hoc
850 2095 907 2126 est,
928 2091 1134 2130 impetuosum

441 2137 473 2163 et
487 2133 744 2173 tempestuosum)
765 2134 806 2169 iv,
823 2136 853 2167 1,
869 2136 889 2163 9
912 2133 1049 2163 Freinsh.
1072 2138 1134 2162 tor-

441 2185 509 2205 rens
525 2176 606 2206 calor
622 2176 692 2205 solis
721 2176 752 2210 ii,
779 2178 810 2212 1,
826 2178 868 2206 16
892 2180 1006 2205 torrens
1032 2180 1064 2205 et
1088 2185 1135 2205 ra-

443 2218 533 2259 pidus
548 2218 681 2248 amnium
695 2228 798 2248 cursus
827 2217 899 2254 xliv,
914 2221 945 2253 1,
959 2220 979 2248 7

484 2260 625 2290 Torretur
636 2260 742 2291 Africa
754 2260 889 2290 violento
904 2260 967 2290 sole
980 2259 1053 2297 xliv,
1069 2262 1100 2297 1,
1115 2263 1136 2291 4

484 2302 585 2333 Torva
598 2303 704 2332 mulier
730 2303 805 2339 xliii,
820 2307 851 2338 5,
868 2306 887 2333 5

486 2345 584 2375 'l'orus
614 2344 736 2381 xxxviii,
753 2349 784 2381 8,
800 2349 831 2376 4.
853 2343 955 2382 xxxix,
970 2347 1003 2381 4,
1015 2346 1036 2375 6

487 2387 548 2417 'rot
563 2398 688 2418 numero
701 2387 754 2417 filii
776 2399 806 2423 x,
823 2390 853 2424 l,
868 2391 887 2418 7

487 2430 591 2460 Toties
614 2431 654 2466 xi,
673 2434 723 2466 14,
739 2434 768 2461 l.
793 2429 855 2466 xiV,
870 2433 901 2466 4,
917 2432 948 2461 7.
970 2430 1031 2466 xix,
1047 2431 1079 2465 3,
1095 2431 1114 2460 3

487 2473 583 2503 Totus
609 2473 640 2502 in
665 2473 802 2503 laetitiam
826 2473 941 2503 effusus
972 2472 1024 2508 xii,
1049 2475 1101 2507 13,
1117 2474 1137 2503 7

446 2514 545 2555 (Vide
560 2515 631 2545 Ind.
648 2515 750 2555 Nep.)
780 2515 882 2545 Vorst.
916 2524 979 2545 non
994 2515 1025 2544 in
1041 2519 1139 2544 totum

447 2557 539 2593 xxxii,
555 2561 586 2593 l,
601 2562 622 2589 9
645 2558 716 2587 totis
732 2558 835 2588 castris
855 2559 925 2598 (pro
942 2558 972 2587 in
989 2557 1071 2592 totis,
1087 2561 1140 2586 aut

448 2610 502 2640 per
529 2601 610 2641 tota)
638 2600 670 2634 ii,
697 2603 749 2635 11,
774 2603 824 2631 16.
853 2601 904 2636 xii,
928 2603 960 2635 4,
979 2603 995 2630 l
1019 2599 1141 2641 (similis

447 2642 562 2672 locutio
578 2643 609 2672 in
620 2643 727 2682 Virgil.
740 2642 866 2672 AEneid.
880 2654 909 2678 x,
921 2645 993 2673 356.
1003 2648 1034 2672 et
1043 2642 1142 2672 Tacit.

448 2685 489 2720 xi,
505 2688 558 2721 21,
574 2689 604 2716 5.
626 2691 658 2715 et
672 2685 744 2714 alibi
759 2685 879 2725 saepius.
893 2684 1030 2716 Freinsh.
1046 2683 1143 2719 Alibi,

451 2732 459 2744 ¹
477 2728 623 2758 universis
651 2727 777 2757 castris!
809 2728 929 2768 Vorst.)
945 2728 1016 2757 totis
1031 2727 1142 2756 viribus

449 2770 593 2800 adversus
612 2770 744 2810 aliquem
760 2769 910 2810 proficisci
931 2770 1012 2805 xxvi,
1027 2773 1059 2805 2,
1076 2771 1091 2799 1

493 2813 635 2843 Tractare
651 2812 731 2842 bella
745 2813 869 2847 artibus,
881 2817 985 2853 aperte
999 2812 1075 2852 (hoc
1085 2816 1143 2847 est,

451 2855 677 2895 administrare)
706 2856 747 2891 ix,
763 2858 794 2891 8,
811 2859 862 2887 12.
898 2855 972 2891 xxii,
994 2859 1026 2891 5,
1046 2857 1066 2885 4
1095 2854 1145 2883 Ita

453 2897 611 2938 imperium
643 2898 664 2935 i,
679 2901 711 2935 2,
730 2901 743 2929 1
778 2903 809 2929 et
823 2908 916 2939 regna
938 2897 970 2935 ii,
985 2900 1016 2935 4,
1031 2900 1073 2929 20
1100 2897 1143 2927 la-

1054 380 1215 412 INDEX

1159 489 1230 510 nam
1259 479 1280 516 i,
1295 481 1359 515 3,3
1382 478 1520 511 Freinsh.
1543 479 1670 512 vulnera
1691 480 1762 524 (pro
1777 491 1852 513 con—

1161 521 1307 562 trectare)
1330 522 1383 558 xii,
1399 526 1432 559 6,
1447 525 1467 553 8
1490 533 1552 554 rem
1566 523 1599 553 in
1614 529 1722 554 senatu
1744 525 1805 561 xvi,
1820 526 1853 562 4,

1161 567 1181 595 3
1208 565 1248 595 de
1263 564 1440 595 redimendo
1464 565 1528 595 filio
1551 567 1631 602 xxxi,
1656 569 1689 603 7,
1704 569 1724 598 7
1746 566 1854 598 Vorst.

1162 607 1202 636 de
1228 606 1305 637 Asia
1332 606 1444 643 xxxvii,
1468 610 1536 644 3,4
1564 613 1693 640 tractare
1721 608 1856 650 aliquem

1162 649 1329 680 crudeliter
1351 649 1416 686 xlii,
1432 653 1463 685 l,
1475 653 1495 681 4

1204 692 1331 723 Tractus
1338 691 1408 734 (pro
1417 691 1558 735 regione)
1570 703 1619 730 xx,
1627 696 1659 731 1,
1667 695 1708 725 14
1719 692 1857 724 Freinsh.

1163 733 1218 770 vii,
1233 737 1264 770 3,
1282 737 1298 766 1

1205 776 1336 807 Tradere
1348 776 1534 817 epulandum
1542 776 1614 818 (pro
1623 787 1778 818 apponere
1791 776 1861 818 ep.)

1165 818 1187 855 i,
1203 823 1235 855 5,
1251 822 1272 850 6
1295 819 1325 849 in
1336 819 1559 849 matrimonium
1573 820 1649 860 (hoc
1659 825 1716 856 est,
1727 825 1860 861 nuptum

1166 862 1256 902 dare)
1279 862 1401 897 xxxviii,
1417 865 1447 897 1,
1463 864 1483 893 4
1506 863 1670 902 sepulturae
1685 862 1758 902 (pro
1771 873 1860 903 sepe-

1167 903 1239 945 lire)
1261 904 1305 940 iii,
1322 909 1352 939 5,
1370 907 1421 935 11.
1443 903 1495 940 xii,
1511 908 1544 940 2,
1568 907 1607 936 15
1639 904 1775 935 Freinsh.
1801 910 1862 935 tra-

1169 946 1241 976 dere
1266 946 1359 977 alicui
1384 947 1548 977 exercitum
1575 947 1597 983 i,
1613 950 1644 983 6,
1660 950 1691 978 9.
1723 947 1756 983 ii,
1774 950 1826 984 13,
1839 949 1861 978 4

1169 988 1299 1018 ducibus
1327 987 1437 1019 milites
1460 989 1673 1030 perducendos
1704 989 1738 1025 ii,
1763 992 1816 1026 13,
1840 992 1861 1021 8

1170 1031 1288 1061 tradere
1303 1031 1459 1061 victoriam
1481 1032 1522 1067 vi,
1537 1035 1570 1067 6,
1582 1035 1622 1063 10
1645 1031 1778 1072 aliquem
1790 1042 1864 1072 sup-

1170 1072 1264 1112 plicio
1279 1072 1352 1103 olim
1367 1074 1520 1103 destinato
1541 1074 1606 1110 viii,
1621 1077 1652 1109 3,
1666 1077 1703 1105 11
1728 1075 1864 1105 tradide-

1172 1120 1244 1145 runt
1258 1116 1286 1146 ei
1302 1116 1405 1145 omnia
1426 1116 1589 1157 vectigalia
1604 1116 1779 1157 reditusque
1793 1127 1864 1147 suos

1173 1158 1215 1194 xi,
1231 1160 1262 1195 3,
1278 1162 1298 1190 2
1322 1159 1439 1189 tradere
1454 1168 1486 1188 se
1501 1169 1570 1189 cum
1583 1169 1694 1200 magno
1707 1159 1772 1189 auri
1787 1169 1866 1199 pon-

1173 1201 1246 1230 dere
1277 1200 1318 1237 xi,
1345 1204 1396 1236 10,
1411 1204 1431 1233 4
1465 1202 1538 1243 (pro
1568 1200 1709 1243 dedere).
1737 1201 1866 1232 traditur

1175 1243 1266 1273 alicui
1291 1244 1431 1274 custodia
1457 1244 1597 1285 pecuniae
1618 1244 1682 1280 xiii,
1696 1246 1728 1280 4,
1745 1248 1763 1275 5
1787 1243 1867 1274 tradi

1174 1284 1326 1325 supplicio
1355 1286 1420 1323 xiii,
1444 1291 1477 1323 4,
1493 1290 1512 1318 8
1536 1287 1654 1316 tradere
1677 1286 1767 1317 alicui
1794 1296 1865 1326 pro-

1174 1327 1306 1358 vinciam
1327 1328 1399 1369 (pro
1425 1330 1577 1360 deducere
1602 1329 1635 1358 in
1659 1328 1866 1370 provinciam)

1175 1370 1238 1406 xiii,
1260 1373 1292 1407 4,
1309 1374 1346 1402 ll
1385 1371 1488 1403 Vorst.
1520 1372 1646 1402 traditur
1673 1371 1765 1402 alicui
1794 1381 1867 1401 cura

1175 1413 1280 1443 classis
1315 1413 1378 1449 xiii,
1407 1417 1439 1450 6,
1467 1417 1508 1446 16
1544 1414 1662 1444 tradere
1691 1414 1866 1444 hominibus

1177 1465 1264 1485 usum
1280 1455 1382 1496 apium
1397 1461 1428 1487 et
1440 1456 1537 1487 mellis
1558 1456 1623 1492 xiii,
1636 1459 1669 1492 7,
1684 1459 1724 1487 10
1748 1451 1867 1487 tradere

1177 1508 1209 1528 se
1225 1498 1333 1528 victori
1354 1499 1414 1535 xiv,
1431 1502 1463 1535 6,
1479 1503 1510 1530 5.
1531 1499 1603 1535 xxii,
1619 1501 1651 1535 8,
1667 1501 1686 1529 3
1718 1498 1868 1529 bellorum

1177 1540 1294 1580 palmas
1328 1540 1506 1582 laureasque
1541 1551 1603 1571 una
1632 1551 1736 1572 secum
1761 1541 1869 1572 victori

1177 1583 1237 1619 xiv,
1252 1586 1285 1619 4,
1302 1586 1340 1614 17
1365 1585 1481 1615 tradere
1501 1583 1634 1624 aliquem
1650 1584 1682 1613 in
1697 1584 1868 1613 custodiam

1177 1626 1238 1661 xvi,
1261 1629 1293 1661 2,
1309 1628 1328 1656 4
1352 1627 1470 1657 tradere
1494 1637 1526 1656 se
1550 1627 1582 1656 in
1604 1626 1779 1656 servitutem
1807 1626 1869 1663 xvi,

1178 1670 1210 1704 4,
1227 1670 1268 1699 16
1290 1668 1408 1699 tradere
1424 1669 1556 1710 aliquam
1582 1668 1673 1699 alicui
1695 1673 1825 1708 nuptum
1846 1667 1869 1704 i,

1178 1712 1211 1746 4,
1225 1713 1245 1741 4
1269 1711 1387 1741 tradere
1411 1722 1536 1742 uxorem
1558 1711 1630 1747 xvii,
1646 1714 1676 1746 3,
1693 1714 1713 1742 6
1736 1710 1869 1751 aliquem

1179 1752 1332 1793 supplicio
1355 1754 1458 1790 xxviii,
1475 1757 1506 1789 3,
1522 1756 1563 1784 16
1586 1764 1618 1783 se
1643 1753 1769 1783 luxurias
1800 1763 1870 1789 xxx,

1180 1798 1210 1831 1,
1227 1798 1247 1826 2
1271 1796 1387 1826 tradere
1402 1796 1535 1837 aliquem
1550 1795 1681 1836 alicujus
1702 1795 1775 1826 fidei
1799 1805 1871 1836 pos-

1180 1837 1282 1867 tremis
1297 1839 1438 1878 precibus
1466 1838 1546 1874 xxxi,
1570 1841 1601 1874 1,
1617 1841 1636 1869 2
1666 1838 1809 1868 mandata
1823 1848 1871 1868 se-

1180 1885 1270 1910 natus
1296 1881 1386 1911 alicui
1410 1882 1489 1917 xxxi,
1505 1883 1537 1917 4,
1553 1884 1571 1911 5
1595 1891 1627 1911 se
1654 1880 1776 1910 fabricae
1801 1880 1872 1909 artis

1181 1922 1291 1952 aerariae
1315 1924 1416 1960 xxxvi,
1429 1927 1462 1960 4,
1477 1926 1496 1954 4
1521 1934 1553 1954 se
1565 1922 1657 1953 alicui
1671 1922 1703 1952 in
1719 1922 1872 1953 matrimo-

1180 1965 1266 1994 nium
1288 1966 1408 2002 xxxviii,
1424 1969 1456 2003 1,
1470 1969 1491 1998 4
1514 1976 1546 1996 se
1562 1965 1594 1996 in
1609 1969 1794 2006 potestatem
1815 1964 1872 1994 ali-

1181 2006 1271 2047 cujus
1294 2007 1358 2043 xlii,
1374 2011 1405 2044 4,
1421 2011 1440 2039 3

1222 2049 1393 2080 Traductus
1406 2060 1460 2090 per
1471 2060 1523 2080 ora.
1534 2049 1702 2080 civitatium
1725 2049 1824 2084 xxxvi,
1840 2051 1871 2084 1,

1181 2094 1200 2121 5
1225 2092 1382 2122 traductus
1407 2093 1525 2132 legibus
1551 2092 1591 2122 ad
1616 2090 1775 2122 cultiorem
1799 2091 1871 2120 vitae

1182 2144 1270 2164 usum
1292 2134 1364 2170 xliv,
1378 2138 1409 2170 5,
1425 2138 1445 2165 8

1223 2175 1345 2216 Tragici
1356 2187 1440 2217 reges
1461 2176 1521 2211 xvi,
1534 2180 1566 2213 5,
1583 2179 1624 2208 10

1223 2218 1451 2260 Tragoediarum
1475 2219 1613 2260 scriptor,
1637 2220 1699 2250 dux
1723 2220 1798 2251 belli
1833 2216 1877 2258 ffi,

1183 2263 1216 2298 6,
1230 2264 1269 2292 12

1225 2303 1356 2335 Trahere
1372 2303 1476 2334 limum
1491 2302 1562 2345 (pro
1576 2314 1676 2345 agere,
1699 2315 1801 2335 secum
1817 2305 1875 2335 du—

1184 2345 1270 2385 cere)
1293 2346 1326 2382 ii,
1341 2349 1372 2382 l,
1388 2349 1429 2377 20
1452 2347 1513 2387 (ita
1527 2348 1610 2386 apud
1626 2347 1765 2378 Curtium
1788 2347 1832 2384 iii,
1844 2351 1876 2384 1.

1184 2391 1215 2419 3.
1238 2398 1292 2428 pro
1308 2388 1477 2430 abducere)
1498 2389 1530 2425 ii,
1545 2392 1577 2425 4,
1588 2393 1605 2421 1
1630 2390 1702 2430 (pro
1715 2389 1877 2431 consequi)

1184 2430 1217 2467 ii,
1233 2433 1265 2467 7,
1280 2435 1299 2462 5
1334 2432 1407 2472 (pro
1428 2433 1594 2467 extrahere,
1617 2431 1808 2473 protrahere)
1844 2432 1878 2468 ii,

1188 2476 1239 2509 ll,
1264 2476 1303 2505 17
1333 2474 1488 2514 stipendia
1513 2475 1597 2515 (pro,
1612 2474 1643 2504 in
1670 2474 1702 2505 se
1722 2473 1877 2516 derivare)

1187 2516 1240 2551 xii,
1255 2518 1286 2552 4,
1302 2519 1322 2547 9
1345 2516 1480 2547 Freinsh.
1503 2518 1618 2547 trahere
1634 2527 1735 2557 parem
1751 2517 1876 2557 gratiam

1188 2559 1227 2588 ab
1239 2559 1371 2599 utrisque
1394 2559 1427 2596 ii,
1441 2563 1472 2595 7,
1483 2563 1501 2590 5
1525 2560 1698 2590 communia
1708 2559 1876 2589 civitatium

1189 2601 1301 2631 auxilia
1314 2602 1352 2631 ad
1363 2600 1440 2632 vires
1453 2612 1521 2632 suas
1544 2602 1587 2637 iii,
1600 2605 1631 2638 2,
1644 2605 1662 2633 3
1687 2601 1776 2632 traxit
1787 2612 1877 2642 quas-

1191 2644 1261 2673 dam
1276 2644 1415 2674 civitates
1439 2645 1478 2674 ad
1501 2644 1681 2685 Philippum
1696 2649 1793 2675 metus
1807 2643 1877 2674 belli

1191 2686 1233 2723 ix,
1249 2689 1279 2722 3,
1296 2689 1315 2717 8
1338 2687 1429 2716 trahit
1443 2687 1515 2717 inde
1527 2687 1672 2727 originem
1688 2697 1762 2727 gens
1789 2685 1830 2722 xi,
1844 2689 1876 2722 4,

1192 2732 1211 2759 5
1235 2728 1373 2769 captivos
1398 2729 1515 2770 aliquos
1536 2730 1653 2759 trahere
1676 2729 1708 2759 in
1734 2729 1879 2768 triumphi

1192 2772 1317 2801 modum
1332 2782 1386 2812 per
1400 2782 1452 2802 ora
1465 2772 1577 2802 civium
1599 2771 1660 2808 xvi,
1676 2775 1707 2807 5,
1723 2775 1741 2802 5
1765 2781 1877 2812 aegrum

1193 2814 1329 2853 spiritum
1343 2815 1459 2845 trahere
1481 2813 1584 2850 xxviii,
1597 2817 1627 2850 3,
1641 2817 1660 2845 3
1684 2815 1799 2844 trahere
1813 2823 1877 2844 sus-

1193 2866 1318 2896 pensam
1333 2857 1468 2888 onmium
1485 2857 1725 2898 expectationem
1740 2856 1771 2887 in
1794 2856 1877 2887 favo·

1193 2910 1253 2931 rem
1271 2900 1316 2931 sui
1337 2900 1438 2938 xxxiii,
1455 2904 1485 2937 1,
1499 2903 1519 2932 4
