2174 3424
513 302 599 344 778

513 406 642 448 regioni
655 406 703 438 sic
725 405 839 446 dietae,
859 408 897 437 ut
912 405 1063 446 appellat
1078 404 1213 443 Strabo,

513 457 652 498 urbique
678 457 891 489 Macedoniae
919 458 1088 496 Lyncaeae,
1115 454 1211 494 cujus

512 508 720 538 mentionem
749 506 832 538 facit
861 506 1066 547 Hesychius,
1088 515 1107 536 a
1133 504 1210 536 Phi-

510 557 605 598 lippo
620 562 730 598 patre.
748 557 861 588 Fratri
878 562 990 588 tamen
1000 554 1211 587 simulAlex-

513 607 623 639 andri.
647 607 752 646 Schef.

556 658 615 697 §4
651 658 768 688 Gentes
801 656 980 688 rebellantes
1014 654 1209 695 compescuit]

512 706 557 738 Τὰ
571 705 627 745 μὲν
641 705 693 737 οὖν
708 706 877 747 βαρβαρικὰ
901 704 1050 745 κινήματα
1069 703 1119 736 καὶ
1139 703 1210 736 τοὺς

513 758 579 789 ἐκεῖ
587 757 737 797 πολέμους
750 756 951 789 κατέπαυσεν.
996 757 1086 787 Plut.
1107 755 1208 786 Alex.

512 818 587 849 cap.
610 812 661 840 19.
706 809 818 839 Multa
841 807 967 839 suntin
990 807 1022 838 h.
1044 805 1209 845 Auctore,

513 859 726 900 quaejustum
753 857 1028 890 commentarium
1048 856 1209 887 scribenti

513 918 591 940 cum
619 908 749 940 Graecis
774 917 972 948 comparare
1000 916 1112 947 operae
1134 915 1210 946 pre-

512 959 596 991 tinm
613 965 714 992 esset.
759 961 808 991 Ea
827 959 879 990 hic
895 962 1056 989 annotare
1072 967 1139 988 non
1156 961 1210 988 est

511 1011 659 1043 instituti
676 1011 794 1043 nostri.
817 1012 921 1049 Bong.

554 1063 607 1103 §5
632 1063 782 1103 Exemplo
802 1061 919 1102 patris]
956 1061 1038 1102 Sup.
1060 1069 1113 1092 1x.
1129 1064 1161 1092 5.
1176 1063 1207 1092 1.

513 1112 613 1145 Bern.

556 1164 575 1204 ξ,
599 1165 618 1193 7
651 1162 855 1194 Athenienses
890 1165 920 1192 et
948 1161 1207 1202 Lacedaemonios]

512 1212 601 1243 Haec
618 1217 671 1243 est
688 1217 773 1243 vett.
789 1212 869 1243 libb.
886 1213 966 1243 lect.
1002 1213 1054 1242 Ex
1066 1212 1208 1243 historia

511 1266 548 1293 et
562 1270 654 1303 seqq.
677 1271 738 1302 pro
754 1262 864 1293 Laced.
884 1261 1017 1302 legend.
1042 1262 1208 1293 Thebanos.

510 1313 592 1344 Non
616 1312 706 1343 euim
731 1311 929 1343 defecerunt
950 1312 1209 1352 Lacedaemonii,

512 1363 569 1404 qui
605 1362 755 1402 Philippi
786 1367 822 1392 et
860 1360 1049 1392 Alexandri
1088 1371 1207 1402 pacem

502 1422 644 1453 ,semper
660 1415 868 1453 spreverant.
910 1412 992 1451 Sup.
1009 1420 1060 1442 tx.
1074 1415 1105 1442 5.
1123 1414 1153 1443 3.
1172 1416 1207 1443 et

510 1461 571 1493 inf.
602 1471 667 1493 ΧΠ.
697 1465 726 1493 1.
763 1465 792 1492 7.
830 1462 985 1500 Bongars.
1043 1460 1083 1491 In
1127 1461 1206 1493 edd.

511 1513 632 1554 priscis
669 1517 721 1544 est
749 1512 953 1543 Athenienses
978 1515 1008 1542 et
1035 1511 1207 1543 Thebanos:

512 1564 604 1606 quod
618 1563 863 1601 certissimun13
894 1567 930 1593 et
945 1563 994 1593 ita
1010 1563 1044 1593 in
1060 1567 1129 1602 opt.
1150 1562 1208 1593 illa

512 1615 610 1647 Junt.
630 1614 684 1646 ed.
701 1623 767 1655 qua
783 1623 859 1644 usus
875 1617 927 1643 est
940 1611 1055 1643 Graev.
1080 1617 1208 1652 noster,

511 1670 628 1706 aperte
643 1665 758 1705 legere
773 1669 837 1695 est.
862 1664 907 1694 Et
922 1663 985 1693 hoc
998 1663 1206 1693 notissimum

512 1720 577 1756 est,
612 1715 789 1747 Thebanos
821 1715 907 1745 male
941 1714 1030 1745 inter
1060 1713 1206 1745 Graeciae

510 1766 653 1807 populos
680 1765 824 1805 audisse,
852 1764 942 1805 quod
973 1764 1089 1796 Persis
1115 1763 1207 1795 fave-

510 1821 609 1855 rent3
644 1821 680 1847 et
716 1816 788 1856 ipse
824 1815 917 1847 Just.
956 1814 1037 1845 alibi
1067 1814 1206 1846 indicat.

512 1867 591 1898 Fab.

553 1915 817 1955 Lacedaemonios]
839 1916 927 1948 Just.
945 1915 1113 1946 Thebanos.
1133 1916 1206 1946 Nec

513 1968 614 1999 aliter
642 1967 777 2006 legend.
804 1976 879 1997 esse
903 1975 997 2007 seqq.
1022 1966 1208 1996 declarant.

514 2019 620 2048 Grcev.
664 2018 770 2057 Bong.
799 2026 941 2057 eumque
968 2021 1102 2046 secutus
1125 2017 1207 2047 Ber·

511 2077 608 2099 nece.
634 2067 771 2098 edidere
790 2066 990 2096 Athenienses
1015 2069 1044 2096 et
1064 2066 1207 2096 Lacedoe-

511 2118 648 2155 monios‚·
676 2117 764 2159 quod
789 2117 837 2148 ita
854 2118 885 2148 in
903 2116 1002 2147 codd.
1020 2117 1100 2148 Mss.
1117 2117 1207 2157 lege-

513 2172 616 2198 retur.
660 2167 726 2198 Sed
749 2171 861 2197 monet
889 2172 1002 2198 tamen
1023 2168 1129 2207 Bong.
1147 2178 1207 2208 pro

511 2218 624 2249 Laced.
654 2217 789 2257 legend.
814 2217 980 2248 Thebanos.
1024 2217 1156 2248 Deinde
1174 2217 1206 2248 in

511 2277 583 2299 var.
604 2268 700 2299 lectt.
715 2272 750 2298 et
764 2268 826 2298 hoc
843 2268 985 2305 notavit,
1002 2267 1089 2308 quod
1106 2267 1203 2298 codd.

514 2318 649 2359 quidam
667 2318 755 2358 typis
772 2317 922 2358 expressi
939 2317 1087 2347 habeant
1112 2317 1207 2347 Athe-

512 2369 643 2408 nienses,
669 2368 833 2407 Thebanos,
849 2372 879 2398 et
895 2368 1139 2398 Laeedoemonios
1150 2379 1160 2398 .·
1173 2367 1206 2398 id

512 2418 602 2460 quod
630 2419 672 2449 de
700 2418 846 2458 antiquis
869 2419 972 2448 etiam
995 2417 1070 2448 edd.
1100 2418 1206 2449 Bech.

512 2470 598 2510 Maj.
616 2474 650 2500 et
662 2469 752 2500 Sich.
766 2468 884 2499 testari
898 2468 989 2499 licet.
1024 2468 1137 2499 Graev.
1152 2479 1208 2500 au-

511 2524 579 2551 ten]
611 2523 755 2550 testatur
781 2517 835 2549 ed.
866 2518 961 2550 Junt.
993 2518 1115 2549 habere
1138 2520 1207 2559 pla-

510 2571 647 2602 nissime
663 2570 863 2601 Athenienses
877 2574 906 2601 et
926 2570 1092 2601 Thebanos.
1117 2571 1207 2603 Quid

512 2631 592 2661 crgo
617 2620 759 2660 amplius
776 2620 1081 2660 tergiversaremur,
1097 2631 1207 2662 neque

515 2672 670 2703 Thebanos
694 2672 746 2702 hic
774 2681 833 2711 pro
849 2671 1116 2703 Lacedaemoniis
1131 2673 1207 2703 sub-

511 2723 749 2753 stitueremus?
775 2722 846 2753 Vor.

554 2772 755 2803 Athenienses
765 2775 795 2802 et
811 2771 980 2811 Thebanos]
991 2772 1045 2803 Sic
1056 2782 1096 2803 cx
1110 2772 1131 2804 J
1135 2782 1175 2803 un
1181 2776 1205 2804 t.

513 2825 548 2852 ot
564 2826 648 2852 vett.
664 2821 770 2852 edidit
785 2822 899 2852 Vorst.
924 2822 1087 2861 probante
1112 2822 1205 2853 Grae-

513 2871 577 2902 vio.
602 2870 702 2907 Scluf.
748 2870 848 2911 Angl.
866 2870 1078 2911 Athenienses,
1094 2871 1206 2903 Theba-

975 310 1115 342 NOTAE
1151 310 1411 342 VARIORUM
1445 311 1497 342 IN

1260 413 1323 444 noS,
1339 407 1370 435 et
1384 404 1644 437 Lacedoemonios.
1686 401 1781 436 Nihil
1805 401 1841 433 in
1862 402 1953 443 vulg.

1258 454 1412 485 mutand.
1439 455 1546 486 (ἲν-αὐ.

1302 505 1421 543 Magno
1445 506 1515 535 auri
1541 504 1689 545 pondere]
1727 502 1899 545 Δωροδοκία
1920 506 1958 535 et

1259 553 1441 595 ἆργυράγχη
1469 555 1707 586 Demosthenis
1732 564 1773 585 ex
1805 554 1898 585 Plut.
1922 553 1956 584 iu

1259 605 1330 645 ejus
1360 605 1430 637 Vit.
1467 615 1540 646 cap.
1575 608 1626 636 35.
1672 605 1773 636 Diod.
1802 613 1891 636 xvu.
1922 607 1955 635 4.

1258 654 1373 695 Agell.
1400 664 1452 686 XI.
1481 659 1512 687 9.
1556 656 1717 686 Dinarchi
1739 660 1775 686 et
1790 654 1956 686 AEschinis

1260 705 1414 736 Oration.
1435 710 1526 738 cont.
1557 706 1732 737 Demosth.
1759 710 1794 736 et
1818 704 1954 736 aliunde

1258 761 1338 787 nota
1351 760 1411 787 est.
1457 757 1606 787 Excusat
1622 760 1735 787 tamen
1753 766 1829 787 eum
1851 755 1955 786 Paus.

1260 806 1494 837 Corinthiacis.
1517 807 1615 837 Rern.

1303 857 1320 896 ξ
1343 858 1362 885 8
1384 856 1413 887 A
1445 856 1604 896 Triballis]
1634 855 1683 887 Ab
1714 854 1834 895 Illyriis
1854 853 1955 885 habet

1259 905 1393 938 Arrian.
1418 915 1442 937 1.
1475 907 1630 946 Bongars.
1674 905 1705 936 A
1735 907 1862 937 Nostro
1888 909 1956 936 stat

1258 957 1348 988 Plut.
1365 957 1397 987 in
1413 957 1483 988 Vit.
1501 956 1598 988 Alex.
1613 966 1687 997 cap.
1702 959 1753 987 19.
1781 956 1875 986 Bern.

1314 1005 1542 1047 Affirmaverit]
1594 1005 1698 1046 Angl.
1734 1006 1954 1046 affirmaverat.

1258 1055 1364 1087 Servo
1381 1057 1471 1096 vulg.
1496 1055 1600 1094 Schef.

1301 1107 1317 1146 ᾧ
1339 1109 1359 1136 9
1386 1105 1554 1145 Praesz'dz'a]
1578 1106 1658 1144 Leg.
1672 1108 1701 1136 et
1712 1114 1760 1144 pr.
1783 1103 1867 1134 Fab.

1302 1156 1388 1186 CAP.
1404 1164 1459 1186 111.
1504 1156 1520 1195 ξ
1547 1158 1562 1185 1
1590 1154 1759 1193 Hortatus]
1782 1153 1955 1184 Peculiari

1257 1204 1394 1235 notione
1411 1214 1488 1244 pro,
1513 1205 1684 1235 excitare:
1713 1204 1767 1235 cui
1793 1204 1952 1244 quodam-

1258 1254 1357 1285 modo
1369 1253 1476 1284 affinis
1497 1259 1548 1285 est
1564 1263 1617 1285 xi.
1633 1257 1664 1284 9.
1681 1257 1732 1285 13.
1748 1254 1805 1284 ubi
1819 1255 1828 1270 ‘
1841 1254 1954 1284 horta·

1259 1305 1304 1336 ri'
1329 1315 1402 1346 pro,
1429 1306 1607 1344 consolari,
1633 1306 1785 1336 sumitur.
1818 1306 1955 1336 Utrum-

1258 1376 1323 1406 que
1332 1367 1452 1398 nostris
1461 1370 1526 1405 est,
1538 1357 1683 1399 &luem
1697 1355 1953 1405 3Usptsstbssn.

1257 1418 1356 1448 Bern.

1300 1467 1364 1498 Sub
1392 1467 1593 1498 AEacidarum
1612 1464 1719 1505 gente]
1742 1463 1847 1495 Diod.
1862 1473 1954 1496 xvn.

1256 1521 1288 1549 4.
1305 1518 1356 1557 ἀφ’
1371 1516 1567 1557 Ἡρακλέους.
1612 1516 1698 1546 Erat
1720 1520 1833 1545 autem
1852 1513 1956 1545 Alex-

1257 1568 1362 1599 ander
1393 1572 1537 1609 paterno
1576 1575 1700 1607 genere
1734 1563 1953 1605 *Ηρακλείδηςς

1256 1624 1410 1650 materno
1446 1618 1601 1655 Αἰακίδης.
1646 1616 1863 1655 Plutarchus,
1886 1616 1954 1648 alii.

1257 1670 1342 1700 Erat
1365 1669 1532 1701 Hercules
1558 1667 1753 1704 Thebanus,
1769 1676 1836 1697 non
1851 1666 1954 1697 Thes-

1257 1721 1357 1751 salus.
1418 1719 1458 1750 In
1489 1718 1587 1749 eund.
1617 1717 1765 1758 lapidem
1795 1716 1955 1756 impingit

1255 1771 1344 1803 Just.
1364 1780 1441 1801 cum
1468 1770 1569 1810 paulo
1595 1772 1673 1809 post
1700 1777 1775 1808 cap.
1800 1769 1831 1797 4.
1847 1770 1879 1798 6.
1896 1767 1956 1807 ait,

1257 1820 1299 1851 ab
1330 1820 1483 1851 Hercule
1507 1817 1720 1850 AEacidarum
1738 1821 1875 1858 gentem
1890 1816 1955 1848 ori-

1257 1871 1368 1911 ginem
1383 1871 1527 1902 trahere.
1550 1869 1655 1907 Bong.

1298 1920 1362 1951 Sub
1392 1921 1593 1950 AEaeiclarnm
1622 1917 1732 1957 genle]
1765 1916 1831 1947 Ms.
1854 1916 1952 1948 Junt.

1256 1974 1292 2001 et
1319 1975 1405 2001 vett.
1434 1969 1511 1999 edd.
1543 1968 1618 1998 aliae
1648 1968 1696 1998 ab.
1742 1967 1840 1997 Hanc
1870 1966 1952 1997 lect.

1257 2020 1405 2061 postulat
1421 2019 1550 2050 Latinae
1568 2018 1691 2058 linguae
1707 2017 1836 2057 genius.
1861 2016 1954 2048 Quid

1256 2071 1344 2102 enim
1375 2074 1426 2100 est
1453 2068 1640 2099 necessitudo
1669 2066 1723 2097 sub
1752 2066 1954 2097 AEacidurum

1253 2118 1366 2160 gente?
1396 2119 1511 2159 inepte
1541 2126 1673 2158 quoque
1705 2116 1954 2156 interpreteris,

1257 2171 1317 2201 sub
1334 2169 1543 2200 AEacidarum
1562 2167 1714 2207 imperio.
1760 2166 1842 2196 Mox
1853 2165 1954 2198 Junt.

1256 2220 1425 2260 increpitis,
1459 2219 1573 2250 Graev.
1619 2216 1777 2258 Impressi
1812 2226 1872 2257 pro
1897 2216 1952 2247 sub

1257 2270 1380 2301 habent
1405 2270 1443 2300 ab
1479 2269 1691 2300 AEacidarum
1720 2271 1834 2307 gente,
1872 2277 1954 2298 vera

1257 2320 1424 2357 lectione;
1452 2328 1568 2349 sensus
1594 2323 1667 2348 est:
1693 2317 1757 2348 Vel
1780 2326 1886 2358 usque
1910 2317 1952 2348 ab

1256 2370 1374 2401 ultima
1403 2372 1504 2409 gente
1529 2368 1741 2398 AEacidarum
1767 2367 1953 2398 necessitu-

1257 2420 1366 2451 dinem
1390 2420 1478 2450 inter
1493 2428 1549 2449 eos
1565 2417 1675 2449 fuisse.
1702 2417 1812 2449 Faber.
1857 2417 1954 2449 Anti-

1258 2471 1388 2512 quiores
1405 2470 1482 2501 edd.
1499 2469 1602 2499 Bech.
1618 2468 1702 2508 Maj.
1721 2472 1818 2507 ct,ut
1834 2468 1951 2499 Graev.

1258 2525 1418 2559 testatur,
1442 2520 1537 2551 Junt.
1564 2518 1612 2549 ab.
1655 2518 1720 2549 Sed
1745 2522 1780 2548 et
1796 2518 1863 2548 Ms.
1881 2517 1953 2559 qui-

1257 2570 1334 2602 dam
1363 2575 1448 2601 teste
1473 2571 1582 2609 Bong.
1599 2570 1647 2599 ita
1675 2568 1791 2600 habet.
1836 2567 1951 2609 Atque

1257 2630 1329 2652 eam
1354 2621 1434 2651 lect.
1460 2619 1593 2659 genium
1618 2620 1694 2649 Lat.
1713 2619 1836 2658 linguae
1851 2618 1952 2658 plane

1258 2671 1428 2712 postulare
1473 2673 1593 2700 censet
1631 2668 1798 2700 Graevius.
1849 2668 1951 2700 Vorst.

1258 2721 1399 2752 Rectius
1415 2719 1464 2751 ab.
1505 2719 1639 2749 Littera
1662 2729 1677 2749 s
1705 2728 1747 2749 ex
1763 2718 1828 2749 fine
1847 2727 1950 2758 praec.

1257 2771 1346 2802 vocis
1361 2770 1446 2801 male
1462 2768 1540 2800 huic
1556 2768 1771 2809 adglutinata
1784 2772 1849 2799 est.
1884 2768 1953 2799 Ne·

1258 2822 1327 2853 scio
1343 2826 1468 2858 tamen,
1490 2828 1600 2850 annon
1623 2817 1793 2858 scripserit
1809 2818 1898 2850 Just.
1915 2818 1951 2849 ob

1257 2874 1309 2905 AE.
1333 2875 1468 2912 gentem.
1514 2869 1633 2902 Potuit
1664 2869 1789 2901 ultimae
1826 2869 1950 2900 litterae
