2101 3419
417 344 532 388 1028

463 450 528 485 Qui
548 449 698 491 inspirari
720 451 833 491 solent]
853 449 974 490 Virgil.
995 451 1005 468 ‘
1018 450 1115 491 Mag·

417 509 495 531 nam
521 501 575 532 cui
600 506 747 533 mentem
768 502 981 543 animumque
993 502 1115 533 Delius

417 549 562 591 inspirat
577 551 698 583 vates!
721 552 811 583 Mod.

461 602 478 641 ᾗ
501 603 522 631 9
546 602 682 643 Exfilz'a
698 602 801 633 Fauni
822 605 852 632 et
873 602 1024 642 Hercule]
1047 601 1117 633 Ali-

417 654 471 681 ter
497 651 674 692 Virgilius,
701 653 757 694 qui
784 653 832 683 ita
862 653 986 684 tradit:
1019 653 1115 683 ‘Rex

418 710 498 732 arva
513 702 654 733 Latinus
666 706 701 733 et
713 702 813 733 urbes
827 703 904 735 Jam
921 702 1033 733 senior
1049 703 1118 733 lon·

419 761 463 792 ga
478 752 629 793 placidas
655 753 688 784 in
712 762 798 793 pace
823 752 977 793 regebat.
1013 752 1116 784 Hunc

417 801 533 832 Fauno
549 806 586 833 et
601 803 746 843 nympha
770 803 921 843 genitum
946 804 1116 834 Laurente

418 851 550 882 Marica
590 851 811 893 Accipimus!
867 852 934 883 Sed
973 853 1046 894 quis
1084 853 1117 883 in

416 900 510 932 hisce
534 901 659 932 talibus
683 912 703 933 a
728 902 838 933 Poeta
853 902 1025 942 juratores
1048 903 1117 932 exi-

419 956 490 991 gat,
507 961 581 983 cum
599 952 702 983 etiam
725 953 878 983 historici
895 953 984 984 inter
999 962 1034 983 se
1051 962 1117 984 uon

419 1003 650 1034 conveniant?
675 1014 743 1044 qua
759 1004 801 1034 de
818 1013 855 1034 re
871 1003 993 1041 dicam,
1009 1004 1035 1033 si
1052 1004 1118 1035 erit

418 1062 545 1094 operae,
581 1054 623 1085 ad
660 1054 791 1085 Livium
821 1064 944 1084 meum.
983 1054 1118 1086 Medius.

419 1103 516 1134 Serv.
546 1103 588 1134 ad
614 1104 736 1144 Virgil.
760 1113 840 1135 vul.
865 1104 1004 1135 AE.314.
1028 1104 1118 1134 ‘Hic

418 1152 553 1184 Faunus
569 1153 724 1184 habuisse
735 1152 838 1184 filiam
852 1153 976 1183 dicitur
995 1153 1117 1183 Omam

419 1202 579 1234 castitate
603 1207 639 1234 et
662 1203 847 1242 disciplinis
868 1202 1021 1233 omuibus
1044 1212 1118 1233 eru-

418 1251 539 1291 ditam,
569 1263 668 1292 quam
695 1253 842 1293 qnidam,
868 1253 956 1293 quod
985 1253 1119 1284 nomine

419 1301 486 1333 dici
509 1303 717 1343 prohibitum
733 1303 846 1344 fuerit,
861 1304 992 1335 Bonam
1008 1305 1118 1335 Deam

418 1353 627 1393 appellatam
641 1353 779 1386 volunt!

461 1404 479 1443 §
505 1406 543 1434 11
582 1404 748 1435 Commune
773 1404 945 1445 utriusque]
979 1405 1120 1436 Rectius

417 1453 519 1486 Junt.
541 1454 678 1494 utrique.
706 1454 798 1485 Dein
813 1454 871 1485 iid.
888 1455 993 1485 urbem
1015 1465 1054 1486 ex
1068 1465 1120 1486 uo-

418 1503 501 1534 mine
522 1503 630 1534 uxoris
646 1503 812 1534 Lavinium
827 1504 974 1536 condidit.
1007 1504 1120 1537 Graev.

425 1554 561 1594 Utrique
577 1554 684 1594 magis
702 1554 825 1594 placet.
855 1555 928 1586 Vor.

461 1605 479 1644 ξ
504 1607 543 1634 12
566 1605 646 1634 Jure
671 1604 826 1644 victorioe]
852 1605 942 1635 Flor.
968 1613 1009 1636 11.
1031 1607 1063 1636 7.
1087 1607 1119 1636 4.

419 1652 428 1669 ‘
441 1653 541 1684 Ultra
552 1653 609 1693 jus
625 1653 774 1684 victoriae
790 1654 823 1684 in
836 1655 972 1694 templa,
984 1663 1069 1693 araS,
1086 1658 1121 1686 et

420 1704 577 1745 sepulcra
606 1704 682 1744 ipsa
715 1704 874 1736 saeviret.’
915 1704 1051 1736 Vocant
1086 1708 1121 1735 et

419 1754 429 1770 ⁴
442 1754 505 1786 Jus
523 1754 624 1785 belli!
651 1754 725 1785 Vor.

462 1805 644 1845 Lavinium]
690 1804 895 1844 Bongarsius
944 1804 1121 1837 Lavinium.

420 1853 521 1884 Unde
547 1853 694 1894 pessime
710 1862 776 1883 non
800 1854 903 1884 semel
928 1853 1055 1884 editum
1069 1858 1122 1885 est

420 1903 570 1934 Lavinia.
616 1903 765 1934 Becliar.
805 1907 842 1933 et
877 1903 933 1932 alii
970 1903 1122 1934 Laviuiae.

419 1953 488 1984 Sed
505 1953 670 1993 optimum
685 1953 861 1983 Lavinium.
885 1953 1001 1984 Vorst.
1031 1954 1124 1984 Luri-

419 2003 505 2034 nium
521 2002 714 2033 emendavit
728 2003 885 2033 Vorstius
903 2002 1019 2034 Graev.
1037 2013 1122 2044 prte-

422 2059 537 2085 eunte.
561 2054 667 2092 Schef.

465 2106 504 2134 13
521 2104 584 2139 Quz‘
596 2103 740 2143 Lavinio,
752 2103 821 2144 εγω]
838 2104 1122 2145 Οεοι·ς.8γηεε11.

422 2154 546 2186 Chron.
571 2164 605 2194 p.
630 2157 705 2185 194.
731 2164 772 2184 ex
798 2155 901 2184 Diod.
920 2164 986 2185 vn.
1017 2154 1078 2191 Τὴν
1099 2156 1124 2185 δ’

422 2204 522 2245 ἀρχὴν
535 2203 741 2242 διαδεξάμενος
752 2203 910 2235 Ἀσκάνιος
929 2204 991 2235 υἱὸς
1004 2203 1124 2235 ἔκτισεν

416 2253 540 2289 ’Ἄλβαν
561 2254 620 2291 τὴν
641 2255 693 2284 νῦν
716 2253 908 2292 καλουμένην
927 2253 1064 2293 ΛόὙὙαν,
1086 2253 1124 2290 ἣν

421 2303 577 2341 ὠνόμασεν
597 2303 657 2334 ἀπὸ
672 2305 726 2333 τοῦ
745 2305 883 2342 ποταμοῦ
904 2305 959 2334 τοῦ
976 2304 1049 2335 τότε
1068 2304 1124 2343 μὲν

422 2356 523 2391 ’Antia
544 2354 743 2396 καλουμένου,
771 2356 823 2386 νῦν
848 2355 881 2387 δὲ
903 2356 1038 2397 Τιβέριος
1058 2356 1123 2388 ὀνο-

421 2404 604 2445 μαζομένου.

470 2455 626 2486 Trecentis
647 2455 752 2495 tinnis]
779 2456 898 2495 Virgil.
914 2456 988 2487 AEn.
1007 2466 1031 2487 1.
1048 2460 1123 2487 276.

423 2505 465 2535 (le
482 2505 615 2536 Albano
632 2515 757 2543 regno:
781 2507 790 2522 ‘
811 2506 876 2536 Hic
888 2506 960 2546 jum
979 2511 1030 2537 ter
1046 2516 1124 2537 ceu-

425 2562 497 2587 tum
514 2560 603 2587 totos
627 2556 826 2596 regnabitur
848 2556 974 2586 anuos?
1009 2556 1123 2587 strab.

425 2612 537 2636 tamen
569 2616 600 2637 v.
626 2615 660 2645 p.
678 2608 746 2636 155.
769 2609 820 2636 46.
859 2606 1123 2646 quadringentos

425 2664 529 2686 anuos
552 2656 594 2686 ab
614 2655 709 2686 Alba·
738 2655 876 2686 conditu
895 2656 935 2685 ad
958 2655 1124 2686 Amulium

428 2706 724 2746 Numstoremque,
743 2712 931 2746 postremos
954 2706 1051 2737 Albae
1074 2716 1125 2737 re-

427 2765 497 2795 ges,
527 2760 691 2787 numerat.
726 2756 908 2787 Berueccer.
971 2757 1127 2787 Trecentis

425 2804 530 2843 annis]
558 2805 692 2835 Falsum
709 2809 780 2835 est:
804 2805 863 2836 sed
879 2805 1058 2846 Virgilium
1074 2816 1126 2838 se-

427 2855 562 2896 quitur:
585 2856 595 2873 ⁴
610 2854 680 2886 Hic
697 2855 770 2895 jam
787 2855 864 2898 ter,’
879 2858 944 2890 διε.
969 2856 1083 2889 Faber.

879 356 1020 386 NOTAE
1056 356 1319 388 vARtORUM
1352 357 1404 387 IN

1209 450 1297 482 CAP.
1313 458 1355 481 11.
1405 450 1423 490 ξ»
1450 451 1470 480 2
1505 448 1647 480 Amulius
1674 459 1742 481 cum
1771 453 1865 482 (ποτε

1163 500 1310 541 priorem,
1324 499 1392 540 Brea]
1428 501 1511 540 Leg.
1524 509 1566 530 ex
1579 500 1647 532 Ms.
1671 499 1745 533 Am.
1757 510 1825 532 cum
1836 502 1868 533 vi

1164 553 1259 581 (etate
1273 561 1322 591 pr.
1349 550 1502 582 Gronov.
1546 549 1764 591 Antiquior-es
1776 551 1869 591 typis

1167 609 1263 640 expr.
1275 600 1437 640 potiorem.
1464 600 1577 631 Vorst.

1208 651 1325 682 Filiam
1341 650 1404 689 ejus
1419 649 1553 689 Rheam]
1587 649 1673 682 Quae
1690 653 1727 680 et
1752 649 1868 682 Silvia.

1167 701 1234 742 Ap.
1261 701 1383 732 AElian.
1399 710 1464 731 vn.
1502 701 1541 731 V.
1560 699 1606 730 H.
1633 702 1685 730 16.
1708 698 1870 731 mendose

1166 752 1292 792 legitur
1313 749 1427 791 Σερβία
1448 760 1510 791 pro
1533 747 1658 785 Σιλβία.
1705 750 1790 782 Quae
1815 749 1869 781 hic

1168 804 1210 834 de
1236 804 1326 835 urbis
1350 803 1479 844 origine
1502 801 1712 842 referuntur,
1735 801 1871 842 pervul-

1168 858 1248 894 gata
1273 858 1363 886 sunt.
1401 855 1560 893 Bongurs.
1617 852 1713 883 Ἰλίαν
1741 855 1870 892 praeter

1169 904 1251 935 alios
1279 904 1462 944 scriptores
1478 902 1613 934 Romuli
1637 912 1675 934 ac
1689 902 1787 933 Remi
1801 911 1870 933 ma-

1169 959 1254 985 trem
1268 959 1368 985 vocat
1380 954 1505 985 Zonar.
1522 962 1589 984 vn.
1606 955 1638 984 2.
1665 952 1815 993 Syncell.
1837 962 1871 992 p.

1170 1008 1243 1035 192.
1273 1005 1387 1043 Ῥῶμος
1412 1004 1463 1036 καὶ
1485 1003 1639 1042 Ῥώμυλος
1663 1001 1872 1042 ἐγεννήθησαν

1163 1054 1250 1095 ’Ἀρεῖ
1276 1054 1328 1086 καὶ
1350 1054 1442 1095 Ἠλίᾳ
1461 1054 1501 1096 τῇ
1526 1052 1709 1094 Ἐμήτοροςι
1747 1052 1806 1084 ubi
1836 1053 1872 1084 in

1169 1114 1275 1145 marg.
1299 1105 1499 1136 emendatur
1513 1103 1593 1145 Ἰλίᾳ
1604 1105 1645 1145 τῇ
1659 1103 1759 1144 μητρί.
1802 1103 1872 1134 Ve-

1169 1165 1242 1186 rum
1249 1155 1578 1196 Syncell.scripsisse
1586 1154 1734 1193 videtur,
1746 1153 1873 1195 Ἰλΐᾳτῇ

1169 1205 1348 1246 Νομίτορος.
1385 1206 1442 1236 De
1458 1205 1559 1235 variis
1576 1203 1778 1243 nominibus,
1798 1203 1872 1245 qui-

1170 1256 1233 1286 bus
1255 1252 1327 1286 haec
1354 1254 1544 1287 Numitoris
1565 1253 1635 1285 filia
1666 1253 1873 1295 appellatur,

1170 1309 1313 1345 egerunt
1338 1304 1556 1336 eruditissimi
1581 1303 1645 1334 viri
1660 1304 1695 1336 J.
1710 1303 1872 1336 Perizon.

1170 1359 1206 1385 et
1224 1355 1266 1386 T.
1295 1355 1401 1395 Ryck.
1419 1354 1453 1385 in
1469 1353 1632 1394 Epistolis
1647 1352 1769 1384 AEliani
1783 1352 1872 1385 libro

1170 1413 1235 1437 vn.
1250 1405 1292 1437 V.
1309 1404 1355 1436 H.
1379 1402 1582 1444 subjunctis.

1214 1457 1334 1487 Addita
1356 1457 1480 1496 injuria-³
1500 1455 1598 1497 specie
1623 1453 1762 1495 honoris]
1788 1454 1873 1496 Leg.

1170 1508 1278 1538 addita
1290 1507 1419 1547 injuria,
1433 1506 1500 1547 vel,
1510 1506 1627 1538 adduce
1639 1506 1765 1545 injuriae
1774 1506 1874 1546 specie

1170 1557 1305 1589 honoris.
1358 1558 1457 1589 Voss.
1533 1556 1624 1589 Quid
1659 1559 1712 1587 est
1747 1555 1874 1594 injurie

1169 1606 1308 1648 species?
1345 1606 1424 1637 dein
1441 1605 1529 1636 unde
1553 1605 1683 1646 pendet
1704 1608 1764 1636 aut
1788 1605 1798 1622 ‘
1815 1604 1874 1635 ho—

1172 1656 1288 1694 noris,’
1320 1657 1347 1688 si
1382 1657 1391 1673 ‘
1409 1654 1548 1696 specie'
1579 1655 1730 1695 pertinet
1756 1653 1798 1685 ad
1824 1654 1874 1685 in—

1161 1706 1282 1745 juriae:
1312 1710 1371 1737 aut
1394 1706 1484 1737 unde
1510 1705 1647 1746 injuriae,
1668 1705 1696 1735 si
1724 1703 1873 1736 refertur

1171 1759 1180 1775 ‘
1198 1757 1332 1798 specie’
1358 1757 1402 1788 ad
1425 1759 1434 1775 ‘
1452 1756 1586 1788 honoris
1598 1755 1620 1786 ?'
1664 1755 1744 1786 Sine
1771 1755 1873 1787 dubio

1172 1809 1308 1850 legend.
1325 1810 1432 1840 addita
1449 1809 1564 1847 injuria
1578 1818 1605 1839 3.
1619 1808 1650 1839 h.
1674 1807 1745 1838 Sub
1756 1806 1873 1848 specie

1172 1860 1319 1898 honoris,
1335 1860 1412 1890 dum
1426 1869 1498 1890 eam
1515 1859 1547 1890 in
1561 1862 1761 1899 perpetuam
1775 1856 1877 1897 virgi-

1172 1912 1314 1942 nitatem
1353 1910 1531 1949 demersit,
1566 1909 1742 1949 Virginum
1785 1907 1874 1938 enim

1172 1959 1361 1991 Vestalium
1378 1968 1519 1999 magnus
1532 1962 1607 1989 erat
1619 1958 1738 1995 honor,
1751 1956 1876 1996 injuria

1171 2010 1262 2040 illam
1288 2008 1417 2046 affecit,
1433 2017 1507 2038 cum
1525 2007 1666 2038 invitam
1686 2005 1801 2047 coegit
1823 2015 1876 2037 sa·

1172 2058 1348 2089 cerdotem
1365 2066 1449 2088 esse.
1475 2057 1583 2088 Groev.

1215 2109 1232 2148 ᾧ
1256 2111 1274 2138 5
1293 2108 1432 2139 Fortuna
1456 2106 1575 2145 origini
1593 2107 1742 2137 Romanae
1755 2105 1876 2146 prospi-

1172 2156 1268 2196 ciens]
1304 2156 1423 2187 Manil.
1440 2154 1579 2187 Astron.
1590 2165 1641 2187 lv.
1656 2164 1707 2195 pr.
1720 2160 1874 2186 ostensu-

1173 2217 1242 2246 rus,
1258 2206 1347 2248 quod
1370 2208 1379 2224 ‘
1398 2207 1484 2237 Fata
1496 2209 1614 2245 regant
1632 2204 1763 2243 orbem,
1779 2208 1874 2235 certa

1173 2261 1267 2288 stent
1297 2255 1408 2286 omnia
1437 2254 1533 2295 lege‚'
1558 2258 1678 2295 postea
1711 2253 1873 2294 subjicit:

1172 2308 1182 2324 ‘
1202 2306 1261 2345 At,
1285 2305 1347 2336 nisi
1371 2304 1442 2336 fata
1465 2305 1588 2335 darent
1607 2305 1701 2345 leges
1724 2304 1874 2345 vitaeque

1173 2357 1348 2397 necisque,
1384 2355 1564 2395 Fugissent
1592 2355 1688 2394 ignes
1724 2354 1877 2394 AEneam,

1172 2406 1273 2446 'l‘roja
1296 2405 1356 2436 sub
1377 2414 1443 2436 uno
1461 2405 1538 2436 Non
1558 2414 1678 2435 eversa
1700 2404 1773 2435 viro
1797 2403 1877 2436 fatis

1172 2457 1311 2487 vicisset
1333 2457 1366 2486 in
1388 2456 1480 2496 ipsis,
1504 2455 1575 2486 Aut
1590 2456 1687 2497 Lupa
1702 2455 1875 2496 projectos

1172 2508 1337 2539 nutrisset
1350 2507 1476 2538 Martia
1489 2506 1636 2538 fratres!
1668 2507 1767 2537 Bern.

1217 2560 1234 2599 ξ
1252 2561 1270 2589 7
1290 2558 1425 2589 Martios
1435 2567 1544 2598 pueros
1550 2556 1668 2597 fuisse]
1694 2557 1770 2588 Hoc
1787 2555 1879 2587 Mar·

1174 2609 1233 2639 tias
1248 2609 1301 2638 vix
1320 2617 1435 2638 sanum
1453 2612 1546 2648 puto.
1592 2609 1601 2624 ‘
1619 2606 1803 2638 Martium’
1826 2616 1879 2638 sa-

1174 2667 1216 2689 ue
1232 2657 1360 2688 Latinis
1372 2667 1436 2687 non
1452 2666 1586 2697 semper
1595 2656 1683 2697 quod
1698 2666 1740 2687 ex
1751 2656 1879 2696 Marte,

1174 2706 1233 2737 sed
1250 2712 1286 2737 ct
1301 2706 1390 2747 quod
1418 2706 1525 2737 Marti
1549 2706 1670 2745 simile,
1687 2710 1725 2736 ut
1747 2710 1878 2737 notum.

1175 2756 1276 2788 Unde
1300 2758 1308 2773 ‘
1327 2756 1437 2787 martii
1455 2755 1629 2795 liomines,'
1652 2756 1661 2772 ‘
1679 2755 1803 2786 martia
1825 2755 1875 2786 in-

1174 2805 1294 2847 genia,’
1311 2807 1374 2836 &c.
1419 2806 1487 2836 Cur
1510 2814 1590 2846 ergo
1615 2804 1798 2837 adhibetur
1819 2804 1875 2835 hic

1174 2855 1377 2889 vocabulum
1401 2855 1615 2897 ambiguum?
1651 2856 1742 2897 Lego
1760 2855 1873 2897 potius
