2101 3419
446 353 560 395 1042

447 465 502 487 sus
517 455 644 495 fuerat,
664 455 816 496 repetiit.
837 455 847 472 ‘
865 455 999 487 Comite
1013 454 1143 485 Medea

445 516 564 545 uxore,
579 515 677 547 quam
693 504 908 545 repudiatam
924 504 1141 535 miseratione

446 555 539 586 exilii
569 564 702 586 rursum
733 558 924 594 receperat,
955 558 991 585 et
1022 553 1140 584 Medio

445 603 613 644 privigno,
623 603 666 633 ab
676 602 782 643 AEgeo
794 612 873 643 rege
883 602 1141 633 Atheniensium

445 654 575 694 genito,
584 653 727 684 Colchos
738 653 913 693 repetivit,
922 661 1143 692 socerumque

446 705 550 736 etiam
566 713 671 744 regno
686 705 817 745 pulsum
833 703 1006 735 restituit!

488 755 580 788 Quid
592 755 871 796 autem‚inquies‚
880 764 922 785 an
934 759 986 785 est
996 754 1043 785 ibi
1055 753 1144 795 quod

446 805 688 846 reprehendas,
697 805 785 846 quod
793 804 964 836 emendari
974 803 1144 844 postules?

446 854 509 886 Est
525 863 616 894 vero,
629 864 649 885 0
666 854 792 885 Noster
807 865 815 892 ;
839 858 875 885 et
890 854 984 885 brevi
1002 863 1066 885 una
1078 863 1146 885 me-

446 913 523 935 cum
536 904 676 935 senties.
720 903 788 935 Sed
800 904 892 944 prius
905 903 984 934 audi
997 912 1145 939 carmen,

445 954 474 984 si
497 963 551 985 me
578 963 682 991 amas,
712 952 803 993 quod
829 952 902 992 ipse
928 961 1027 992 paene
1053 951 1143 982 aliud

446 1012 562 1043 agens,
579 1002 638 1033 sed
655 1002 698 1033 de
716 1006 750 1032 te
767 1002 933 1041 cogitans,
950 1005 1075 1036 tamen,
1101 999 1144 1031 ad

445 1052 569 1082 Divam
585 1051 736 1082 Criticen
752 1050 874 1090 cecini,
895 1059 971 1081 cum
988 1048 1030 1080 de
1047 1050 1144 1089 hujus

444 1101 512 1132 loci
529 1100 768 1132 emendatione
788 1099 868 1130 mihi
890 1098 1079 1139 gratularer
1095 1098 1143 1129 lu-

446 1149 627 1189 dibundus,
657 1148 894 1189 nugabundus,
924 1152 961 1178 et
992 1148 1142 1188 requiem

447 1199 560 1230 animo
589 1208 756 1239 quaerens,
796 1202 836 1229 ut
867 1207 960 1229 meus
990 1202 1044 1228 est
1074 1206 1143 1227 mos

447 1247 594 1279 scilicet.

537 1338 601 1369 AD
625 1337 787 1369 DIVAM
812 1335 1052 1368 CRITICEN.

448 1396 479 1427 O
498 1396 587 1435 Dea,
602 1405 691 1436 quae,
712 1394 827 1425 tacitis
844 1393 995 1425 residens
1011 1393 1073 1424 sub
1090 1402 1143 1424 rn-

489 1445 602 1485 pibus,
617 1444 697 1475 olim

447 1493 616 1534 Ringeris‚
630 1497 796 1524 aeternum
813 1491 982 1523 obrodens
999 1492 1058 1523 sub
1072 1501 1144 1523 cor-

488 1543 532 1574 de
546 1543 695 1574 laborem
711 1553 720 1580 ;

446 1593 524 1624 Huc
541 1592 633 1632 ades,
660 1602 680 1623 o
697 1591 825 1623 Critice
840 1596 966 1630 mater;
987 1592 1034 1623 Te
1050 1596 1145 1633 quat-

489 1647 567 1673 tuor
583 1651 652 1672 arae

447 1691 528 1731 Hic,
540 1701 559 1722 o
572 1691 676 1730 Diva,
693 1694 842 1731 manent,
856 1699 954 1722 rusco
969 1690 1145 1731 urticaque

489 1741 654 1771 revinctae
668 1750 677 1778 ;

448 1789 602 1821 Carduus
616 1789 684 1828 hic,
709 1789 883 1830 spinisque
904 1788 1062 1830 frequens
1086 1799 1143 1830 pa-

488 1839 594 1869 liurus
610 1838 740 1876 acutis;

452 1887 673 1928 Apsinthique
684 1888 775 1919 latex
786 1886 1021 1918 acriconfusus
1033 1892 1144 1926 aceto,

451 1936 495 1969 Et
525 1945 600 1977 quae
629 1937 759 1978 sopitos
791 1937 925 1969 valeant
955 1938 1145 1978 pervellere

493 1994 633 2024 sensus;

707 363 823 393 TAN.
857 362 1116 409 FABERAD
1152 362 1306 391 ELIAM
1342 361 1626 392 BORELLUM.

1199 453 1247 485 At
1262 463 1323 494 pro
1340 452 1549 484 Malobathri
1564 452 1654 485 foliis
1670 456 1706 484 et
1723 452 1821 484 thure
1835 453 1892 485 Sa-

1241 502 1316 533 baeo

1199 552 1385 592 Juniperus
1407 551 1549 583 mordax
1576 551 1679 592 plena
1702 550 1766 582 tibi
1788 550 1896 582 fumat

1241 611 1372 633 acerra.

1198 650 1276 682 Huc
1293 651 1387 690 ades,
1414 661 1433 683 o
1449 651 1595 693 Regina,
1620 656 1679 682 tuo
1694 651 1721 682 si
1746 650 1894 683 Numine

1240 701 1380 741 dignum
1396 705 1449 732 est

1198 750 1421 792 carmenque,
1432 754 1467 781 et
1478 750 1628 790 Sacrum,
1641 749 1702 781 tibi
1718 748 1807 790 quod
1820 758 1896 780 mea

1241 802 1342 832 Musa
1358 800 1506 841 paravit.

1196 850 1264 881 Sed
1296 855 1406 880 tamen
1430 854 1484 880 est
1507 849 1609 889 aliud,
1640 847 1729 890 quod
1756 852 1792 880 et
1821 848 1895 889 ipsa

1240 898 1395 930 fatebere
1409 899 1530 939 majus,

1198 949 1244 980 Et
1261 949 1350 989 quod
1366 954 1398 980 te
1414 948 1536 979 invitet
1552 947 1722 988 nigrantia
1737 947 1894 987 linquere

1244 1003 1386 1038 tesqua;

1199 1047 1339 1078 Scilicet
1367 1056 1409 1078 ex
1438 1046 1504 1078 imo
1536 1046 1723 1077 redivivum
1751 1045 1898 1076 sistimus

1242 1097 1348 1136 Orco,

1199 1146 1290 1177 Ante
1304 1144 1395 1176 fores
1413 1145 1543 1186 templi,
1558 1154 1686 1186 regem,
1703 1154 1803 1186 quem
1819 1144 1895 1175 Col-

1241 1195 1337 1226 chica
1353 1195 1452 1225 tellus

1197 1244 1362 1275 Phasidos
1379 1243 1420 1275 ad
1439 1244 1529 1284 ripas
1544 1243 1757 1285 herbosaque
1774 1252 1899 1284 pascua

1240 1295 1409 1337 quondam

1201 1343 1374 1375 Auriferas
1388 1343 1475 1374 vidit
1491 1344 1559 1374 late
1574 1353 1720 1384 regnare
1733 1353 1794 1384 per
1807 1352 1897 1375 oras.

1241 1443 1318 1474 Uno
1339 1442 1457 1482 verbo,
1481 1441 1532 1473 Mi
1548 1442 1696 1482 Borelle,
1719 1451 1781 1483 pro
1803 1442 1898 1473 etiam

1199 1493 1289 1532 apud
1304 1493 1474 1525 Justinum
1492 1492 1675 1532 legendum
1690 1493 1825 1524 omnino
1841 1496 1896 1523 est

1198 1543 1336 1580 AEetam,
1374 1542 1429 1582 qui
1457 1541 1592 1572 Medeae
1623 1547 1733 1582 pater,
1759 1541 1896 1573 ,Iasonis

1200 1596 1314 1622 autem
1343 1600 1452 1630 socer,
1478 1590 1604 1622 invitus
1630 1591 1724 1630 licet,
1751 1590 1819 1622 fuit
1847 1595 1897 1623 ta-

1199 1650 1287 1671 men.
1311 1640 1408 1671 Vale.
1444 1639 1550 1670 vides
1563 1648 1616 1671 me
1632 1639 1675 1671 de
1690 1640 1827 1672 Justino
1840 1649 1898 1672 co-

1199 1690 1328 1729 gitare;
1352 1698 1460 1729 neque
1475 1689 1575 1720 aliter
1599 1697 1652 1719 res
1677 1694 1743 1728 est,
1770 1693 1807 1720 et
1823 1689 1896 1730 jam

1200 1737 1325 1779 aliquid
1339 1747 1433 1768 orsus
1446 1747 1541 1775 sum;
1565 1738 1666 1778 hujus
1678 1743 1792 1769 autem
1807 1739 1898 1779 prin-

1199 1789 1283 1829 cipis
1299 1798 1420 1819 nomen
1437 1793 1489 1819 est
1505 1787 1563 1819 lib.
1580 1797 1701 1820 xxxn.
1718 1798 1748 1820 c.
1766 1791 1796 1820 3.
1819 1789 1828 1806 ‘
1846 1789 1898 1820 Is-

1198 1843 1326 1869 trorum
1343 1843 1478 1878 gentem
1501 1837 1591 1869 fama
1613 1843 1665 1870 est
1687 1840 1851 1879 originem
1877 1849 1898 1870 a

1200 1889 1333 1920 Colchis
1350 1888 1488 1928 ducere,
1511 1889 1614 1919 missis
1629 1889 1672 1920 ab
1697 1888 1798 1920 AEeta
1814 1898 1895 1929 rege

1198 1939 1241 1969 ad
1259 1938 1471 1978 Argonautas
1489 1943 1710 1981 raptoresque
1725 1938 1804 1970 filiae
1821 1948 1896 1980 per·

1200 1987 1412 2029 sequendos.’

833 2495 958 2527 1⁷1le
983 2495 1217 2527 NOTARUM
1245 2496 1513 2528 VARIORUM.
