2174 3424
483 336 566 377 774

481 439 565 470 tudo
583 436 708 469 anirffl'
729 436 810 468 nihil
835 436 925 468 aliud
940 447 1054 479 quam,
1070 437 1176 469 dolor.

486 490 587 521 Vorst.
610 489 698 519 Saxo
715 497 756 519 11.
772 498 804 528 p.
821 491 874 519 28.
891 491 944 519 43.
974 488 982 504 ‘
995 487 1179 519 Suanhuita

481 549 587 580 parvo
602 544 678 578 post
690 543 725 569 et
740 538 814 579 ipsa
830 538 947 569 morbo
964 547 1006 568 ex
1019 538 1180 568 moestitia

482 594 659 621 contracto
687 588 858 619 decedit:’
882 597 961 618 X1v.
989 598 1022 628 p.
1048 590 1122 618 283.
1148 590 1178 619 6.

481 641 490 657 ‘
508 640 685 679 Languore
699 648 742 669 ex
757 638 911 669 molestia
927 637 1127 669 contracto.'

523 690 596 720 Rex
612 699 702 729 quam
714 688 955 729 paterfelicior]
982 689 1038 719 Ita
1053 688 1095 718 de
1111 687 1178 718 Au-

479 746 580 781 gusto
609 740 704 770 Suet.
733 744 768 770 et
792 739 871 769 Tac.
904 747 959 770 111.
996 736 1038 769 A.
1067 739 1120 768 24.
1147 740 1178 767 2.

482 791 583 822 Bern.

523 841 609 872 CAP.
635 849 691 871 111.
720 841 737 880 ξ
766 842 782 870 1
817 838 916 879 Ocho]
952 838 1018 871 Qui
1044 842 1080 869 et
1106 837 1178 878 ipse

478 891 488 908 ‘
506 889 737 922 Artaxerxes’
766 889 875 920 dietus
897 892 961 920 est.
986 887 1088 919 Diod.
1113 897 1176 919 xv.

481 947 546 974 est.
575 943 677 981 Bong.

525 991 750 1032 Cognatorum]
780 991 885 1021 Barn.
909 990 1060 1021 Brisson.
1085 997 1110 1019 1.
1135 988 1177 1019 de

477 1043 599 1082 Regno
616 1042 768 1080 Persico,
790 1045 920 1079 censet,
944 1039 1088 1071 Auctori
1108 1049 1178 1070 ser-

477 1102 610 1124 monem
635 1092 690 1122 hic
717 1101 790 1122 esse
818 1091 860 1121 de
888 1091 1044 1131 cognatis
1073 1089 1177 1130 Regis

475 1143 676 1182 honorariis,
708 1142 764 1183 qui
795 1142 857 1172 hoc
887 1142 956 1172 sine
992 1150 1029 1171 re
1058 1149 1176 1170 nomen

477 1199 672 1226 tenuerunt.
698 1194 743 1224 Et
755 1202 834 1223 sane
847 1191 1011 1223 tributum
1024 1200 1079 1231 ap.
1096 1190 1178 1221 Per-

477 1254 529 1276 sas
555 1244 588 1275 id
614 1253 734 1274 nomen
762 1243 802 1273 iis
829 1251 975 1283 qnoque,
1005 1241 1061 1282 qui
1087 1240 1178 1271 nulla

480 1295 651 1335 sanguinis
674 1293 876 1334 cognatione
898 1302 1012 1332 regem
1034 1292 1178 1332 attinge-

477 1350 565 1383 rent,
581 1349 726 1385 apparet
741 1353 784 1374 ex
800 1352 854 1374 111.
887 1342 984 1373 Esdr.
1002 1351 1052 1373 ιν.
1068 1345 1120 1373 42.
1142 1346 1180 1373 et

477 1395 625 1434 Josepho
638 1403 688 1425 xr.
712 1393 874 1434 Antiq.4.
896 1392 963 1422 Ubi
975 1391 1180 1430 rexDarius,

479 1446 569 1476 inter
594 1450 709 1476 cetera
726 1443 878 1475 victoria>
896 1442 1047 1483 praemia,
1072 1442 1178 1472 tribus

478 1495 686 1526 satellitibus
716 1495 780 1525 hoc
810 1502 943 1535 quoque
977 1493 1177 1532 proposuit:

474 1546 484 1562 ‘
503 1546 550 1576 Et
565 1549 728 1585 cognatus
746 1554 837 1575 meus
854 1542 1053 1574 vocaberis!
1075 1541 1178 1573 Alex-

479 1597 621 1628 andrum
659 1596 761 1627 etiam
797 1595 860 1626 hoc
896 1595 1022 1625 honore
1054 1593 1177 1625 Persas

477 1647 593 1687 quosd.
611 1645 779 1684 affecisse,
795 1644 958 1676 Arrianus
976 1654 1041 1675 vn.
1060 1655 1092 1685 p.
1107 1648 1178 1676 153.

477 1696 504 1727 f.
522 1700 697 1727 memorat.
717 1695 806 1727 Add.
824 1695 926 1726 Diod.
945 1697 1178 1727 xv11.20.&c.

478 1748 691 1777 Curt.111.3.
709 1749 760 1777 20.
788 1750 823 1776 et
848 1754 899 1776 ιν.
925 1747 974 1776 ll.
1001 1748 1029 1775 l.
1064 1745 1178 1776 Instar

476 1798 580 1829 moris
597 1798 663 1838 huj.
688 1802 722 1829 et
749 1797 782 1827 in
804 1797 913 1827 aulam
929 1796 1177 1836 Imperatorum

479 1849 634 1880 Orientis
665 1853 785 1888 postea
813 1847 1014 1879 translatum
1043 1851 1109 1885 est,
1140 1851 1178 1876 ut

477 1897 613 1939 quidam
630 1898 764 1928 honoris
782 1906 885 1927 causa
902 1894 1176 1935 Βασιλεοπάτορες,

480 1949 684 1988 Imperatoris
697 1951 812 1987 putres,
826 1947 1035 1984 dicerentur,
1052 1955 1116 1986 quo
1134 1946 1175 1976 de

478 1999 622 2030 Meursii
658 1998 877 2029 Glossarium.
931 1997 1175 2027 Verumtamen

476 2050 509 2080 h.
525 2050 545 2080 l.
564 2049 606 2080 de
621 2049 630 2065 ‘
644 2049 797 2088 cognatis
809 2048 816 2060 ’
835 2047 971 2088 proprie
986 2046 1086 2077 (lictis
1100 2056 1173 2077 esse

474 2109 662 2131 sermonem
694 2104 836 2139 apparet
864 2107 940 2128 cum
970 2107 988 2127 e
1019 2096 1173 2137 subjecta

475 2160 558 2181 voce
595 2152 603 2166 ‘
620 2149 813 2188 sanguinis]
850 2154 920 2179 tum
951 2148 1039 2189 quod
1079 2148 1173 2179 addit

475 2201 619 2240 Auctor,
641 2201 650 2217 ‘
666 2200 799 2230 Ochum
824 2199 1089 2230 innocentiorem
1106 2198 1172 2229 fra-

477 2252 584 2283 tribus
608 2251 786 2291 parricidis
814 2260 880 2280 non
902 2249 1019 2287 fuisse,
1045 2259 1173 2290 parem-

477 2312 541 2344 que
573 2302 838 2342 conjurationem
868 2299 1039 2331 timuisse!
1087 2299 1171 2330 Haec

476 2353 564 2384 enim
581 2353 622 2383 ad
645 2351 839 2382 honorarius
856 2351 929 2381 illos
944 2355 1104 2390 cognatos
1121 2359 1172 2381 re-

476 2402 559 2434 ferri
587 2412 650 2433 non
675 2405 834 2442 possunt:
858 2400 975 2441 quales
998 2409 1074 2430 cum
1100 2399 1171 2431 fere

475 2453 612 2494 plurimi
629 2452 768 2489 fuerint,
783 2452 808 2490 (‘
826 2451 943 2481 decem
970 2455 1004 2481 et
1023 2451 1172 2491 quinque

475 2503 582 2534 millia
620 2500 861 2541 cognatorum’
903 2501 1007 2531 Dario
1053 2501 1173 2532 tribuit

476 2554 570 2584 Curt-
588 2563 644 2584 111.
662 2556 691 2584 3.
711 2552 781 2592 20.)
812 2551 886 2593 quis
909 2556 1038 2582 tantam
1063 2552 1174 2582 multi-

475 2604 642 2643 tudinem,
658 2604 690 2634 in
713 2613 812 2645 quam
837 2602 1026 2642 conjuratio
1051 2602 1172 2633 cadere

475 2655 568 2685 nulla
585 2658 711 2695 potest,
733 2653 773 2684 ab
797 2652 896 2683 Ocho
920 2652 1084 2683 sublatam
1101 2662 1172 2684 cre-

476 2706 557 2736 dat?
582 2704 648 2737 Qui
672 2709 783 2735 tamen
810 2713 925 2734 eorum
952 2703 1086 2740 sublati,
1114 2703 1171 2734 hos

477 2756 595 2786 addita
622 2765 684 2786 vox
709 2759 718 2771 ⁴
737 2753 948 2795 principum'
979 2755 1173 2795 complecti-

477 2811 542 2837 tur.
567 2806 664 2836 Bern.

522 2855 564 2885 Et
588 2857 692 2892 strage
715 2851 903 2893 principum]
944 2852 1009 2883 Hic
1039 2862 1171 2894 quoque

476 2909 600 2945 metuo,
627 2914 666 2935 ne
694 2913 756 2934 vox
782 2903 954 2943 principum
979 2903 1171 2943 glossatoris

937 343 1078 374 NOTAE
1111 342 1375 374 VARIORUM
1411 342 1460 372 ΙΝ

1228 437 1284 477 sit,
1297 447 1364 468 non
1379 436 1519 477 Justini,
1544 437 1599 479 qui
1617 447 1692 468 cum
1717 436 1726 454 ‘
1744 434 1920 476 cognatos'

1228 487 1271 519 de
1300 488 1542 529 principalibus
1571 488 1649 518 viris
1678 487 1833 527 usurpari
1863 496 1919 526 ap.

1230 539 1352 569 Persas
1387 538 1525 578 legisset
1559 538 1694 577 alicubi,
1723 535 1922 578 praeccdens

1227 589 1236 604 ‘
1253 593 1471 628 cognatorum
1485 587 1493 599 ’
1513 588 1562 618 ita
1580 587 1714 627 putavit
1729 584 1922 626 explicand-

1229 647 1418 678 quanquam
1452 647 1493 668 ea
1522 637 1707 677 explicatio
1744 637 1776 668 h.
1815 636 1839 666 l.
1879 635 1923 665 sit

1227 688 1354 727 inepta.
1379 687 1481 725 Schef.

1270 738 1286 777 ξ)
1309 740 1329 767 2
1358 737 1459 768 Veluti
1474 736 1635 778 purificato
1649 734 1760 775 regno]
1789 733 1920 765 Allusio

1228 788 1269 818 ad
1297 797 1423 818 morem
1451 793 1648 826 castrorum,
1685 791 1762 827 post
1794 784 1921 817 eaedem

1227 838 1349 869 ducum
1373 844 1409 870 et
1434 840 1588 870 militum.
1625 839 1726 869 Hom.
1753 846 1778 868 1.
1817 835 1859 867 11.
1887 840 1923 866 et

1227 888 1296 927 alii,
1313 893 1382 919 tum
1400 893 1436 919 et
1457 889 1548 920 Just.
1571 889 1657 929 ipse,
1683 892 1762 929 post
1780 891 1922 918 mortem

1226 936 1415 968 Alexandri
1432 939 1480 969 M.
1505 939 1581 969 Fab.

1272 988 1430 1029 Cadusiis]
1447 989 1501 1019 Ita
1513 989 1579 1020 Ms.
1595 997 1700 1019 unus:
1717 986 1824 1019 ceteri
1837 986 1923 1017 Adu-

1225 1038 1287 1069 sis:
1312 1039 1365 1069 alii
1380 1039 1527 1070 adversis.
1571 1039 1681 1079 Vulgo
1703 1039 1791 1069 male
1814 1038 1923 1068 Arme-

1225 1088 1299 1127 m'z's,
1315 1089 1392 1129 quia
1408 1089 1441 1119 in
1458 1099 1551 1130 seqq.
1567 1089 1723 1129 legerant
1739 1087 1923 1119 Codoman-

1226 1147 1303 1168 num
1328 1139 1498 1170 Armeniis
1520 1138 1732 1179 praefectum.
1776 1137 1843 1169 Sed
1862 1137 1924 1168 Ca·

1226 1190 1324 1220 dusiis
1338 1190 1471 1230 legend.
1489 1195 1622 1221 constat
1646 1200 1689 1221 ex
1709 1189 1814 1220 Diod.
1831 1197 1922 1220 xvn.

1226 1243 1258 1270 6.
1281 1249 1300 1269 a
1317 1250 1381 1281 quo
1397 1240 1469 1271 haec
1485 1240 1644 1281 petenda.
1667 1241 1772 1280 Bong.

1270 1293 1287 1332 ς
1311 1295 1330 1322 3
1353 1293 1391 1322 In
1408 1303 1440 1323 eo
1456 1303 1522 1324 cum
1537 1294 1682 1323 ‹niz-ersus
1694 1295 1922 1333 provocatorem

1227 1342 1357 1372 hostium
1376 1343 1587 1374 Codomannus
1598 1343 1717 1383 quidem
1727 1345 1861 1374 omnium
1867 1342 1923 1381 fa-

1227 1403 1296 1424 vore
1314 1395 1520 1434 processisset,
1543 1395 1626 1424 hoste
1645 1393 1735 1434 caeso]
1772 1394 1923 1425 Freinsh.

1228 1444 1349 1483 exigua
1371 1445 1559 1476 mutatione
1583 1445 1688 1475 multo
1707 1444 1923 1476 concinniora

1228 1493 1299 1524 haec
1317 1493 1417 1525 facit:
1442 1495 1480 1525 In
1497 1504 1530 1525 eo
1545 1495 1613 1525 adv.
1634 1504 1683 1534 pr.
1697 1494 1728 1526 h.
1746 1495 1782 1524 C.
1799 1493 1923 1533 quidam

1227 1555 1296 1576 cum
1310 1545 1430 1583 omms.
1449 1546 1608 1586 processit,
1625 1549 1654 1576 et
1669 1545 1700 1576 h.
1716 1556 1742 1576 c.
1766 1546 1869 1576 Bern.

1272 1596 1505 1627 Provocutorem
1514 1596 1660 1637 hostium]
1674 1595 1749 1626 Seb.
1759 1604 1823 1625 non
1835 1594 1923 1625 male

1227 1647 1353 1679 hostem.
1377 1647 1484 1678 Idem.
1511 1646 1577 1677 Aut
1591 1647 1708 1677 hostem
1723 1655 1799 1676 cum
1815 1644 1923 1675 Sebis.

1226 1698 1360 1737 legend.
1387 1702 1445 1728 aut
1471 1697 1603 1728 hostium
1626 1705 1761 1736 prorsus
1785 1694 1922 1726 delend.

1227 1748 1314 1790 quod
1336 1747 1361 1779 f.
1382 1747 1511 1778 melius.
1556 1747 1642 1778 Sane
1663 1748 1841 1786 provocator
1854 1745 1922 1775 hos-

1227 1798 1306 1830 tium
1327 1802 1432 1837 esset,
1455 1797 1512 1838 qui
1540 1797 1652 1828 hostes
1676 1800 1854 1837 provocat,
1878 1794 1921 1826 ad

1227 1855 1400 1881 certamen
1422 1853 1504 1889 puta
1525 1848 1705 1887 singulare.
1749 1846 1824 1878 Jam
1841 1855 1921 1876 vero

1226 1901 1328 1930 etiam
1351 1900 1421 1930 sine
1445 1899 1503 1930 illo
1525 1898 1656 1928 hostium
1678 1897 1741 1928 hoe
1763 1896 1921 1937 intelligi-

1227 1954 1294 1981 tur.
1317 1948 1421 1986 Schef.

1269 1999 1416 2029 Omnium
1437 1997 1548 2035 sat-ore
1581 1996 1788 2037 processisset]
1824 1995 1920 2027 Anti-

1225 2048 1356 2089 quiores
1373 2047 1450 2078 edd.
1465 2056 1535 2077 cum
1550 2056 1629 2077 omn.
1644 2046 1677 2084 f.
1694 2056 1728 2087 p.
1746 2046 1836 2087 quod
1851 2055 1920 2077 ma-

1223 2098 1273 2138 gis
1291 2097 1411 2138 placet.
1439 2097 1510 2127 Vor.

1265 2148 1281 2187 §
1306 2151 1324 2177 5
1350 2147 1427 2177 Post
1443 2149 1571 2176 mortem
1585 2145 1679 2185 Ochi]
1697 2144 1749 2176 Ab
1764 2145 1919 2176 eunucho

1224 2197 1338 2237 Bagoa
1358 2206 1487 2227 veneno
1511 2196 1636 2235 necati,
1659 2195 1760 2226 Diod.
1783 2204 1873 2227 xvn.
1888 2199 1920 2226 5.

1224 2248 1376 2280 Cadaver
1397 2247 1501 2287 ipsius
1528 2248 1659 2286 Bagoas
1680 2246 1803 2277 felibus
1826 2246 1920 2287 obje-

1222 2299 1282 2338 cit,
1313 2303 1349 2329 et
1376 2307 1452 2329 ossa
1492 2296 1646 2338 quaedam
1677 2296 1765 2327 illius
1798 2306 1920 2336 expro-

1223 2350 1359 2381 brandae
1387 2349 1598 2381 crudelitatis
1621 2358 1723 2379 causa
1749 2348 1920 2379 convertit

1224 2402 1258 2432 in
1275 2400 1447 2431 manubria
1463 2399 1660 2440 gladiorum.
1683 2399 1799 2431 AElian.
1811 2408 1860 2431 vr.
1876 2399 1920 2430 V.

1225 2451 1270 2482 H.
1287 2453 1316 2481 8.
1348 2451 1442 2481 Bern-

1268 2501 1343 2531 Post
1359 2503 1486 2530 mortem
1505 2498 1585 2529 Ochi
1602 2497 1686 2538 regis
1702 2507 1759 2528 rex
1773 2508 1791 2528 α
1811 2499 1920 2538 populo

1223 2551 1433 2591 constituitur]
1456 2549 1691 2581 Codomannus
1708 2552 1802 2588 puta.
1826 2548 1919 2578 Prae-

1224 2602 1346 2632 teritur
1363 2605 1474 2631 autem
1497 2599 1584 2631 Ochi
1608 2598 1696 2628 filius
1722 2597 1837 2637 Arses,
1861 2598 1918 2639 qui

1224 2657 1260 2682 et
1282 2651 1354 2691 ipse
1372 2648 1564 2690 aliquandiu
1590 2657 1648 2678 rex
1665 2646 1740 2678 fuit.
1787 2647 1919 2678 Ochum

1223 2701 1377 2732 nimirum
1394 2700 1436 2730 ob
1451 2698 1686 2730 crudelitatem
1708 2697 1840 2737 Bagoas
1864 2707 1918 2728 ve-

1223 2761 1309 2782 neno
1325 2750 1471 2786 sustulit,
1493 2749 1593 2789 inque
1616 2747 1686 2787 ejus
1709 2746 1793 2777 solio
1814 2745 1919 2777 filiurn

1222 2800 1333 2832 Arsen
1349 2798 1538 2830 collocavit.
1584 2796 1687 2827 Arses
1711 2806 1792 2827 vero
1810 2797 1918 2828 tribus

1223 2850 1320 2880 modo
1343 2847 1436 2880 annis
1461 2847 1637 2886 imperium
1655 2846 1774 2884 tenuit,
1799 2846 1840 2877 ab
1865 2857 1917 2878 eo-

1222 2901 1364 2942 demque
1382 2900 1497 2940 Bagoa
1514 2907 1577 2928 una
1594 2907 1668 2928 cum
1684 2897 1777 2938 prole
1795 2902 1827 2928 ct
1846 2897 1918 2938 ipse
