2101 3419
654 391 851 424 JUSTINI
885 391 980 422 LlB.

264 491 371 522 Clem.
394 491 403 508 ‘
415 489 465 521 At
479 489 572 520 illum
598 487 758 518 acerbum
775 491 811 518 et
827 486 960 527 sangui·

263 541 391 572 narium
406 548 546 571 necesse
568 543 621 569 est
645 541 827 578 graventur
855 537 960 577 stipa-

263 595 354 622 tores
367 589 441 622 sui!
468 590 537 620 Vor.
679 587 693 595 ⁹

328 643 403 681 §14
424 638 613 679 Advecturi]
656 638 739 669 Mss.
768 637 834 668 mei
861 636 960 669 Fuld.

262 690 419 723 avet-turi.-
443 694 481 721 ut
503 690 599 720 lubet
613 699 703 720 sane.
729 688 868 719 Modius.
911 687 960 718 U-

262 741 437 773 trumlibet
451 745 546 771 certo
563 745 723 779 respectu
735 738 841 769 bene:
872 737 961 768 sicut

263 799 370 822 xv111.
408 793 437 821 1.
466 791 496 820 3.
521 790 675 827 adductis,
713 789 767 818 vel
802 787 959 819 abductis.

262 841 426 872 Bernecc.
451 839 598 870 Omnino
611 837 796 878 recipiend.
810 837 960 869 evecturi.

262 892 369 923 Paulo
385 894 463 922 ante
477 890 576 922 scrib.
588 899 663 921 cum
676 889 827 921 Gronov.
842 890 962 928 longin-

261 952 352 983 quam
367 941 511 972 militium
524 941 664 980 gwavati.
698 939 874 970 Nolebant
890 949 962 970 sus-

263 992 379 1032 cipere
395 991 649 1031 expeditionem
673 991 707 1021 in
733 995 802 1021 tam
828 990 929 1029 longe
944 999 963 1019 a

262 1041 374 1083 patria
399 1045 565 1072 remotam
591 1045 738 1081 gentem.
782 1039 888 1070 Aliud
912 1043 964 1071 est

261 1091 271 1108 ‘
285 1092 418 1132 gravari
432 1091 578 1131 militia,'
605 1091 696 1122 aliud
718 1091 727 1107 ‘
742 1091 878 1132 gravari
904 1090 964 1121 mi-

262 1141 394 1173 litiam.’
437 1144 445 1160 ‘
460 1142 633 1173 Gravatur
644 1141 788 1181 militia,’
805 1142 858 1173 cui
876 1142 963 1173 mili-

264 1193 312 1224 tia
338 1192 448 1233 gravis
476 1196 542 1231 est,
571 1193 627 1234 qui
654 1193 828 1224 molestias
853 1202 895 1223 ex
923 1201 965 1223 ea

264 1243 380 1283 capit;
403 1243 587 1283 ‘gravatur
616 1242 792 1282 militiam,'
817 1243 873 1284 qni
889 1252 964 1274 eam

265 1297 413 1332 recusat,
437 1303 504 1324 non
520 1294 591 1324 vult
606 1293 731 1324 subire.
775 1293 899 1324 Horat.
912 1301 964 1324 1v.

267 1344 397 1376 Od.11.
420 1344 429 1360 ‘
443 1344 597 1384 Pegasus
621 1350 793 1374 terrenum
815 1343 965 1384 equitem

267 1399 427 1435 gravatus
441 1393 461 1432 ;’
496 1403 564 1424 non
589 1398 653 1434 est,
683 1399 720 1424 nt
745 1393 887 1433 exponit
915 1393 966 1423 vir

268 1445 408 1476 doctiss.
425 1448 460 1474 et
476 1443 720 1474 disertissimus
737 1455 744 1474 ;
773 1444 835 1474 Cui
862 1452 966 1483 grave

267 1495 512 1534 molestumque
528 1498 604 1524 erat
629 1492 744 1531 ferre3
771 1499 849 1523 tunc
874 1492 964 1524 enim

268 1543 403 1574 dicend.
419 1542 541 1574 fuisset
564 1544 572 1559 ‘
588 1547 724 1574 terreno
752 1544 866 1584 equite
893 1553 967 1583 gra-

270 1599 365 1626 vatus
379 1594 399 1625 :'
422 1594 501 1625 sed:
526 1594 674 1625 Nolebat
691 1594 774 1634 pati,
791 1594 965 1633 suscipere

267 1644 457 1683 serendum,
479 1644 627 1685 equitem
646 1650 829 1675 terrenum.
857 1644 966 1674 Groev.

269 1696 550 1734 Emendaveram,
577 1695 737 1731 avecturi3
767 1694 857 1735 quod
885 1695 967 1724 Ber-

268 1755 366 1777 necc.
384 1746 418 1776 in
432 1745 634 1776 Mss.1t10dii
649 1745 791 1785 reperiri
808 1743 964 1775 affirmat.

269 1797 381 1828 Faber.
426 1796 640 1828 Commodius
657 1797 804 1836 videtur,
816 1796 965 1827 avecturz'.

269 1848 353 1879 Vor.

312 1898 439 1929 Faustis
450 1897 583 1937 profecti
598 1896 762 1937 ominibus]
795 1896 906 1927 Omen
928 1895 967 1926 il-

268 1948 328 1979 lud
344 1947 432 1989 quod
450 1948 638 1978 Locrenses
656 1951 876 1986 acceperunt,
891 1955 966 1976 cum

269 1998 428 2029 auxilium
445 2008 462 2029 a
479 1998 621 2028 Castore
636 2001 671 2027 et
686 1997 826 2027 Polluce
839 2005 896 2027 eos
915 2005 969 2035 pe-

271 2047 520 2088 terejuberent
543 2047 717 2087 Spartani,
741 2047 860 2077 mirum
879 2045 968 2087 quod

269 2108 337 2129 non
350 2103 386 2129 et
401 2097 770 2129 Val.M.intercete1·a
783 2097 966 2128 recensuit.

269 2148 356 2179 Sane
379 2157 542 2188 perquam
570 2147 679 2178 simile
702 2147 784 2177 illud
813 2152 865 2177 est
896 2146 968 2187 qni-

269 2199 366 2230 busd.
381 2207 508 2238 eorum,
532 2207 606 2238 quae
630 2197 704 2238 ipse
728 2206 753 2229 1.
770 2201 801 2229 5.
824 2205 970 2228 comme-

271 2254 390 2280 morat.
417 2248 491 2280 Vor.

314 2299 400 2330 CAP.
419 2307 476 2329 111.
521 2299 537 2338 ξ
554 2300 574 2328 4
600 2298 678 2329 Cum
694 2297 726 2328 in
741 2298 837 2328 aciem
850 2306 969 2336 proces-

271 2348 396 2388 sissent]
420 2348 472 2378 Ad
488 2347 628 2387 Sagram
645 2346 679 2379 fl.
704 2347 815 2378 Strab.
833 2355 883 2377 VI.
899 2347 970 2377 Cic.

273 2398 315 2430 de
331 2398 376 2429 N.
394 2398 437 2429 D.
453 2406 478 2428 1.
492 2400 522 2428 2.
535 2402 569 2428 et
583 2406 639 2427 111.
653 2401 684 2428 5.
708 2397 799 2427 Plut.
813 2397 847 2427 iu
860 2396 969 2426 AEmil.

271 2450 325 2479 41.
370 2447 584 2478 Locrensium
600 2457 675 2478 cum
693 2446 856 2486 Rheginis
867 2445 970 2476 fuisse

274 2500 325 2529 10.
349 2498 414 2536 M„
437 2497 706 2528 Crotoniensium
725 2500 794 2528 130.
812 2497 861 2528 M.
879 2497 972 2527 Stra-

273 2548 318 2579 bo
350 2547 477 2587 refert;
511 2552 547 2579 et
576 2553 687 2579 ortum
721 2548 800 2578 inde
835 2556 973 2587 prover-

275 2599 365 2630 bium
389 2599 462 2640 πρὸς
481 2598 554 2631 τοὺς
577 2600 802 2631 ἆπιστοῦντας;
826 2597 972 2636 Ἀληθέσ·

275 2662 349 2691 τερα
364 2653 426 2682 τῶν
440 2650 489 2682 ἐπὶ
503 2649 629 2692 Σάγρα;
653 2651 750 2691 cujus
764 2650 919 2681 meminit
936 2654 972 2681 et

278 2703 348 2734 Cic.
374 2703 418 2733 de
442 2702 550 2733 N.D.
566 2711 624 2733 ιιι.
642 2705 673 2733 5.
699 2701 854 2740 Bongars.
898 2700 971 2730 Me-

274 2752 371 2783 minit
386 2751 486 2783 etiam
498 2751 654 2782 Eustath.
671 2751 704 2782 in
718 2751 888 2782 Boeotiam
900 2750 972 2781 Ho-

277 2802 364 2832 meri
379 2811 411 2842 p.
427 2804 502 2833 210.
517 2804 571 2834 28.
593 2802 695 2833 Rern.

322 2853 373 2891 §5
400 2852 572 2892 Tantusque
597 2853 701 2892 ardor,
723 2851 794 2892 εμπ]
825 2850 914 2882 Vell.
930 2859 972 2883 ιι.

278 2905 309 2932 5.
332 2903 364 2932 2.
382 2911 387 2915 ·
408 2901 453 2934 Q.
479 2902 654 2942 Metellus,
679 2911 756 2932 cum
781 2902 816 2932 in
842 2901 974 2932 hostem

279 2962 356 2983 suos
376 2952 425 2983 ire
441 2953 629 2994 periculoso
644 2953 718 2985 loco
730 2952 886 2994 juberet,
901 2952 909 2969 ‘
923 2950 973 2983 fa-

1012 390 1103 421 xx.
1135 390 1242 421 CAP.
1272 379 1315 419 4.
1625 374 1711 417 899

1009 486 1178 518 cientibus
1196 484 1351 517 omnibus
1366 484 1399 515 in
1413 481 1595 524 procinctu
1607 484 1710 512 testa-

1009 542 1137 576 menta,
1154 537 1250 566 velut
1266 535 1309 566 ad
1323 538 1451 566 certam
1472 536 1613 564 mortem
1629 539 1710 561 eun-

1011 588 1088 619 dum
1106 586 1207 625 foret,
1227 595 1295 617 non
1319 584 1507 615 deterritus
1524 580 1711 623 proposito,

1010 647 1110 679 quem
1147 636 1347 668 moriturum
1379 634 1533 672 miserat,
1566 632 1711 662 militem

1010 688 1172 719 victorem
1190 686 1341 726 recepit:
1356 689 1488 716 tantum
1502 681 1616 715 effecit
1633 682 1711 713 mis-

1011 743 1065 770 tus
1083 737 1195 769 timori
1221 736 1346 778 pudor,
1383 744 1527 775 spesque
1552 734 1713 772 despera·

1010 789 1102 819 tione
1126 785 1292 828 quaesita!
1336 784 1418 816 vid.
1444 785 1570 824 Veget.
1593 782 1636 813 de
1661 783 1711 813 Re

1010 838 1088 869 Mil.
1104 847 1160 868 111.
1177 840 1229 868 21.
1257 841 1292 867 et
1316 844 1365 867 ιν.
1382 838 1435 866 25.
1457 833 1556 873 Virg.
1579 833 1654 863 AEn.
1671 841 1712 863 11.

1011 894 1086 922 354.
1109 890 1208 921 ‘Una
1225 889 1314 919 salus
1341 886 1458 925 victis,
1483 885 1609 916 nullam
1637 893 1714 924 spe-

1011 950 1087 972 rare
1100 939 1264 971 salutem?
1291 939 1472 969 Berneccer.
1521 935 1614 966 Saxo
1635 943 1712 966 xvr.

1012 1001 1045 1032 p.
1073 993 1147 1022 374.
1177 992 1230 1020 34.
1262 989 1271 1005 ‘
1289 988 1384 1020 Quos
1414 986 1570 1028 [milites]
1597 989 1713 1016 tantus

1012 1039 1186 1082 pugnandi
1202 1039 1306 1071 ardor
1321 1036 1485 1078 ceperat!

1056 1093 1110 1132 §6
1131 1090 1204 1129 Sed,
1218 1090 1288 1130 thu]
1328 1089 1431 1120 Hunc
1444 1089 1466 1119 l.
1486 1087 1638 1119 imitatur
1653 1086 1713 1118 Sa-

1012 1143 1100 1174 resb.
1119 1152 1168 1174 vr.
1195 1142 1322 1173 Policr.
1347 1151 1380 1182 p.
1398 1143 1472 1172 363.
1497 1140 1619 1180 ‘Saepe
1646 1140 1715 1178 alii,

1014 1194 1093 1225 dum
1106 1193 1247 1224 honeste
1274 1193 1483 1232 viriliterque
1508 1191 1592 1222 mori
1619 1191 1714 1230 cupi-

1013 1249 1087 1282 unt,
1101 1243 1250 1275 feliciter
1265 1243 1406 1274 vincuut
1419 1242 1439 1274 :’
1456 1241 1514 1272 ubi
1530 1242 1538 1258 ‘
1549 1241 1693 1281 cupiunt
1705 1239 1713 1252 ’

1016 1299 1070 1326 est
1081 1304 1122 1325 ex
1139 1293 1424 1334 interpretatione
1439 1292 1495 1323 τοῦ
1511 1291 1519 1306 ‘
1533 1289 1714 1332 quaerunt!

1017 1347 1166 1381 Quoerere
1188 1345 1289 1375 etiam
1313 1352 1385 1384 pru,
1407 1351 1546 1383 cupere,
1579 1340 1710 1380 conari,

1015 1395 1195 1436 usurpavit
1220 1394 1353 1426 Auctor
1377 1403 1419 1425 ιι.
1450 1397 1502 1425 11.
1530 1395 1560 1424 3.
1597 1393 1606 1409 ‘
1623 1392 1715 1422 Dum

1016 1446 1135 1478 ulcisci
1163 1455 1242 1476 suos
1274 1443 1452 1485 quaerunt.'
1500 1442 1578 1473 Val.
1596 1442 1646 1472 Fi.
1663 1450 1714 1471 vr.

1016 1499 1091 1527 450.
1113 1497 1122 1513 ‘
1139 1495 1230 1528 Juno
1255 1494 1332 1524 duci
1358 1493 1482 1524 sociam
1503 1491 1714 1532 conjungere

1016 1546 1144 1587 quaerit
1170 1543 1328 1576 Achivo.'
1374 1544 1463 1574 Saxo
1481 1551 1559 1573 xtv.
1587 1552 1619 1582 p.
1637 1544 1715 1571 268.

1016 1599 1068 1627 46.
1107 1597 1115 1612 ‘
1139 1596 1228 1626 Dum
1256 1595 1378 1635 patriae
1408 1593 1509 1624 rebus
1537 1592 1715 1623 consulere

1017 1645 1164 1687 quaerit!
1208 1647 1255 1676 D.
1283 1645 1408 1677 Joann.
1436 1644 1568 1682 Evang.
1595 1650 1662 1672 vn.
1687 1644 1718 1672 1.

1009 1696 1083 1727 “O‘rt
1099 1695 1228 1736 ἐζήτουν
1252 1694 1342 1725 αὐτὸν
1364 1694 1392 1724 οἱ
1408 1693 1549 1724 Ἰουδαῖοι
1571 1692 1714 1723 ἀποκτεῖ-

1017 1759 1075 1777 ναι.
1112 1749 1162 1777 19.
1189 1745 1223 1776 Τι’
1236 1757 1274 1783 με
1289 1744 1415 1784 ζητεῖτε
1430 1743 1608 1774 ἀποκτεῖναι
1623 1753 1631 1780 ;
1660 1744 1715 1774 20.

1016 1796 1067 1828 Τίς
1092 1807 1129 1827 σε
1156 1795 1248 1836 ζητεῖ
1269 1796 1466 1833 &vomebam
1487 1797 1539 1825 30.
1558 1798 1593 1824 et
1613 1802 1647 1823 X.
1664 1794 1717 1823 39.

1017 1846 1168 1887 Ἐζήτουν
1183 1845 1237 1877 οὖν
1250 1846 1343 1877 αὐτὸν
1356 1844 1474 1881 πιάσαι.
1520 1843 1612 1875 Add.
1629 1852 1711 1874 vul.

1017 1901 1069 1929 37.
1084 1903 1119 1928 et
1136 1900 1188 1928 40.
1216 1898 1258 1928 D.
1275 1898 1384 1928 Lucas
1402 1895 1482 1926 Act.
1500 1894 1567 1934 Ap.
1586 1902 1669 1924 xm.
1687 1895 1717 1923 S.

1018 1948 1121 1984 Ζητῶν
1136 1944 1313 1986 διαστρέψαι
1327 1945 1383 1975 τὸν
1397 1943 1571 1976 ἀνθύπατον
1586 1942 1646 1973 ἀπὸ
1661 1943 1718 1978 τῆς

1017 1998 1158 2030 πίστεως.
1204 1997 1335 2030 Quibus
1348 1996 1431 2027 locis
1450 1995 1589 2025 Latinus
1606 1994 1717 2024 Inter-

1018 2058 1096 2089 pres
1113 2048 1254 2079 verbum
1280 2048 1289 2064 ‘
1304 2045 1475 2088 quaerere‘
1505 2053 1637 2086 quoque
1664 2043 1720 2074 ad-

1019 2099 1141 2130 hibuit.

1063 2151 1078 2190 }
1093 2152 1111 2180 8
1136 2148 1358 2189 Duojuvenes]
1379 2146 1509 2178 Similia
1521 2146 1609 2177 Flor.
1626 2154 1651 2177 1.
1666 2148 1717 2176 11.

1019 2202 1049 2229 5.
1068 2204 1103 2230 et
1120 2198 1277 2229 Frontin.
1295 2206 1319 2228 1.
1337 2200 1387 2228 ll.
1400 2200 1430 2229 8.
1454 2197 1553 2227 Rern.

1060 2248 1297 2289 Apparuerunt]
1319 2247 1478 2278 Vincent.
1501 2246 1510 2263 ⁴
1525 2243 1687 2285 compar.’

1064 2302 1081 2341 ξ
1098 2303 1118 2330 9
1141 2300 1264 2330 Incred.
1281 2298 1351 2339 Sym]
1388 2298 1478 2328 Saxo
1496 2304 1575 2326 xvr.
1593 2304 1627 2335 p.
1643 2296 1718 2325 379.

1021 2352 1072 2382 16.
1093 2350 1102 2367 ‘
1117 2348 1316 2380 Incredibili
1331 2347 1354 2380 f.
1370 2345 1575 2378 velocitate!

1065 2400 1171 2431 Famoe
1186 2398 1344 2438 velocitas]
1369 2397 1459 2429 Add.
1472 2406 1513 2429 11.
1530 2399 1580 2427 14.
1592 2399 1623 2426 9.
1638 2395 1719 2426 item

1021 2450 1112 2481 Plin.
1129 2449 1174 2480 H.
1202 2449 1247 2481 N.
1271 2457 1340 2479 vu.
1357 2450 1411 2479 22.
1436 2447 1527 2478 Flor.
1541 2455 1598 2477 111.
1615 2448 1646 2476 3.
1661 2444 1719 2475 fin.

1021 2500 1122 2531 Rern.

1067 2547 1232 2588 Corintho]
1253 2547 1363 2579 Scrib.
1382 2546 1536 2578 Corinthi.
1562 2544 1669 2576 Gron.

1065 2598 1227 2630 Nuntiata
1242 2600 1286 2629 est
1302 2595 1450 2635 victoria]
1481 2595 1584 2626 Ludis
1602 2594 1721 2634 Olym-

1022 2649 1088 2691 piae
1101 2648 1251 2680 auditam
1276 2646 1396 2678 scribit
1418 2646 1489 2677 Cic.
1504 2646 1547 2676 de
1571 2644 1615 2675 N.
1634 2645 1680 2675 D.
1697 2653 1721 2676 1.

1022 2704 1054 2732 2.
1071 2703 1106 2730 et
1120 2697 1241 2730 ceteri.
1264 2696 1377 2729 Strab.
1401 2705 1462 2737 pro
1476 2694 1593 2726 fabula
1613 2694 1648 2725 id
1664 2694 1722 2725 ha-

1023 2749 1094 2781 bet.
1118 2749 1217 2780 Bern.

1066 2800 1156 2831 CAP.
1184 2807 1234 2830 ιν.
1279 2799 1298 2838 ξ
1320 2799 1336 2828 1
1364 2795 1616 2828 Crotoniensibus
1638 2795 1723 2826 nulla

1023 2849 1165 2889 virtutis]
1198 2848 1252 2878 De
1279 2856 1395 2877 eorum
1422 2845 1566 2886 pristina
1596 2845 1723 2876 virtute

1023 2903 1151 2940 praeter
1176 2897 1290 2929 Strab.
1312 2897 1380 2936 leg.
1406 2896 1477 2927 Cic.
1501 2896 1602 2927 Rhet.
1628 2903 1670 2926 11.
1692 2897 1722 2926 l.

1023 2951 1076 2982 De
1106 2949 1240 2981 luxuria
1271 2953 1384 2979 autem
1415 2952 1451 2979 et
1479 2947 1560 2979 vitae
1597 2954 1723 2987 genere
