2101 3419
731 407 781 437 ΙΝ
815 401 1084 438 JUSTINUM.

195 503 226 537 v,
243 502 294 536 ll,
310 503 341 532 7.
363 501 404 537 ix,
420 504 451 538 8,
467 505 488 534 9
510 502 644 533 favorem
670 504 798 535 militum
824 515 889 535 am-

196 543 313 572 bitione
335 544 386 579 xii,
403 547 453 578 15,
477 547 515 575 11
552 545 718 585 potentiam
745 557 780 577 ex
804 547 889 587 vulgi

197 584 374 615 adulatione
390 586 452 622 xiii,
465 589 496 622 3,
511 590 531 618 2
547 597 608 616 non
622 588 752 627 amplius
767 599 784 618 a
799 589 889 619 fratre

197 636 331 666 quaerere
346 628 418 667 (pro
442 629 602 668 requirere,
625 630 795 669 postulare)
818 630 889 666 xvii,

196 671 229 703 2,
255 671 276 698 9
310 674 450 708 quaerunt
478 671 606 700 honeste
633 672 707 700 mori
740 683 790 707 xx,
814 675 845 707 3,
869 675 889 702 6

197 719 330 750 quaerere
345 712 462 740 hostem
478 713 572 748 domi,
597 713 620 742 si
637 719 796 743 extraneus
811 713 892 743 desit

196 751 269 786 xliv,
285 755 317 788 2,
331 756 351 783 2
374 753 476 783 Vorst.
505 764 638 793 quaerere
652 755 810 794 imperium
833 755 892 785 sibi

197 793 219 828 i,
236 796 266 829 1,
281 796 301 824 7
323 794 474 824 frumenta
489 796 573 826 sulco
594 806 726 836 quaerere
760 797 832 832 xliv,
857 799 890 833 4,

200 837 239 866 11
264 836 424 875 quaesitum
441 838 517 876 (hoc
533 843 590 873 est,
611 844 823 878 praeparatum,
844 839 890 868 in-

199 879 367 915 tentatum)
390 878 434 913 iii,
451 881 482 913 7,
501 879 540 910 1'0
563 881 697 919 quaesitis
721 886 783 910 arte
799 891 892 910 reme-

200 919 259 948 diis
286 919 420 949 locorum
446 920 521 950 vitia
549 922 726 951 molliuntur
755 923 786 958 ii,
815 926 846 958 l,
871 926 891 953 6

199 960 329 1000 quaesito
345 962 421 1000 (hoc
431 967 487 998 est,
500 973 567 992 cum
581 964 784 1003 quaesivisset)
800 964 893 1000 xxxii,

200 1006 232 1037 1,
257 1006 277 1034 9
314 1003 452 1033 Freinsh.
488 1005 622 1045 (Similia
645 1006 714 1036 vide
743 1017 833 1046 supra
860 1007 893 1036 in

201 1044 323 1083 Petito)

243 1086 402 1122 Quaestio:
433 1087 596 1127 quaestioni
624 1099 670 1119 res
698 1090 751 1119 diu
777 1089 837 1118 fuit
860 1089 894 1125 ii,

201 1131 255 1164 10,
272 1132 310 1159 15
335 1129 519 1168 quaestiones
534 1130 607 1172 (pro
633 1130 808 1172 tormentis)
839 1131 893 1167 xii,

201 1173 233 1206 5,
249 1173 268 1201 3
291 1171 316 1200 F
319 1171 428 1200 reinsh.

244 1213 388 1248 Quaestor
409 1213 472 1248 xlii,
488 1217 520 1252 4,
535 1218 553 1244 5

245 1254 389 1290 Quaestus
412 1256 483 1294 (pro
506 1255 719 1296 acquisitione,
742 1256 805 1286 sive
827 1256 894 1296 ipso

203 1297 378 1336 acquirendi
395 1296 483 1336 actu)
504 1298 545 1335 ix,
561 1301 591 1333 8,
607 1302 627 1328 6
653 1309 707 1337 pro
723 1298 805 1329 lucro
834 1298 895 1333 xiv,

203 1341 235 1373 3,
253 1341 292 1369 10
314 1339 448 1378 praebere
471 1344 619 1378 quaestum
645 1343 722 1377 (hoc
748 1346 804 1375 est,
831 1350 896 1370 esse

204 1379 305 1420 lucro)
332 1391 361 1416 v,
377 1383 441 1415 4,4
475 1381 624 1421 (Diversa
649 1381 740 1411 lectio
764 1383 813 1412 hic
839 1388 896 1417 est,

207 1427 216 1439 ‘
228 1427 368 1462 praestare
378 1428 528 1462 quaestum
543 1423 561 1452 :²
578 1433 668 1462 quam
681 1434 751 1453 cum
762 1424 896 1454 Bernec-

204 1474 273 1494 cero
289 1465 385 1494 secuti
400 1475 454 1494 nos
469 1466 588 1503 sumus)
604 1465 706 1495 Vorst.

249 1506 359 1542 Qualis
382 1507 443 1541 xiv,
459 1509 490 1542 4,
507 1510 558 1537 10.
584 1507 666 1542 xviii,
682 1511 713 1542 2,
731 1510 771 1538 10

249 1549 390 1584 Qualitas
406 1549 655 1578 lineamentorum
672 1550 776 1578 similis
791 1548 812 1583 i,
831 1551 862 1583 2,
877 1551 897 1579 2

250 1590 521 1629 Qualitercumque
543 1591 618 1631 (hoc
634 1596 690 1627 est,
717 1590 900 1630 utcumque)

206 1633 239 1668 ii,
255 1636 308 1668 11,
324 1635 362 1663 11
382 1632 516 1662 Freinsh.

251 1674 353 1710 Quam
368 1674 598 1713 (subaudiendo
611 1678 619 1691 ‘
633 1673 763 1713 potius’)
776 1685 803 1709 v,
821 1677 851 1709 1,
869 1676 898 1704 1.

207 1718 248 1752 vi,
277 1720 308 1751 1,
334 1718 353 1745 4
378 1717 478 1756 (apud
505 1715 643 1745 Taciturn
667 1716 724 1745 hoc
746 1717 900 1756 frequens.

208 1759 257 1788 Ita
271 1759 302 1788 in
320 1757 354 1786 L.
370 1761 400 1789 7.
413 1758 455 1787 D.
480 1757 617 1797 Depos.)
643 1757 779 1787 Freinsh.
808 1768 900 1798 quam

210 1811 293 1840 saepe
315 1799 378 1835 xiii,
394 1803 425 1834 l,
442 1803 460 1830 3
487 1804 521 1828 ut
537 1809 644 1828 uxores
669 1799 806 1838 filiasque
833 1809 901 1828 suas

209 1843 241 1872 in
257 1841 403 1881 templum
419 1841 558 1875 Veneris,
574 1851 665 1880 quam
682 1842 800 1881 possint
814 1851 902 1871 orna-

208 1884 350 1918 tissimas,
366 1883 488 1912 mittant
509 1883 568 1916 xxi,
585 1886 615 1918 3,
629 1885 647 1913 3

219 1962 222 1963 V
253 1926 408 1961 Quamdiu
432 1936 480 1960 xv,
497 1927 528 1958 2,
546 1927 596 1955 13.
619 1923 743 1960 xviii,6‚
758 1927 777 1956 8

253 1967 400 2003 Quamvis
422 1967 462 2002 iv,
476 1971 507 2002 5,
523 1969 543 1997 2

255 2011 279 2039 si
295 2009 428 2044 Quando
453 2009 532 2043 xxiv,
546 2011 578 2041 6.
595 2010 624 2038 8.
650 2007 722 2042 xliv,
739 2011 770 2042 3,
786 2011 806 2038 6

256 2052 451 2091 Quandoque
466 2051 538 2091 (pro
553 2050 731 2089 aliquandO,
748 2049 836 2089 olim)
852 2049 904 2086 vii,

213 2098 244 2129 5,
260 2098 290 2124 5.
316 2092 391 2127 xliii,
406 2095 438 2128 4,
454 2095 471 2122 3
489 2097 520 2122 et
536 2096 553 2122 5
578 2091 713 2121 Freinsh.

255 2135 398 2171 Quantus
413 2140 523 2170 motus,
539 2138 653 2173 quanta
666 2144 710 2162 res
726 2132 826 2167 xxxiii,
842 2135 872 2167 3,
885 2136 905 2164 2

214 2182 361 2217 quantum
394 2176 505 2205 bellurn
540 2175 662 2209 xxxviii,
692 2178 724 2213 3,
754 2178 774 2205 6
803 2180 906 2204 tantus

213 2224 346 2258 quantus
368 2217 400 2254 ii,
418 2222 469 2252 15,
484 2221 515 2248 2.
537 2217 578 2252 vi,
595 2220 626 2251 3,
643 2220 694 2247 10.
725 2216 789 2251 viii,
815 2219 845 2251 1,
875 2219 906 2246 7.

215 2261 295 2296 xxxi,
308 2264 339 2296 8,
355 2263 385 2291 2.
409 2260 460 2295 xli,
476 2263 507 2294 2,
523 2262 543 2289 8
566 2264 713 2298 quantum
729 2258 759 2286 in
776 2258 828 2287 illo
848 2258 908 2288 fuit

215 2303 256 2338 ix,
272 2306 305 2338 4,
323 2305 337 2332 l
363 2303 468 2341 quanti
492 2301 599 2340 populi
621 2301 661 2335 xi,
678 2303 710 2335 9,
725 2302 744 2330 2
779 2304 906 2339 quanto,

215 2348 301 2373 tanto
317 2344 389 2383 (pro
411 2347 527 2383 quanto
554 2341 660 2380 magis,
686 2346 772 2370 tanto
796 2341 907 2381 magis)

216 2386 316 2420 xxxix,
331 2388 362 2420 3,
379 2388 419 2414 10
443 2384 577 2413 Freinsh.
613 2387 709 2417 tanto,
737 2388 852 2422 quanto
875 2383 907 2418 ii,

218 2430 270 2462 10,
287 2431 325 2457 15
349 2431 476 2466 quanto,
492 2430 578 2454 tanto
601 2424 633 2458 ii,
649 2428 678 2458 1,
695 2427 745 2453 13.
770 2425 808 2458 vi,
822 2427 853 2456 4,
868 2427 909 2454 10

217 2474 333 2508 quanto
349 2468 442 2498 serior
457 2467 535 2496 mala
559 2467 691 2500 fortuna,
719 2471 805 2494 tanto
828 2475 909 2495 aina-

218 2512 276 2540 rior
298 2510 390 2545 xxxii,
408 2512 438 2543 1,
455 2512 473 2539 3
497 2513 612 2547 quanto
628 2507 696 2546 plus
719 2507 762 2540 iii,
778 2510 810 2541 2,
826 2511 846 2537 6

261 2552 364 2588 Quare.
387 2551 447 2586 xvi,
463 2555 494 2586 5,
512 2553 561 2580 17.
584 2549 643 2583 xxi,
663 2552 692 2584 l,
714 2552 744 2579 4.
774 2548 856 2584 xxiii,
880 2551 910 2583 1,

263 2635 379 2671 Quasi:
409 2634 525 2674 quippe
551 2632 635 2672 quasi
665 2631 762 2660 minus
787 2630 911 2671 perjurii

219 2678 433 2708 contraherent
468 2676 511 2709 iii,
542 2678 573 2708 7,
604 2677 643 2704 15
676 2683 797 2712 prorsus
826 2673 914 2712 quasi

220 2719 302 2760 (vid.
314 2729 381 2758 sup.
398 2718 429 2746 in
438 2717 590 2753 Prorsus).
603 2716 688 2754 quasi
706 2725 774 2744 vero
789 2725 817 2749 v,
833 2717 882 2749 10,
893 2717 926 2744 8‘

222 2771 285 2791 non
301 2760 386 2800 quasi
403 2760 510 2792 victos,
533 2759 586 2787 sed
602 2756 697 2786 veluti
709 2756 845 2787 victoriae
866 2765 914 2785 so-

220 2803 285 2833 cios
299 2802 410 2831 habere
433 2801 484 2835 xii,
502 2803 551 2834 12,
565 2802 585 2829 2

265 2843 508 2881 Quatenus(h0c
517 2838 758 2880 est,quousque)
768 2839 818 2874 xii,
834 2841 883 2873 10,
896 2842 914 2869 5

224 2884 360 2915 Freinsh.
382 2885 434 2919 xli,
447 2887 478 2919 3,
496 2886 537 2914 10
574 2888 724 2922 quatenus
751 2882 827 2921 (hoc
857 2885 914 2914 est,

225 2925 387 2966 quoniam)
414 2926 467 2960 xii,
497 2928 549 2960 11,
575 2928 595 2956 6
633 2923 699 2963 (Ita
727 2923 759 2952 in
789 2923 915 2952 Sueten.

310 2978 425 3019 Delph.
439 2981 470 3009 et
492 2977 564 3009 Var.
581 2976 662 3006 Clas.

1522 397 1633 440 cxiii

939 503 1051 535 Claud.
1074 503 1152 540 xxvi,
1165 506 1198 535 7.
1220 502 1341 534 videtur
1364 504 1539 546 legendum.
1575 505 1633 535 Vi-

938 547 1047 576 deatur
1068 546 1160 576 etiarn
1183 545 1343 577 Acidalius
1358 547 1392 578 in
1417 547 1570 578 Velleium
1592 548 1632 578 ad

939 588 971 623 ii,
987 591 1039 622 68,
1055 588 1091 627 4)
1114 588 1251 619 Freinsh.

982 629 1146 664 Quatridui
1171 630 1277 671 religio
1303 631 1387 671 apud
1413 631 1577 672 Spartanos
1601 629 1634 666 ii,

939 673 971 707 9,
984 674 1004 700 9

983 712 1062 747 Quis
1075 711 1147 752 <pro
1163 712 1291 752 quibus)
1315 713 1355 749 xi,
1372 717 1403 749 1,
1415 717 1435 745 7
1458 714 1562 745 Vorst.

983 754 1250 790 Quemadmodum
1272 755 1314 791 ix,
1331 759 1363 792 4,
1380 759 1430 787 10.
1457 757 1498 792 xi,
1515 760 1567 793 13,
1584 759 1637 787 10.

941 796 1002 831 xiv,
1017 799 1049 831 4,
1063 799 1084 826 6

984 838 1118 873 Querela
1132 842 1178 867 est
1193 838 1256 878 regi
1272 839 1374 868 delata
1396 839 1418 875 i,
1433 842 1464 874 5,
1480 842 1501 870 2
1530 850 1638 880 quere-

941 878 1001 909 lam
1016 880 1170 919 publicam
1185 880 1310 910 miscere
1325 891 1395 910 cum
1410 881 1533 921 privatis
1560 882 1638 912 casi-

942 921 998 951 bus
1020 932 1049 958 ν,
1066 925 1098 957 7,
1114 925 1132 952 7
1157 923 1288 961 querela:
1303 923 1419 953 flebiles
1451 924 1512 960 xiX‚
1537 926 1569 959 2,
1596 926 1637 954 11

942 963 1031 992 turba
1055 963 1243 1004 querelarum
1275 965 1366 1000 xxxii,
1391 968 1423 1000 2,
1449 968 1467 996 3
1502 965 1640 1005 querelas

942 1005 1058 1035 deferre
1081 1006 1151 1041 xxii,
1167 1009 1200 1045 3,
1216 1009 1236 1036 2
1260 1007 1398 1045 querelas
1422 1007 1640 1047 Spartanorum

944 1047 1055 1076 obtulit
1067 1047 1188 1077 fortuna
1210 1049 1311 1084 xxxiv,
1328 1052 1357 1084 1,
1373 1051 1392 1079 3

986 1088 1083 1124 Queri
1098 1089 1310 1120 crudelitatem
1326 1090 1404 1131 regis
1426 1090 1447 1126 i,
1461 1092 1515 1126 10,
1527 1094 1568 1121 17
1591 1091 1642 1119 in-

940 1128 1053 1168 juriam
1068 1131 1151 1160 exilii
1172 1131 1257 1167 xviii,
1272 1135 1304 1172 7,
1319 1136 1360 1163 16
1383 1132 1467 1172 queri
1484 1133 1523 1162 de
1540 1133 1642 1172 impu-

944 1172 1040 1201 nitate
1068 1173 1163 1212 stupri
1193 1173 1239 1202 sui
1261 1173 1302 1208 ix,
1324 1177 1356 1210 7,
1379 1177 1400 1204 8
1434 1179 1574 1213 questum
1601 1175 1641 1204 de

944 1213 1062 1253 injuriis
1073 1213 1201 1254 alicujus
1218 1216 1320 1245 venire
1341 1215 1434 1250 xxxii,
1445 1219 1476 1251 2,
1494 1218 1512 1246 3

989 1256 1157 1291 Questibus
1179 1257 1291 1286 iterant
1313 1257 1465 1287 fortunam
1486 1257 1642 1297 publicam

946 1308 976 1333 v,
989 1301 1021 1333 7,
1037 1301 1057 1328 6

990 1339 1184 1379 Quicumque
1220 1338 1254 1375 ii,
1280 1345 1310 1375 5,
1340 1343 1361 1371 6
1397 1339 1643 1381 quibuscumque

947 1381 1154 1411 delinimentis
1175 1382 1235 1417 xxi,
1251 1385 1281 1418 1,
1297 1386 1315 1412 5

991 1423 1125 1458 Quidam
1141 1423 1329 1453 Philomelus
1344 1422 1428 1464 (pro,
1447 1424 1572 1464 quidam
1589 1434 1645 1453 no-

948 1465 1029 1494 mine
1046 1465 1251 1502 Philomelus)
1275 1466 1338 1501 viii,
1354 1470 1384 1503 l,
1402 1469 1421 1496 8
1445 1467 1543 1506 (Vide
1569 1466 1642 1496 Ind.

948 1506 979 1536 in
1010 1507 1183 1546 Nepotem)
1212 1507 1314 1537 Vorst.
1351 1507 1493 1538 Himerus
1521 1509 1645 1548 quidam

948 1548 1012 1584 xlii,
1030 1552 1060 1587 1,
1076 1552 1094 1579 3
1116 1549 1266 1578 Tiridates
1282 1549 1405 1589 quidam
1433 1550 1497 1586 xlii,
1513 1555 1544 1585 5,
1560 1554 1579 1581 6

993 1591 1089 1626 Quies
1114 1591 1321 1620 metuentibus
1347 1591 1431 1621 nulla
1454 1592 1487 1627 ii,
1518 1595 1570 1629 13,
1593 1594 1646 1622 11.

950 1632 1030 1667 xxiv,
1043 1635 1074 1668 8,
1093 1635 1131 1663 13
1155 1633 1240 1672 quies
1267 1634 1338 1673 (pro
1363 1634 1487 1674 somno)
1510 1634 1531 1670 i,
1556 1637 1587 1669 9,
1615 1637 1646 1664 4.

949 1675 1001 1709 xii,
1015 1678 1067 1709 10,
1080 1677 1099 1704 3
1123 1674 1259 1704 Freinsh.
1282 1674 1354 1710 xliv,
1369 1679 1399 1710 5,
1412 1678 1432 1706 2

993 1716 1160 1751 Quiescere
1182 1716 1304 1751 xxxviii,
1320 1719 1353 1751 4,
1370 1719 1388 1746 3
1413 1727 1475 1746 non
1490 1717 1647 1757 quieturos

951 1763 1023 1797 post
1056 1758 1136 1787 hanc
1163 1758 1320 1788 victoriam
1356 1758 1522 1798 Spartanos
1558 1769 1587 1793 v,
1614 1761 1647 1793 2,

996 1840 1126 1876 Quietus
1141 1854 1146 1870 ε
1178 1841 1290 1881 quietae
1326 1841 1480 1871 felicitatis
1515 1841 1649 1880 insignia

952 1883 1036 1917 xviii,
1053 1885 1084 1917 7,
1099 1886 1138 1913 10
1167 1884 1302 1923 quietam
1329 1883 1420 1912 vitam
1445 1893 1534 1924 agere
1557 1882 1649 1917 xxxii,

953 1927 986 1960 4,
1002 1929 1022 1955 4
1045 1925 1175 1963 quietior
1191 1930 1286 1954 status
1308 1925 1408 1961 xxxiX,
1422 1927 1453 1961 3,
1472 1929 1488 1956 1

997 1965 1137 2000 Quilibet
1160 1967 1258 2002 xxxix,
1275 1970 1308 2005 1,
1322 1971 1340 1997 5

998 2008 1082 2042 Quin
1097 2019 1104 2037 τ
1134 2018 1197 2037 non
1222 2013 1372 2038 cessatum
1399 2012 1456 2043 est,
1485 2008 1559 2047 quin
1597 2014 1650 2037 aut

955 2054 1032 2079 terra
1048 2054 1101 2078 aut
1114 2049 1189 2079 mari
1203 2050 1333 2080 invicem
1349 2060 1381 2079 se
1396 2049 1582 2080 trucidarent
1606 2051 1652 2083 iii,

956 2094 990 2126 7,
1005 2094 1044 2121 12
1067 2091 1141 2130 quin
1158 2102 1228 2121 vero
1251 2091 1375 2126 xxxviii,
1391 2094 1423 2126 4,
1439 2095 1458 2122 2

999 2132 1251 2172 Quinquennium
1274 2133 1307 2169 ii,
1325 2136 1376 2168 10,
1396 2136 1445 2163 12.
1471 2133 1524 2168 xii,
1554 2137 1605 2169 16,
1632 2136 1651 2162 8

956 2175 1159 2214 quinquennii
1174 2175 1294 2205 vacatio
1317 2175 1441 2210 xxxviii,
1457 2177 1488 2210 3,
1504 2178 1524 2205 9

999 2216 1235 2256 Quinqueremis
1262 2227 1280 2246 a
1321 2216 1500 2250 Ptolemaeo,
1541 2216 1653 2256 Pyrrhi

957 2258 1031 2293 filio,
1048 2268 1116 2288 cum
1132 2263 1250 2297 septem
1265 2257 1335 2287 viris
1360 2268 1398 2288 ex
1418 2259 1532 2298 scapha
1555 2258 1651 2287 insili-

957 2301 1079 2330 entibus
1095 2301 1214 2339 capitur
1235 2310 1303 2333 xxv,
1319 2302 1350 2334 4,
1367 2302 1387 2330 8

1001 2341 1127 2380 Quippe
1143 2346 1177 2370 ut
1189 2341 1297 2370 melius
1311 2341 1402 2370 fuerit
1422 2340 1463 2376 iv,
1480 2343 1510 2378 3,
1527 2343 1546 2371 2

1000 2383 1139 2422 Quisque
1155 2383 1309 2421 (additum
1327 2382 1482 2421 eleganter
1493 2382 1653 2421 superlati-

958 2424 1020 2463 vis)
1031 2436 1037 2453 :
1053 2424 1205 2453 facillimis
1216 2424 1387 2463 quibusque
1401 2423 1521 2463 (bellis)
1533 2434 1654 2463 aggres-

960 2466 999 2494 sis
1023 2465 1074 2500 vii,
1087 2468 1118 2500 6,
1135 2469 1152 2495 5
1177 2465 1380 2504 potentissimi
1395 2465 1509 2505 quique
1532 2466 1572 2501 ix,
1585 2468 1616 2500 4,
1633 2468 1654 2495 9

959 2507 1055 2547 (Vide
1071 2511 1102 2535 et
1125 2507 1165 2541 xi,
1179 2510 1209 2541 3,
1225 2506 1264 2546 7)
1290 2507 1393 2536 Vorst.

1005 2548 1096 2583 Quo:
1125 2558 1186 2587 quo
1211 2548 1280 2587 plus
1305 2549 1421 2577 habent
1442 2548 1591 2583 homines,
1617 2559 1654 2578 eo

961 2590 1108 2628 ampliora
1123 2588 1253 2628 cupiunt
1267 2589 1308 2624 vi,
1324 2594 1352 2625 l,
1364 2593 1380 2620 1
1398 2599 1460 2629 quo
1475 2600 1506 2619 se
1522 2590 1654 2623 fortuna,

963 2631 1070 2660 eodem
1086 2631 1176 2660 etiam
1192 2631 1278 2660 favor
1298 2632 1456 2660 hominum
1475 2631 1603 2660 inclinat
1626 2642 1657 2666 v,

964 2675 995 2708 1,
1011 2675 1047 2703 11
1065 2673 1161 2712 (adde
1176 2672 1296 2702 Livium
1309 2673 1384 2707 xliii,
1400 2675 1452 2708 22,
1468 2671 1505 2712 5)
1520 2672 1657 2703 Freinsh.

1006 2714 1243 2749 Quodammodo
1273 2714 1436 2753 complecti
1465 2714 1565 2743 animo
1605 2715 1657 2750 xii,

964 2758 996 2793 3,
1010 2759 1029 2786 2
1053 2765 1071 2785 a
1085 2755 1196 2785 laribus
1213 2756 1274 2786 suis
1289 2756 1516 2796 quodammodo
1532 2757 1659 2786 abducti

964 2797 1026 2832 xiV‚
1043 2800 1074 2831 3,
1087 2801 1108 2828 9

1007 2839 1174 2874 Quondam
1197 2839 1218 2874 i,
1235 2841 1266 2873 7,
1283 2841 1336 2869 13.
1358 2839 1400 2874 vi,
1416 2841 1445 2874 l,
1462 2841 1491 2869 3.
1514 2838 1577 2875 xiii,
1593 2841 1625 2874 6,
1637 2841 1663 2871 4

1009 2881 1183 2916 Quotannis
1203 2880 1244 2916 ix,
1259 2883 1292 2915 7,
1309 2883 1346 2911 11

1008 2922 1216 2958 Quotidianus
1240 2923 1325 2953 labor
1345 2921 1378 2960 ii,
1403 2924 1456 2963 13,
1483 2925 1517 2954 11
1559 2922 1660 2961 quoti-

860 2973 933 3006 Ind.
948 2973 1036 3005 Just.
1553 2984 1575 3013 p
