2174 3424
515 333 599 374 850

516 438 569 469 De
595 437 739 468 inventis
766 437 904 469 Aristaei
932 438 1037 469 Paus.
1063 447 1097 468 x.
1118 440 1147 469 4.
1164 440 1216 468 59.

515 497 559 518 m.
607 486 696 519 Add.
713 488 803 519 Plin.
821 497 897 520 xiv.
912 491 943 519 4.
961 491 1012 519 10.
1040 488 1140 519 Rern.

558 537 667 568 Laetis
682 539 722 568 ad
736 539 880 579 coagula]
904 538 1037 570 Acidal.
1063 538 1104 569 ad
1126 539 1217 569 Vell-

516 595 557 618 11.
575 589 648 618 130.
661 589 691 618 8.
708 588 865 619 rescribit
879 588 970 619 luctis
985 588 1059 619 adeo
1074 588 1200 627 coagula
1212 598 1222 618 .·

515 637 606 678 quod
632 638 757 678 verius,
780 638 939 669 dubitare
965 647 1065 668 nemo
1092 641 1218 677 potest,

515 687 572 727 qui
604 692 639 718 et
665 697 799 719 sensum
827 693 864 719 et
890 689 1025 719 litteras
1054 687 1218 718 intentius

515 738 650 777 aspicit.
675 739 775 769 Rern.
819 739 888 769 Ms.
904 749 939 769 ac
954 738 1089 777 coaguli,
1110 738 1216 775 male;

515 796 591 817 eum
612 788 701 818 enim
728 787 886 819 docuisse
910 788 1006 818 lactis
1029 797 1125 817 usum
1151 796 1217 817 non

515 837 597 868 dicit
614 838 781 878 Justinus,
796 838 922 879 quippe
940 842 1029 869 esset
1045 836 1165 868 falsum
1183 842 1218 868 et

514 893 637 920 contra
657 899 788 920 omnem
805 889 1064 930 antiquitatem:
1089 888 1148 919 sed
1165 898 1217 919 os-

515 940 665 971 tendisse
681 940 887 978 hominibus,
911 949 977 980 qua
1000 943 1073 970 arte
1094 948 1218 978 eoagu-

513 991 582 1021 lum
614 1000 656 1021 ex
684 991 773 1021 lacte
797 990 920 1021 confici
947 988 1217 1029 conformarique

514 1046 644 1080 posset.
690 1040 829 1071 Addere
846 1045 881 1071 et
903 1041 967 1071 hoc
984 1040 1090 1070 visum
1108 1039 1216 1070 estad

514 1091 703 1130 superiora.
750 1092 827 1122 Non
845 1091 965 1121 docuit
989 1100 1085 1121 usum
1104 1089 1217 1129 lactis,

514 1150 581 1172 non
598 1141 716 1172 docuit
739 1151 834 1172 nsum
863 1141 993 1178 mellis;
1017 1150 1093 1170 nam
1117 1139 1216 1180 Jupi-

514 1196 581 1230 ter,
604 1197 704 1232 pater
734 1191 790 1221 ille
822 1191 1058 1231 hominumque
1091 1190 1217 1220 Deum-

513 1250 593 1281 que,
619 1241 716 1271 melle
733 1241 881 1271 nutritus
908 1245 961 1271 est
978 1250 1017 1270 ae
1034 1232 1146 1278 lacie3
1169 1240 1217 1270 sic

514 1291 605 1321 enim
626 1291 799 1331 Theologi‚
825 1291 846 1322 i.
871 1300 901 1322 e.
929 1290 1049 1321 Po'etae
1077 1290 1216 1320 Graeco-

513 1351 599 1381 rum,
615 1347 763 1379 canunt3
789 1351 870 1381 ergo
886 1340 976 1371 aliud
995 1340 1111 1370 docuit
1128 1339 1218 1370 Aris-

514 1384 612 1430 taeus,
623 1402 670 1423 sc.
686 1392 862 1431 coagulum
875 1390 947 1421 fieri
961 1399 1003 1420 ex
1016 1390 1176 1427 mixtura,
1193 1399 1217 1419 s.

513 1446 551 1473 ut
578 1442 693 1473 Graeci
711 1447 847 1481 vocant,
870 1445 1020 1473 oramate
1046 1440 1155 1470 mellis
1183 1445 1217 1470 et

513 1492 624 1523 lactis.
670 1492 772 1523 Hunc
798 1492 819 1522 1.
846 1501 864 1522 a
891 1490 1025 1522 nemine
1052 1490 1215 1521 hactenus

512 1542 726 1574 intellectum
749 1542 908 1574 arbitror.
933 1542 1048 1573 Faber.
1094 1542 1217 1572 Emen-

513 1593 611 1632 dant,
633 1596 663 1623 et
679 1592 770 1622 lactis
784 1593 858 1623 adeo
873 1593 1015 1631 coagula.
1060 1592 1125 1622 Sed
1145 1601 1217 1632 par-

512 1643 628 1674 ticulae
645 1643 720 1673 adeo
736 1642 788 1673 hic
807 1642 901 1673 locus
931 1642 985 1672 vix
1010 1642 1216 1672 conveniens

514 1693 664 1732 videtur,
691 1703 716 1724 s.
746 1702 820 1733 per,
844 1692 958 1732 etiam,
981 1702 1006 1723 s.
1030 1692 1094 1722 alio
1118 1692 1217 1722 modo

512 1744 677 1784 explices.
723 1743 763 1774 Iu
786 1744 870 1775 Mss.
894 1747 947 1774 est
970 1754 1007 1774 ac
1027 1743 1162 1783 coaguli,
1184 1743 1216 1773 iu

514 1795 615 1826 editis
644 1794 803 1835 quibusd.
831 1798 861 1825 et
886 1794 1021 1834 coaguli,
1043 1804 1148 1835 quare
1165 1803 1218 1824 ar-

514 1846 625 1877 bitror
653 1846 744 1878 Just.
775 1846 951 1886 scripsisse
992 1849 1027 1876 ut
1067 1846 1157 1876 luctis
1187 1849 1217 1876 et

514 1897 647 1936 coaguli.
701 1896 933 1927 Subaudiend.
964 1901 1091 1935 autem,
1120 1905 1216 1926 usum

513 1947 708 1978 tradidisse.
731 1945 835 1984 Schef.
882 1946 958 1977 Olei
974 1955 1107 1987 quoque
1122 1956 1216 1976 usum

512 1997 684 2038 reperisse
702 1996 886 2027 Aristaeum
904 2000 1022 2026 auctor
1046 2000 1098 2039 est
1121 1995 1217 2025 Aris·

514 2052 579 2078 tot.
597 2057 651 2088 ap.
667 2047 779 2078 Schol.
795 2046 971 2077 Theocriti
994 2039 1164 2085 ad'ldyll.
1181 2054 1215 2076 v.

513 2100 568 2128 53.
601 2097 660 2128 ubi
701 2101 817 2128 narrat
854 2096 1018 2137 nymphas
1054 2095 1216 2126 nutriisse

514 2147 713 2186 Aristaeuni,
737 2152 771 2179 et
793 2147 950 2178 docuisse
975 2146 1040 2177 olei
1057 2152 1093 2177 et
1109 2145 1216 2176 mellis

513 2197 697 2237 colligendi
739 2206 849 2235 usum,
886 2196 1075 2227 Aristotele
1115 2200 1216 2227 teste.

515 2248 674 2278 Ceterum
688 2257 750 2289 pro
762 2247 852 2279 lactis
862 2249 902 2278 ad
916 2249 1045 2287 coagula
1056 2247 1217 2278 scribitur

513 2298 548 2328 in
558 2298 655 2330 Junt.
667 2298 757 2328 lactis
770 2298 966 2337 coagulandi,
980 2297 1070 2338 quod
1088 2297 1217 2337 longius

513 2347 646 2378 recedit
677 2358 696 2379 a
727 2348 876 2387 vestigiis
906 2353 1099 2378 ceterorum
1138 2347 1215 2377 libr.

514 2407 600 2438 quos
616 2404 806 2439 sequuntur
820 2398 941 2428 merito
956 2397 1113 2428 editores.
1140 2397 1217 2428 Luc·

516 2448 558 2478 tis
587 2458 659 2478 usus
688 2449 727 2478 ud
752 2449 880 2487 coagula
907 2453 973 2486 est,
1004 2447 1089 2478 ratio
1116 2447 1215 2477 lactis

513 2498 727 2539 cong-dandi,
740 2503 832 2530 etex
850 2498 994 2537 coagulo
1008 2507 1123 2528 caseos
1141 2506 1216 2537 pre-

514 2550 639 2581 mendi.
667 2551 752 2581 Nam
767 2550 925 2590 butyrum
939 2549 1108 2581 veteribus
1121 2549 1217 2580 Gra‘-

514 2600 564 2630 cis
581 2605 617 2631 et
634 2600 795 2631 Romanis
812 2599 876 2630 suit
892 2599 1054 2639 ignotum,
1081 2603 1116 2628 ut
1139 2608 1215 2629 con-

513 2653 580 2680 stat
598 2659 638 2680 ex
656 2648 880 2689 scriptoribus
899 2648 958 2679 Rei
974 2648 1136 2687 Rustica»,
1161 2648 1216 2688 qui

515 2701 602 2731 iliius
619 2700 818 2731 conficiendi
838 2700 961 2730 nuliam
980 2699 1110 2730 faciunt
1125 2709 1215 2729 meu—

513 2750 653 2789 tionem‚
686 2755 722 2781 et
753 2750 988 2781 vetustissimis
1017 2750 1215 2780 Graecorum

512 2800 750 2840 scriptoribus,
773 2800 828 2841 qui
843 2801 987 2840 Scythas
1012 2801 1062 2831 lac
1087 2800 1149 2830 hac
1166 2809 1216 2830 ra-

515 2850 604 2881 tione
644 2850 827 2890 coagulare
867 2850 1020 2888 tradunt,
1052 2855 1100 2887 et,
1125 2849 1215 2891 quod

513 2901 583 2940 ejus
604 2910 724 2932 nomeu
742 2900 956 2940 ignorabant,
980 2900 1138 2940 butyrum
1159 2909 1213 2930 vo-

977 344 1117 375 NOTAE
1152 344 1212 373 VA
1225 345 1413 375 RlORUM
1450 344 1498 374 ΙΝ

1270 440 1349 468 cant
1365 435 1466 467 ἔλαιον
1488 434 1656 474 γάλακτος,
1678 435 1777 465 oleum
1802 433 1902 474 lactis,
1923 433 1966 464 de

1271 497 1336 528 quo
1351 487 1430 517 alibi
1449 487 1555 527 plura.
1582 487 1688 516 Gra’v.

1313 537 1556 577 Solstitialesque
1575 539 1662 566 ortus
1674 534 1800 575 sideris,
1812 534 1879 574 ἔξω]
1903 533 1967 565 At-

1271 588 1327 627 qui
1350 597 1513 628 nusquam
1531 587 1610 618 mihi
1626 587 1751 617 lectum
1769 590 1834 622 est,
1857 585 1969 616 solsti-

1271 637 1318 667 tia
1347 638 1514 668 invenisse
1551 636 1747 668 Aristaeum.
1808 635 1908 668 Quod
1940 635 1969 666 si

1270 692 1372 726 esset,
1404 698 1444 718 ue
1472 688 1521 718 sic
1550 688 1684 728 quidem
1714 688 1762 718 ita
1786 692 1882 718 recte
1909 696 1968 717 ex-

1270 737 1482 777 primeretur.
1523 738 1679 768 Solstitia
1694 737 1783 768 euim
1799 736 1968 767 invenisse

1270 797 1308 818 ac
1353 788 1497 828 primum
1538 787 1737 818 observasse
1779 786 1966 818 diceretur.

1269 837 1453 867 Aristaeum
1469 837 1602 877 reperio
1616 838 1757 876 primum
1768 836 1967 867 observasse

1269 893 1363 918 ortus
1391 887 1459 918 sirii
1488 897 1514 918 s.
1543 887 1721 925 caniculae,
1746 891 1781 917 et
1804 886 1891 917 Ceos
1909 886 1968 916 do-

1268 938 1391 976 cuisse,
1408 938 1449 968 ad
1467 938 1537 978 ejus
1554 942 1664 967 ortum
1682 936 1914 974 attendentes,
1935 935 1966 966 ei

1267 988 1471 1019 sacrificare.
1504 990 1558 1019 De
1575 988 1637 1018 hoc
1654 988 1742 1018 inter
1755 996 1870 1017 omnes
1888 996 1968 1017 con·

1267 1038 1374 1069 venit.
1431 1039 1478 1069 Ut
1506 1038 1552 1070 id.
1581 1042 1740 1068 narretur
1770 1047 1789 1067 a
1817 1037 1968 1076 Justino,

1268 1093 1350 1128 puto
1369 1089 1401 1119 in
1417 1098 1457 1120 eo
1474 1088 1666 1129 corrigend.
1680 1091 1710 1118 et
1731 1087 1905 1118 solstitialis
1920 1097 1970 1117 or-

1267 1143 1317 1169 tus
1331 1140 1453 1171 sideris.
1498 1140 1566 1170 Per
1578 1140 1742 1170 solstitiale
1756 1139 1839 1169 sidus
1852 1144 1967 1179 putem

1268 1191 1413 1230 intelligi
1431 1191 1557 1230 sirium,
1581 1191 1661 1232 quia
1683 1200 1751 1220 non
1776 1190 1874 1230 longe
1891 1194 1969 1230 post

1268 1243 1450 1273 solstitium
1482 1244 1612 1273 oritur:
1658 1247 1693 1273 et
1728 1242 1737 1258 ⁴
1766 1241 1967 1272 solstitium'

1269 1294 1363 1324 Vett.
1381 1303 1445 1323 non
1473 1303 1533 1333 pro
1560 1297 1686 1333 puncto
1703 1294 1777 1332 ipso
1794 1302 1861 1333 quo
1878 1302 1968 1322 coul-

1268 1343 1426 1381 mittitur,
1450 1343 1617 1374 interdum
1646 1346 1874 1383 acceperunt:
1906 1341 1968 1373 sed

1269 1399 1304 1424 et
1330 1398 1438 1425 totum
1465 1403 1609 1424 inensem
1637 1394 1668 1424 ei
1696 1393 1841 1433 tempori
1868 1392 1969 1422 dede-

1269 1449 1358 1475 runt.
1408 1444 1550 1474 Poterat
1572 1444 1673 1474 etiam
1700 1443 1766 1483 legi
1792 1442 1970 1473 solstitiales

1267 1497 1354 1524 ortus
1375 1494 1456 1524 sirii.
1481 1494 1584 1524 saun.

1311 1543 1447 1582 Sideris]
1473 1543 1517 1574 H.
1541 1553 1569 1573 e.
1594 1543 1682 1581 solis,
1705 1541 1879 1582 ἐξαιρέτωςι
1903 1551 1969 1583 quo

1268 1591 1461 1631 significatu
1489 1592 1578 1624 Piiu.
1607 1592 1735 1631 Paneg.
1758 1595 1811 1623 29.
1841 1593 1849 1608 ‘
1868 1591 1969 1624 Quod

1270 1646 1358 1673 terra
1381 1642 1510 1682 genuit,
1531 1642 1618 1683 quod
1646 1642 1737 1673 sidus
1761 1642 1857 1679 aluit,
1880 1641 1969 1682 quod

1267 1702 1371 1723 annus
1389 1693 1492 1724 tulit:
1537 1693 1581 1723 Et
1596 1696 1648 1724 80.
1669 1694 1678 1709 ‘
1696 1692 1908 1724 Velm-issimi
1925 1692 1969 1723 si-

1267 1742 1356 1773 deris
1369 1753 1471 1782 more,
1486 1744 1596 1774 onmia
1610 1743 1776 1782 invisere,'
1787 1745 1852 1774 &a
1878 1742 1970 1774 Add.

1267 1793 1362 1833 Lips.
1394 1802 1431 1823 11.
1467 1794 1617 1834 Physiol.
1658 1793 1763 1824 Stoic.
1790 1793 1885 1824 Diss.
1916 1795 1968 1824 12.

1267 1843 1367 1875 Beru.
1411 1844 1552 1874 Salmas.
1573 1844 1651 1874 olim
1669 1843 1792 1875 Grotio
1807 1843 1896 1874 dixit
1912 1852 1969 1873 ex-

1266 1894 1418 1924 istimare
1444 1904 1480 1925 se
1509 1894 1674 1934 scriptum
1700 1904 1718 1924 a
1743 1893 1833 1925 Just.
1863 1892 1968 1924 fuisse

1265 1944 1494 1983 solstitialisque
1511 1947 1597 1974 ortus
1610 1943 1734 1983 sideris,
1756 1947 1791 1974 et
1808 1952 1870 1983 per
1883 1942 1970 1974 sidus

1265 1994 1429 2024 solstitiale
1469 1994 1612 2033 intelligi
1643 1994 1779 2032 Sirium,
1816 1992 1873 2034 qui
1900 2002 1968 2023 non

1265 2043 1364 2083 longe
1389 2047 1464 2083 post
1491 2043 1672 2074 solstitium
1699 2043 1828 2082 oritur;
1852 2043 1969 2084 itaque

1266 2098 1302 2124 et
1324 2103 1421 2133 posse
1448 2094 1513 2133 legi
1531 2094 1632 2124 etiam
1653 2093 1733 2124 Sirii
1756 2103 1817 2134 pro
1842 2092 1968 2124 sideris.

1268 2144 1351 2174 Fab.

1310 2196 1326 2235 ξ
1344 2197 1382 2225 ll
1404 2195 1523 2230 Quibus
1538 2195 1669 2233 auditis,
1685 2195 1815 2234 Battus,
1834 2194 1970 2234 virginis

1265 2245 1385 2275 nomine
1408 2255 1447 2275 ex.
1467 2246 1619 2285 responsis
1640 2246 1761 2284 agnito,
1785 2245 1889 2276 urbem
1907 2247 1969 2286 cy-

1266 2305 1357 2326 renen
1372 2295 1525 2335 condidit]
1551 2295 1652 2326 Hunc
1671 2305 1749 2327 vero
1765 2296 1786 2326 l.
1803 2305 1878 2326 esse
1895 2305 1970 2326 cor·

1266 2349 1402 2385 ruptum
1420 2355 1518 2375 nemo
1537 2355 1641 2386 usque
1655 2345 1764 2377 adhuc
1778 2345 1969 2386 suspicatus

1266 2394 1341 2434 fuit,
1354 2400 1388 2425 et
1406 2395 1453 2425 sic
1471 2400 1524 2425 cst
1541 2400 1667 2426 tamen.
1702 2396 1867 2434 Plinium,
1884 2395 1967 2426 illud

1266 2444 1400 2484 salsum,
1436 2446 1576 2476 Battum
1617 2446 1740 2485 puellae
1773 2455 1892 2476 nomen
1924 2454 1967 2476 ex

1268 2496 1440 2536 responsis
1461 2496 1680 2535 ‹·0gnovissc;
1704 2497 1804 2537 idque
1820 2497 1900 2527 satis
1917 2506 1971 2527 os-

1268 2546 1413 2576 tendunt
1430 2546 1503 2576 iure
1522 2546 1635 2584 verba,
1650 2547 1803 2578 ‘Quibus
1820 2545 1968 2577 auditis-⁹

1268 2597 1357 2636 Ergo
1374 2595 1447 2626 ha‘c
1466 2600 1558 2626 vetus
1574 2595 1661 2626 t'aima
1679 2596 1710 2626 in
1729 2605 1787 2626 ore
1807 2595 1968 2626 Afrorum

1267 2652 1351 2678 erat.
1397 2647 1487 2677 Dein
1519 2646 1732 2686 apertissime
1761 2645 1848 2676 dixit
1874 2645 1966 2677 Just.

1266 2698 1275 2713 ⁴
1289 2697 1373 2728 Cum
1388 2696 1559 2727 venissent
1573 2696 1605 2725 in
1617 2695 1789 2734 At'ricum‚’
1799 2698 1863 2727 διο.
1876 2696 1885 2712 ‘
1898 2695 1970 2735 opi-

1267 2747 1401 2777 nionem
1434 2747 1559 2776 veteris
1595 2744 1718 2776 fabulae
1751 2744 1968 2786 accipinut3'

1265 2796 1435 2838 (quaenam
1451 2797 1508 2827 illa
1522 2795 1637 2826 fabula
1651 2801 1723 2826 erat
1735 2796 1764 2834 ?)
1785 2797 1794 2812 ‘
1811 2796 1968 2836 Cyrenen

1267 2848 1398 2878 eximiae
1424 2846 1664 2887 pulcritudinis
1688 2845 1876 2887 virginem,’
1903 2848 1967 2877 &c.

1266 2899 1386 2939 Itaque
1404 2908 1497 2929 error
1514 2899 1547 2928 h.
1564 2898 1595 2928 iu
1614 2898 1633 2928 l.
1658 2897 1702 2929 sit
1730 2906 1868 2928 necesse
1894 2900 1947 2928 est
1963 2906 1972 2934 ;
