2174 3424
485 345 571 387 766

487 453 540 480 ret
552 448 573 480 :’
595 452 631 481 et
648 450 755 481 Lucas
770 450 901 491 Euang.
924 460 985 482 xx.
1001 454 1052 483 34.
1076 450 1115 482 Οἱ
1129 451 1186 483 υἱοὶ

486 500 540 530 τοῦ
556 498 660 531 αἰῶνος
682 499 793 530 τούτου
807 501 950 540 γαμοῦσι,
965 500 1015 532 καὶ
1040 501 1186 540 ἐκγαμίσ-

486 561 601 582 κονται.
658 551 757 581 Hanc
790 551 944 591 Philippi
989 552 1186 591 tragoediam

489 611 532 632 ex
572 601 782 632 Clitomacho
815 601 922 632 refert
950 612 1083 643 quoque
1114 603 1188 633 Sto-

486 651 579 682 baeus
592 651 698 682 Serm.
715 660 888 682 ccxmur.
906 662 939 692 p.
953 654 1026 683 814.
1052 652 1150 682 Gran.

529 701 544 740 §
566 703 584 731 3
607 700 660 731 Ad
691 710 816 741 quorum
835 702 1038 741 spectaculum
1065 701 1187 741 Philip-

485 751 556 792 pus]
592 750 696 790 Angl.
723 761 770 791 sp.
787 761 855 781 cum
878 752 941 782 Ph.
976 751 1088 782 Docet
1112 751 1186 781 haec

486 801 634 831 varietas
670 810 787 832 vocem
824 801 988 841 Philippus
1023 801 1186 832 insertam

486 850 542 881 hic
562 858 635 880 esse
652 859 693 880 ex
707 851 826 890 glossa.
854 850 911 880 Ita
922 850 1013 880 enim
1028 850 1084 880 alii
1097 854 1187 889 ante,

487 899 546 931 alii
565 904 642 939 post
664 899 941 940 conjunctionem
966 909 1122 939 posuere,
1138 900 1187 929 in-

488 950 574 980 certi
599 959 645 980 sc.
661 949 717 980 nbi
734 953 825 980 esset
840 948 1048 979 collocanda.
1097 948 1186 979 Sane

486 999 651 1039 Philippus
673 998 727 1028 hic
752 1003 788 1029 et
812 1008 889 1029 mox
913 998 1045 1038 ingrate
1064 998 1189 1037 repeti-

487 1053 554 1080 tur.
577 1047 680 1086 Schef.
726 1048 823 1080 Junt.
846 1049 887 1079 ad
914 1058 944 1088 q.
967 1057 1012 1087 sp.
1035 1047 1095 1079 ΡΙι.
1109 1048 1187 1079 sine.

487 1099 609 1131 Graev.

529 1152 546 1191 ξ
570 1154 590 1182 4
614 1150 803 1189 Pausanias]
841 1151 893 1181 De
911 1150 1059 1190 Philippi
1077 1154 1187 1181 morte

487 1201 556 1232 vid.
580 1200 688 1232 Arist.
712 1210 747 1232 v.
772 1201 877 1231 Polit.
906 1204 958 1231 10.
982 1201 1085 1232 Diod.
1110 1209 1189 1231 XXI.

486 1251 559 1292 (qui
574 1251 721 1281 nonnihil
737 1260 754 1281 a
774 1251 902 1281 Nostro
919 1251 1045 1290 variat)
1057 1250 1129 1281 Cic.
1145 1250 1187 1281 de

486 1301 573 1332 Fato
589 1303 621 1331 3.
645 1300 769 1331 AElian.
786 1300 827 1332 V.
840 1300 886 1331 H.
898 1308 953 1331 111.
969 1304 1038 1331 ext.
1049 1301 1123 1332 Val.
1136 1301 1187 1331 M.

486 1359 510 1380 1.
526 1354 557 1381 8.
594 1350 686 1381 Plut.
712 1349 813 1381 Alex.
831 1360 860 1381 c.
878 1353 930 1381 17.
949 1354 984 1381 et
1002 1350 1103 1381 Paus.
1124 1350 1188 1380 Ar-

486 1399 561 1430 cad.
586 1400 742 1438 Bongars.
789 1399 861 1431 Jos.
877 1408 929 1430 XI.
950 1399 1032 1430 Ant.
1054 1399 1137 1431 Jud.
1153 1403 1186 1431 8.

486 1451 576 1482 Κατὰ
600 1450 633 1482 δὲ
656 1453 768 1482 τοῦτον
787 1451 842 1483 τὸν
856 1451 958 1492 καιρὸν
972 1451 1023 1482 καὶ
1038 1451 1189 1482 Φίλιππος

485 1502 502 1531 ὃ
533 1503 594 1532 τῶν
618 1501 798 1532 Μακεδόνων
818 1501 967 1537 βασιλεὺς
993 1501 1025 1531 ἐν
1050 1500 1188 1540 Αἰγαίαις

485 1553 571 1593 [Ms.
596 1552 748 1593 Busbeq.
773 1551 897 1592 Αἰγαῖς]
925 1552 980 1583 ὑπὸ
1017 1552 1189 1583 Παυσανίου

483 1604 539 1634 τοῦ
552 1604 719 1643 Κεραστοῦ,
736 1604 770 1634 ἐκ
782 1602 814 1634 δὲ
829 1605 890 1634 τῶν
907 1604 1060 1644 Ὀρεστῶν
1069 1602 1188 1642 γένους,

485 1652 700 1692 δολοφονηθεὶς
722 1652 862 1685 ἀπέθανε.
917 1655 1008 1694 Nep.
1024 1654 1067 1684 de
1080 1655 1187 1694 Regg.

484 1707 516 1735 2.
542 1704 745 1744 ‘Philippus
761 1705 853 1743 lEgis
869 1714 889 1735 a
910 1704 1094 1743 Pausania,
1111 1714 1186 1735 cum

484 1757 677 1793 spectatum
694 1753 790 1785 ludos
810 1755 1002 1796 iret,juxta
1018 1755 1186 1786 theatrum

485 1803 614 1834 occisus
627 1802 704 1834 est.'

529 1853 691 1892 Diamque,
719 1852 789 1891 ἃς]
823 1853 903 1884 Tac.
940 1861 1014 1884 xvr.
1051 1851 1095 1884 A.
1135 1855 1184 1884 13.

484 1900 494 1917 ⁴
507 1902 572 1932 Tot
587 1900 794 1932 facinoribus
811 1901 935 1932 foedum
953 1912 1076 1933 annum
1102 1906 1185 1933 tem-

485 1951 675 1991 pestatibus
688 1955 722 1981 et
738 1951 860 1981 morbis
878 1951 1096 1991 insignivere.

529 2001 546 2040 ᾧ
571 2003 588 2030 5
615 2000 680 2030 Hic
696 2000 884 2039 Pausanias]
922 2001 1024 2041 Angli
1047 2011 1112 2031 non
1128 2002 1185 2032 ha-

487 2050 571 2081 bent
601 2050 698 2080 Paus.
728 2050 860 2082 remiss,
899 2050 986 2082 Nam
1004 2055 1039 2081 et
1054 2051 1118 2082 hoc
1141 2060 1184 2082 ex

487 2101 611 2140 glossa.
637 2099 742 2137 Scltef.

532 2149 642 2189 Cujus]
668 2149 721 2179 An
739 2149 871 2189 legend.
887 2148 962 2181 cui?
991 2150 1100 2181 Gron.

529 2200 546 2239 ξ
571 2202 591 2229 6
629 2199 830 2239 Perductum]
874 2200 941 2231 Ms.
980 2202 1184 2240 productum:

485 2248 623 2279 verbum
640 2249 680 2278 ad
700 2258 769 2279 rem
783 2249 1182 2281 accommodatissimum:

486 2302 619 2329 constat
635 2307 676 2328 ex
690 2298 802 2329 Plaut.
814 2303 849 2328 et
861 2299 1002 2330 Petron.
1027 2300 1183 2338 Bongars.

486 2348 560 2379 Imo
590 2357 668 2378 vero
698 2358 762 2387 ego
786 2350 969 2388 perductum
993 2349 1092 2390 longe
1109 2359 1185 2380 esse

486 2398 774 2430 accommodatius
791 2399 980 2438 contendo;
1002 2398 1080 2430 hinc
1096 2399 1184 2430 enim

485 2449 494 2465 ‘
509 2447 752 2488 perductores‚'
788 2450 989 2487 προαγωγεῖς,
1027 2449 1085 2489 qui
1121 2449 1184 2480 hoc

487 2497 648 2528 differunt
664 2506 683 2527 a
700 2497 891 2536 lenonibus,
903 2498 991 2538 quod
1003 2499 1012 2514 ‘
1025 2497 1182 2529 lenones’

486 2551 565 2578 sunt
581 2551 780 2586 scortorum,
803 2547 812 2563 ‘
826 2547 1064 2586 perductores'
1080 2548 1183 2579 etiam

485 2598 666 2628 invitarum
684 2606 917 2637 personarum,
940 2602 979 2628 ut
1001 2597 1105 2629 tradit
1121 2597 1184 2628 As-

487 2647 603 2677 conius
619 2646 653 2676 in
671 2646 754 2676 illud
772 2647 843 2678 Cic.
864 2648 963 2678 Verr.
980 2655 1005 2678 1.
1022 2650 1072 2678 12.
1095 2647 1106 2664 ‘
1120 2647 1183 2677 Le-

486 2707 621 2736 lmnum,
638 2696 878 2736 perductorum
893 2697 914 2728 :’
939 2697 972 2727 in
988 2706 1054 2737 quo
1070 2696 1183 2737 lepide

486 2747 568 2778 lusit
583 2746 727 2776 Plautus
743 2747 846 2778 Most.
862 2756 915 2777 111.
931 2749 963 2778 2.
981 2749 1073 2777 157.:
1095 2755 1184 2784 nam,

486 2806 562 2828 cum
591 2805 696 2826 senex
729 2805 842 2828 senem
878 2796 1182 2837 inspecturientem

487 2849 577 2879 aedcs
601 2857 677 2878 suas
704 2848 968 2889 interrogasset:
992 2849 1002 2867 ‘
1017 2848 1097 2880 vin’
1124 2847 1182 2889 qui

487 2898 669 2939 perductet
682 2898 703 2928 θ’
730 2899 912 2939 respondet
929 2900 1035 2931 alter:
1060 2899 1069 2916 ‘
1083 2899 1181 2930 Erra-

945 358 1085 388 NOTAE
1117 358 1382 390 VARIORUM
1416 360 1468 389 IN

1235 451 1279 483 bo
1297 452 1410 492 potius
1428 461 1524 493 quam
1541 452 1724 493 perductet
1742 452 1935 494 quispiam.’

1235 503 1373 533 Medius.
1407 502 1497 533 Add.
1512 503 1672 535 Torrent.
1688 504 1730 535 ad
1745 505 1838 535 Suet.
1850 504 1936 535 Ves-

1235 564 1306 595 pas.
1321 558 1373 586 22.
1390 556 1514 587 Pithoei
1531 555 1621 588 Adv.
1638 566 1677 588 11.
1695 560 1745 587 17.
1768 557 1868 587 Rern.

1281 605 1488 636 convivarum
1519 606 1656 645 libidini,
1688 608 1771 637 velut
1801 609 1936 636 scortum

1234 653 1294 684 vile
1307 654 1491 693 subjecerat]
1516 655 1624 686 Paulo
1637 655 1787 686 nasutior
1798 654 1937 695 viderit,

1235 703 1321 734 hanc
1337 713 1411 734 esse
1436 703 1658 736 deformatam
1683 706 1764 736 lect.
1810 704 1850 735 In
1867 714 1937 736 om-

1235 753 1333 784 nibus
1359 753 1433 784 fere
1459 754 1597 794 scriptis
1624 754 1725 786 codd.
1757 754 1939 793 legebatur

1235 813 1339 834 verum
1359 807 1529 834 scortorum
1548 804 1633 842 jure.
1678 804 1778 835 Unde
1794 813 1858 844 ego
1880 813 1939 834 ve-

1236 862 1307 883 ram
1333 853 1411 884 lect.
1427 854 1623 893 expiscatus
1640 863 1733 884 sum:
1759 863 1844 884 conv.
1861 853 1939 884 lubi-

1235 902 1303 933 dini
1318 902 1436 933 ebrium
1450 906 1619 933 scortorum
1625 903 1702 942 jure
1721 903 1799 941 subj.
1837 903 1937 933 Scor-

1236 956 1347 982 torum
1364 952 1455 992 jure,
1482 953 1512 984 h.
1529 962 1558 994 e.
1575 963 1681 984 inore.
1727 953 1816 984 Flor.
1840 961 1865 984 1.
1884 955 1938 984 17.

1237 1001 1281 1032 de
1299 1002 1406 1032 Fabio
1422 1002 1518 1032 Max.
1543 1002 1682 1042 ‘Captis
1707 1002 1938 1042 superioribus

1230 1051 1333 1091 jugis,
1346 1052 1379 1081 in
1401 1051 1576 1091 subjectos
1592 1062 1651 1082 suo
1663 1052 1743 1092 jure
1759 1050 1941 1083 detonuit?

1236 1101 1367 1132 Iterum
1398 1110 1455 1132 111.
1484 1104 1537 1132 17.
1570 1101 1849 1132 ‘Peculabantur
1877 1110 1938 1132 suo

1232 1151 1313 1191 jure
1343 1150 1463 1192 remp.’
1510 1151 1609 1182 Hanc
1640 1152 1724 1183 lect.
1758 1150 1938 1182 confirmat

1239 1200 1343 1230 Diod.
1354 1200 1523 1237 “Avi-ramos,
1539 1199 1582 1231 εἷς
1604 1199 1644 1230 ὢν
1657 1202 1719 1231 τῶν
1733 1200 1764 1239 ἐξ
1776 1199 1871 1236 αὐλῆς
1886 1199 1938 1230 καὶ

1236 1248 1317 1280 πολὺ
1331 1249 1499 1288 δυναμένων
1520 1251 1601 1291 παρὰ
1620 1252 1665 1290 τῷ
1676 1251 1812 1288 βασιλεῖ,
1828 1249 1937 1281 ἐκάλε-

1237 1309 1293 1328 σεν
1313 1299 1362 1329 ἐπὶ
1388 1301 1509 1330 δεῖπνον
1526 1299 1582 1331 τὸν
1603 1299 1789 1339 Παυσανίαν,
1807 1299 1868 1337 καὶ,
1883 1312 1940 1330 πο-

1236 1348 1294 1379 λὺν
1309 1349 1482 1390 ἐμφορήσας
1498 1349 1641 1391 ἄκρατον,
1656 1350 1828 1391 παρέδωκεν
1842 1350 1937 1381 αὐτοῦ

1235 1398 1274 1428 τὸ
1303 1402 1390 1437 σῶμα
1417 1401 1482 1431 τοῖς
1509 1400 1690 1441 ὀρεοκόμοις,
1716 1399 1758 1432 εἷς
1780 1400 1865 1441 ὕβριν
1886 1400 1938 1432 καῖ

1236 1448 1393 1488 παροινίαν
1405 1448 1568 1489 ἑταιρικήν.
1593 1450 1680 1480 Voss.

1278 1499 1439 1540 AEquales]
1482 1498 1702 1540 Antiquiores
1737 1498 1816 1530 edd.
1844 1509 1937 1540 coaeq.

1239 1549 1405 1588 quomodo
1436 1557 1582 1580 xxxvn.
1621 1551 1653 1580 4.
1685 1551 1714 1579 1.
1760 1550 1870 1589 Bong.
1900 1554 1937 1580 et

1239 1597 1406 1629 Bernecc.
1437 1598 1589 1630 edidere.
1634 1598 1700 1629 Sed
1725 1609 1783 1639 (τᾳ.
1805 1600 1940 1640 elegan-

1238 1647 1305 1678 tius
1329 1652 1401 1679 est:
1433 1648 1549 1689 itaque
1579 1658 1694 1679 rursus
1718 1649 1752 1679 in
1779 1649 1800 1680 1.
1828 1649 1937 1680 altero

1237 1697 1322 1738 ipsae
1361 1699 1427 1730 illae
1458 1700 1667 1741 antiquiores
1693 1700 1771 1731 edd.
1799 1700 1938 1732 habent.

1242 1748 1315 1780 Vor.

1280 1799 1298 1839 ᾧ
1322 1801 1340 1830 7
1366 1799 1458 1830 Hanc
1467 1809 1544 1838 rem,
1560 1799 1630 1840 gu]
1651 1799 1788 1831 Saresb.
1803 1809 1886 1833 vul.
1901 1805 1934 1834 5.

1237 1859 1270 1889 p.
1297 1851 1369 1880 545.
1393 1850 1401 1866 ‘
1417 1849 1603 1881 Pausanias
1626 1860 1702 1881 cum
1727 1850 1936 1883 Hermoclea

1236 1902 1480 1938 percunctatus
1495 1903 1585 1930 esset
1601 1909 1747 1940 quonam
1767 1901 1867 1932 modo
1880 1911 1935 1932 su-

1236 1949 1309 1980 bito
1337 1950 1446 1980 clarus
1464 1953 1578 1989 posset
1604 1951 1762 1991 evadere,
1784 1957 1888 1993 atque
1905 1952 1934 1983 is

1235 1999 1481 2039 respondisset,
1509 1999 1560 2030 ‘si
1583 2000 1766 2031 occidisset
1787 2001 1934 2042 aliquem

1234 2050 1343 2080 virum
1369 2050 1547 2088 illustrem,
1577 2048 1729 2080 futurum
1756 2054 1793 2081 ut
1815 2050 1848 2081 in
1865 2051 1935 2092 glo·

1234 2099 1318 2130 riam
1343 2099 1415 2139 ejus
1431 2099 1464 2130 id
1481 2100 1589 2140 ipsum
1605 2100 1836 2140 redundaret,'
1855 2111 1935 2133 con-

1235 2149 1330 2180 tinuo
1362 2149 1557 2189 Philippum
1584 2149 1778 2188 interemit3
1802 2154 1838 2182 et
1861 2152 1936 2191 qui-

1235 2198 1312 2229 dem
1339 2198 1428 2239 quod
1470 2199 1619 2238 petierat
1656 2204 1827 2231 assecutus
1869 2205 1934 2232 est.

1236 2249 1324 2279 Nam
1342 2253 1377 2279 et
1392 2258 1427 2279 se
1445 2249 1627 2288 parricidio
1645 2254 1762 2280 notum
1787 2251 1934 2290 posteris

1235 2298 1387 2336 tradidit,
1404 2302 1440 2328 et
1456 2298 1582 2328 celebri
1594 2299 1762 2338 supplicio
1778 2299 1936 2340 patibuli,

1235 2348 1289 2379 cui
1321 2347 1437 2378 affixus
1463 2352 1526 2387 est,
1551 2357 1676 2378 corona
1697 2358 1810 2388 aurea,
1834 2358 1933 2390 quam

1235 2397 1406 2438 Myrtalis,
1423 2407 1497 2438 quae
1515 2402 1550 2428 et
1565 2397 1743 2438 Olympias
1760 2398 1854 2429 dicta
1869 2402 1935 2439 est,

1235 2448 1341 2488 capiti
1368 2447 1441 2488 ejus
1462 2447 1641 2488 pendentis
1662 2447 1836 2487 imposuit,
1860 2448 1934 2478 nul-

1234 2500 1301 2530 lum
1331 2498 1434 2529 dante
1461 2498 1630 2528 solatium.
1676 2498 1716 2528 In
1744 2498 1930 2529 vindictam

1234 2553 1347 2580 tamen
1364 2547 1538 2588 pudicitiae
1565 2556 1625 2587 per
1639 2547 1792 2588 injuriam
1810 2548 1933 2587 prosti-

1233 2602 1331 2638 tutae,
1362 2598 1521 2638 Philippo
1558 2606 1623 2627 non
1663 2596 1828 2637 puniente
1870 2597 1932 2628 sed

1233 2648 1413 2678 deridente
1439 2646 1609 2687 injuriam,
1636 2650 1764 2686 potest,
1789 2650 1931 2677 auctore

1232 2697 1354 2737 Trogo,
1374 2697 1585 2737 aliquatenus
1609 2695 1778 2735 sacrilegii
1800 2696 1931 2726 crimen

1233 2746 1410 2778 excusarL'
1453 2746 1574 2777 Priora
1591 2745 1772 2785 descripsit
1795 2755 1837 2776 ex
1853 2745 1930 2778 Val.

1234 2797 1283 2828 M.
1297 2806 1377 2828 vui.
1395 2798 1445 2827 14.
1472 2800 1542 2827 ext.
1563 2798 1594 2827 4,
1612 2805 1666 2836 ap.
1690 2805 1788 2836 quem
1805 2795 1930 2836 legitur

1232 2848 1242 2865 ‘
1259 2851 1497 2888 perconctatus
1509 2846 1530 2878 :’
1547 2851 1583 2877 et
1598 2847 1607 2863 ‘
1622 2850 1659 2877 ut
1675 2845 1782 2886 gloria
1796 2845 1868 2885 ejus
1885 2844 1930 2876 ad

1232 2897 1341 2937 ipsum
1365 2895 1570 2928 redundaret
1585 2895 1606 2927 :'
1632 2900 1666 2927 et
1684 2895 1876 2927 ‘tamenim
1889 2903 1927 2927 se
