2101 3419
761 377 810 408 IN
846 376 1112 408 JUSTINUM.

253 472 313 504 Pro
328 473 562 515 (prodeserere)
577 473 629 511 xii,
642 478 674 511 5,
686 477 738 507 10.
748 475 808 512 xix,
819 478 852 512 3,
866 478 906 507 10

208 514 282 556 (pro
299 517 427 553 tradere,
443 517 593 557 scribere)
616 517 720 553 xxviii,
735 521 768 554 4,
783 521 821 550 14
836 528 905 558 pro-

209 559 282 588 dere
298 559 450 589 memoriae
465 559 584 599 (idem)
601 560 654 596 xii,
666 563 697 596 6,
712 563 750 591 17
768 560 906 591 Freinsh.

209 601 338 640 prodere
352 601 518 631 exercitum
534 602 590 632 sibi
605 603 754 633 creditum
769 602 861 634 alicui
883 602 906 639 i,

210 645 261 678 10,
290 646 343 674 22.
380 643 443 679 xiii,
467 646 499 680 8,
525 647 543 675 5
581 644 684 684 prodit
709 655 814 675 recens
837 655 906 675 cera

206 685 312 714 dolum
336 685 367 721 ii,
386 688 436 722 10,
453 688 493 717 14
515 696 578 716 11011
588 686 738 717 immerito
750 687 906 727 proditum

207 731 254 756 est
269 727 439 767 (memoriae
451 727 542 768 puta)
553 729 586 764 ii,
599 731 651 764 10,
670 732 708 760 19
720 730 906 760 documenta

207 769 332 808 pietatis
348 770 551 809 prodiderunt
563 770 806 811 magnitudinem
837 770 905 811 ejus

206 811 338 841 futuram
362 812 395 847 ii,
423 815 475 848 15,
502 815 542 843 18
569 814 698 853 prodere
712 813 775 843 fata
791 813 905 844 civium

205 853 359 893 (aperire)
380 853 426 889 iii,
439 857 472 890 4,
486 857 524 885 14
549 855 677 895 prodere
691 856 796 886 urbem
812 855 906 886 alicui

205 896 280 936 (pro
294 896 432 935 tradere)
453 907 485 933 v,
511 900 543 932 3,
570 900 590 928 8
627 897 747 928 sceleris
775 898 904 929 consilia

205 937 258 973 vii,
274 941 306 973 4,
322 941 341 968 7
376 948 439 968 non
465 939 593 978 prodere
617 950 798 980 responsum
823 941 904 981 (non

205 979 382 1020 divulgare)
404 980 468 1016 viii,
483 984 516 1018 4,
532 984 571 1012 ll
596 983 724 1022 prodere
738 983 904 1022 imperato-

205 1032 267 1052 rem
279 1033 367 1052 suum
383 1023 467 1063 (pro,
484 1023 565 1053 hosti
580 1023 714 1065 tradere)
737 1024 798 1060 xiv,
813 1027 845 1061 4,
863 1029 903 1057 16

204 1065 333 1104 prodere
347 1075 410 1094 rem
425 1066 648 1105 magistratibus
664 1067 736 1106 (pro
750 1067 903 1107 indicare)

204 1106 266 1142 xxi,
281 1110 313 1142 4,
329 1109 348 1137 4
372 1108 500 1146 prodere
515 1107 648 1148 aliquem
663 1111 737 1149 (pro
763 1110 903 1140 manifes-

206 1149 287 1189 tare)
310 1149 371 1185 xxi,
386 1152 419 1185 4,
433 1152 454 1180 6
478 1150 617 1189 proditur
643 1150 702 1192 (sc.
731 1151 902 1192 memoriae)

206 1191 275 1220 urbs
289 1192 328 1220 ab
344 1192 447 1231 aliquo
461 1197 580 1221 servata
603 1192 706 1227 xxviii,
722 1195 754 1227 4,
768 1196 808 1224 14
832 1204 903 1233 pro-

205 1233 288 1262 ditur
301 1233 426 1263 Titanas
442 1233 554 1263 bellum
571 1235 698 1274 gessisse
725 1235 798 1271 xliv,
822 1238 853 1271 4,
884 1239 900 1268 1

204 1275 344 1315 proditus
372 1276 445 1316 (pro
476 1276 689 1317 manifestato)
731 1277 791 1313 xxi,
820 1281 853 1314 4,
881 1281 902 1309 6

203 1318 307 1349 Vorst.
329 1318 484 1358 proditum
501 1318 577 1360 (1100
591 1324 650 1355 est,
677 1318 842 1361 scriptum)
868 1319 902 1357 ii,

206 1363 258 1396 10,
276 1363 316 1391 19
340 1360 476 1390 Freinsh.

248 1403 399 1433 Prodesse
421 1402 474 1438 xii,
491 1405 523 1438 6,
540 1405 581 1434 17

246 1445 426 1486 Prodigium
451 1455 500 1481 xv,
516 1447 549 1480 4,
579 1447 630 1476 18.
664 1456 734 1481 111111,
749 1447 781 1482 4,
797 1447 828 1476 4.
860 1446 901 1482 xl,

202 1490 236 1522 2,
262 1490 279 1518 1
318 1487 526 1527 prodigiorum
552 1487 762 1528 sagacissimus
798 1489 901 1525 xxxvi,

202 1533 234 1564 2,
252 1532 272 1560 8
294 1529 433 1569 prodigia
448 1529 521 1570 (pro
536 1529 706 1569 ominibus)
730 1530 782 1565 xii,
807 1533 859 1567 16,
880 1534 901 1562 4

202 1571 340 1602 Freinsh.
364 1572 516 1612 prodigia,
528 1583 597 1613 quae
608 1573 640 1602 in
654 1571 820 1603 Alexandri
834 1578 901 1603 ortu

202 1624 332 1644 evenere
354 1615 406 1650 xii,
424 1617 475 1650 16,
489 1617 520 1646 4.
536 1620 554 1646 5
581 1620 612 1645 et
633 1618 655 1645 6
677 1625 745 1655 quae
770 1615 903 1646 Hieroni

203 1657 355 1687 obvenere
377 1657 507 1692 xxiii,4,
522 1660 543 1688 9
569 1662 599 1687 et
628 1660 667 1689 10
687 1658 720 1687 in
744 1662 811 1687 ortu
836 1658 901 1688 Mi-

203 1699 345 1728 thridatis
367 1700 478 1735 xxxvii,
493 1702 525 1735 2,
541 1703 561 1730 2

245 1741 374 1772 Prodire
395 1741 448 1777 xii,
466 1744 517 1776 10,
532 1745 551 1773 5
581 1741 702 1782 prodire
726 1751 782 1782 per
804 1742 904 1783 regio-

202 1793 272 1814 nem
296 1783 419 1818 xxxviii,
431 1787 463 1819 4,
480 1787 520 1814 10

245 1826 401 1855 Proditio:
420 1836 473 1865 per
480 1825 685 1866 proditionem
698 1824 781 1866 capti
795 1825 835 1861 xi,
849 1829 902 1863 10,

204 1870 244 1899 14
268 1868 371 1898 traditi
392 1867 466 1904 xxii,
482 1871 513 1903 3,
527 1871 546 1899 3

245 1910 389 1940 Proditor
411 1910 482 1946 xxii,
498 1913 529 1946 3,
545 1913 576 1940 3.
609 1909 689 1945 xxxi,
713 1911 746 1945 4,
773 1912 794 1940 9
823 1909 901 1952 (1100

201 1956 259 1987 est,
276 1952 428 1992 desertor)
451 1952 523 1988 xxii,
539 1955 571 1988 8,
587 1954 627 1983 12
651 1951 787 1982 Freinsh.

246 1994 419 2024 Producere
435 1994 531 2025 aciem
554 1995 595 2030 xi,
614 1997 665 2030 13,
681 1997 698 2024 1
735 1993 900 2025 exercitum

202 2035 235 2066 in
263 2037 361 2067 aciem
382 2048 452 2073 111111,
467 2040 498 2071 4,
515 2040 536 2067 6
558 2037 710 2076 producto
735 2035 767 2066 in
795 2037 901 2068 conci-

203 2089 294 2109 onem
306 2083 430 2109 auctore
452 2079 492 2114 xi,
508 2082 540 2115 2,
557 2082 577 2109 8

245 2121 385 2151 Profer-re
400 2121 480 2152 diem
496 2121 536 2151 de
551 2120 602 2151 die
617 2120 694 2162 (hoc
711 2124 768 2155 est,
784 2120 824 2150 de
848 2120 900 2152 die

201 2162 235 2192 in
250 2163 331 2193 diem
347 2163 468 2194 differre
483 2162 659 2203 negotium)
674 2162 708 2198 ii,
720 2166 773 2198 15,
788 2166 809 2193 6
823 2163 900 2194 fines

200 2204 276 2246 (hoc
292 2211 349 2242 est,
366 2206 542 2241 extendere,
557 2204 718 2245 ampliare)
740 2204 793 2240 xli,
810 2208 842 2241 1,
859 2208 897 2237 11

200 2247 361 2288 imperium
397 2249 450 2284 vii,
478 2251 510 2284 1,
540 2251 559 2279 4
596 2247 734 2277 Freinsh.
767 2247 900 2286 proferre

200 2289 278 2320 fines
306 2290 425 2330 imperii
447 2291 511 2326 i,1,
527 2292 559 2321 3.
582 2301 631 2324 xx,
649 2292 680 2325 1,
693 2292 713 2320 2
737 2289 899 2329 prolatam,

201 2332 280 2361 sicut
307 2337 372 2362 erat
397 2337 569 2367 catenatus,
607 2341 730 2361 manum
765 2332 901 2362 ostendit

200 2373 262 2408 xiV,
278 2376 310 2410 4,
326 2377 344 2405 l
361 2374 480 2414 prolato
494 2374 598 2404 indice
609 2383 677 2403 eam
689 2373 789 2414 arguit
799 2374 898 2410 xxxix,

243 2457 400 2488 Profectio
423 2456 476 2493 xii,
491 2460 523 2494 1,
538 2460 569 2488 6.
590 2455 675 2493 xxiii,
689 2459 722 2492 2,
737 2459 790 2488 12.
816 2457 898 2493 xxvi,

204 2502 235 2537 l,
250 2503 271 2530 6

244 2541 389 2572 Profecto
411 2541 444 2578 ii,
460 2544 491 2578 1,
508 2543 559 2573 17.
593 2540 626 2576 11,
649 2543 682 2577 2,
698 2543 750 2572 12.
778 2540 831 2577 xii,
845 2543 898 2578 16,

243 2625 440 2657 Professione
466 2629 573 2666 aperta
598 2624 713 2656 bellum
739 2634 845 2666 parare
867 2636 898 2662 v,

246 2710 400 2741 Proficere
422 2709 476 2746 xii,
490 2712 543 2745 11,
559 2711 579 2740 8

243 2753 404 2784 Proficisci
417 2753 449 2782 in
466 2752 578 2782 bellurn
601 2751 634 2787 ii,
652 2753 703 2786 11,
719 2754 740 2782 9
762 2750 794 2780 111
815 2751 898 2791 lega-

202 2795 317 2826 tionem
339 2794 373 2830 ii,
390 2798 442 2831 15,
458 2798 478 2823 6
492 2794 694 2835 proficiscitur
708 2793 818 2823 tacitus
833 2794 899 2830 viii,

201 2840 234 2874 3,
261 2841 282 2868 9
319 2837 454 2879 (Nostri,
480 2846 515 2868 er
542 2836 635 2868 reiset
661 2845 742 2875 weg,
771 2836 898 2876 daven).

202 2881 306 2920 quoad
334 2880 575 2920 proficisceretur
611 2878 695 2913 xviii,
717 2882 750 2914 6,
776 2881 796 2909 9
831 2878 899 2919 (Ita

202 2923 268 2953 siue
284 2923 407 2953 nomine
423 2922 482 2953 loci
497 2922 536 2953 ad
562 2931 654 2963 quem
678 2920 749 2958 itur,
774 2921 897 2952 verbum

1581 367 1655 408 cix

958 476 1017 506 hoc
1033 474 1211 516 usurpatur)
1239 474 1343 506 Vorst.
1376 474 1531 517 profectus
1560 485 1654 516 regno

955 518 1042 559 (pro,
1057 528 1093 548 ex
1109 517 1220 558 regno)
1233 518 1346 555 xxxvii,
1361 521 1393 555 4,
1409 521 1428 550 4
1452 517 1588 548 Freinsh.

1000 560 1139 590 Profiteri
1156 560 1220 597 viii,
1236 565 1267 596 5,
1284 564 1335 592 11.
1349 572 1398 596 xx,
1412 563 1444 596 2,
1455 564 1476 592 6
1501 561 1656 600 professus

955 600 1111 642 (passive)
1134 602 1197 638 viii,
1212 605 1244 639 4,
1259 605 1279 633 4
1303 603 1455 643 professus
1478 602 1656 641 ludimagis-

955 647 1035 674 trum
1056 645 1118 681 xxi,
1134 648 1165 681 5,
1181 648 1201 676 8
1224 644 1377 685 professus
1392 656 1425 676 se
1440 645 1558 675 hostem
1573 645 1654 680 xxix,

954 688 986 722 4,
1004 689 1021 716 l

997 727 1172 768 Profligatis
1200 728 1290 758 rebus
1314 729 1389 770 (hoc
1423 733 1480 764 est,
1518 727 1654 770 afflictis)

954 769 1027 805 xxii,
1054 773 1085 805 8,
1118 772 1134 801 1
1172 770 1197 799 F
1199 770 1310 800 reinsh.
1347 769 1652 811 Carthaginiensibus

953 811 1039 847 xxiii,
1056 814 1088 848 3,
1102 814 1121 843 8
1143 812 1337 853 profligatum
1352 817 1471 842 tantum
1488 813 1519 842 in
1539 812 1652 852 juven-

953 858 1019 884 tute
1045 853 1101 894 (de
1127 854 1215 884 malis
1232 854 1366 885 moribus
1391 854 1536 893 sublatis)
1552 866 1601 890 1111,
1617 858 1649 890 4,

954 899 993 928 13
1019 896 1123 926 Vorst.
1138 896 1334 937 profligatum
1356 897 1471 927 bellurn
1492 897 1574 934 xxxi,
1587 900 1619 934 7,
1633 900 1652 929 3

997 938 1159 969 Profluens
1175 939 1268 969 sudor
1289 950 1339 975 XV,
1351 942 1384 975 4,
1398 943 1438 971 17

996 980 1163 1021 Profugere
1197 981 1290 1018 xxxii,
1317 984 1349 1017 4,
1378 985 1410 1013 2.
1443 981 1544 1017 xxxix,
1573 983 1605 1017 3,
1633 984 1654 1012 9

951 1023 1022 1063 (pro
1038 1023 1245 1065 transfugere)
1266 1024 1331 1060 xiii,
1347 1027 1378 1061 8,
1394 1026 1414 1055 2
1438 1023 1574 1054 Freinsh.
1590 1023 1654 1060 xlii,

952 1069 984 1101 5,
1000 1068 1021 1096 6

995 1107 1149 1148 Profugus
1172 1107 1264 1144 xxvii,
1277 1110 1309 1145 3,
1320 1111 1341 1139 9
1357 1107 1556 1149 profugorum
1572 1108 1655 1139 resu

974 1149 1001 1178 ia
1024 1149 1065 1184 xi,
1081 1152 1114 1185 4,
1127 1152 1149 1180 9

952 1158 971 1189 g
995 1190 1155 1221 Profundo
1171 1192 1334 1222 submersae
1350 1196 1436 1223 terrae
1458 1192 1491 1228 ii,
1509 1194 1540 1228 1,
1556 1194 1597 1223 17

995 1233 1188 1263 Profundum
1204 1239 1290 1264 terrae
1304 1234 1442 1264 foramen
1465 1234 1546 1270 xxiv,
1572 1237 1605 1270 6,
1630 1237 1651 1265 9

952 1275 1107 1315 profunda
1134 1276 1272 1306 barbaria
1294 1277 1358 1313 xlii,
1373 1279 1405 1312 2,
1423 1279 1462 1307 10
1497 1277 1654 1317 profunda

952 1327 1130 1357 camporum
1152 1318 1205 1354 xli,
1221 1321 1249 1354 1,
1266 1321 1301 1349 11

994 1360 1143 1400 Progredi
1157 1360 1189 1390 in
1204 1361 1294 1391 fietus
1315 1359 1369 1396 xii,
1385 1363 1417 1396 6,
1441 1363 1461 1391 8
1492 1360 1525 1390 in
1551 1360 1653 1400 publi-

952 1410 1021 1431 cum
1045 1402 1077 1437 ii,
1094 1405 1125 1438 8,
1141 1405 1160 1433 7
1191 1402 1304 1434 cultius
1333 1402 1477 1442 progredi
1503 1402 1653 1443 (subaud.

951 1442 984 1472 in
1014 1444 1190 1485 publicum)
1224 1445 1269 1482 iii,
1285 1449 1317 1481 3,
1333 1449 1351 1476 5
1375 1445 1479 1476 Vorst.
1508 1446 1653 1486 progredi

951 1486 990 1515 ad
1007 1486 1198 1526 colloquium
1220 1498 1250 1523 v,
1263 1491 1316 1523 10,
1329 1490 1350 1518 9

994 1527 1161 1560 Prohibere
1189 1529 1262 1570 (pro
1285 1528 1491 1569 intercedere)
1513 1539 1545 1565 v,
1561 1532 1614 1565 11,
1629 1531 1651 1561 4

952 1569 1085 1610 aliquem
1100 1572 1139 1601 ab
1163 1578 1289 1612 aspectu
1305 1577 1336 1602 et
1351 1571 1506 1611 colloquio
1527 1571 1652 1602 alterius

952 1612 1030 1652 (hoc
1059 1619 1117 1649 est,
1139 1624 1202 1643 non
1225 1614 1387 1645 admittere
1414 1614 1453 1644 ad
1479 1619 1652 1654 aspectum,

950 1654 1027 1694 &c.)
1052 1655 1092 1691 vi,
1109 1658 1141 1691 2,
1169 1659 1208 1687 13
1232 1657 1359 1687 transitu
1381 1656 1403 1692 i,
1431 1659 1462 1691 8,
1488 1659 1508 1687 2
1544 1656 1653 1689 Vorst.

952 1696 1084 1737 Scythas
1110 1699 1148 1728 ab
1164 1699 1308 1740 AEgypto
1333 1698 1463 1738 paludes
1488 1698 1654 1737 prohibent

951 1737 984 1775 ii,
1001 1742 1031 1775 3,
1049 1742 1088 1770 14
1111 1741 1273 1780 1110111110
1291 1741 1406 1770 finibus
1433 1741 1465 1776 ii,
1482 1744 1513 1775 5,
1529 1743 1560 1771 3.
1590 1740 1652 1777 xiv,

950 1785 982 1815 5,
998 1785 1018 1812 9
1040 1791 1165 1812 accessu
1188 1783 1261 1819 xliv,
1277 1786 1308 1818 3,
1327 1786 1343 1814 1
1380 1782 1534 1823 prohiberi
1548 1783 1652 1814 edicto

950 1823 1081 1864 alicujus
1097 1824 1213 1864 aliquid
1229 1825 1330 1855 facere
1346 1836 1376 1861 V,
1389 1828 1421 1860 9,
1433 1827 1454 1855 4
1481 1825 1519 1854 ab
1534 1836 1653 1866 expug-

949 1866 1075 1897 natione
1092 1867 1155 1896 saxi
1171 1872 1256 1897 terrae
1271 1872 1358 1897 motu
1380 1867 1432 1902 xii,
1447 1869 1480 1902 7,
1502 1869 1543 1898 12
1580 1877 1652 1908 pro-

949 1907 1046 1938 hiberi
1070 1909 1102 1938 in
1119 1915 1319 1949 conspectum
1346 1909 1449 1939 venire
1471 1909 1535 1944 xiV,
1550 1912 1583 1945 4,
1609 1912 1649 1941 21

949 1950 1111 1989 prohibere
1126 1957 1314 1982 commeatus
1336 1950 1420 1987 xviii,
1437 1954 1469 1987 7,
1485 1954 1505 1982 6
1543 1952 1653 1981 transi-

950 1996 1014 2021 tum
1037 1993 1118 2028 xxix,
1133 1995 1166 2029 4,
1181 1996 1202 2024 4
1236 1994 1321 2034 quod
1345 1994 1376 2024 in
1406 1993 1474 2023 aliis
1497 1994 1651 2034 prohibet,

948 2032 1016 2074 ipse
1031 2040 1078 2064 est
1099 2035 1175 2071 xliii,
1196 2039 1229 2071 2,
1245 2039 1266 2066 9

992 2076 1149 2116 Projicere
1174 2088 1206 2107 se
1233 2077 1265 2107 in
1294 2078 1410 2107 undam
1433 2077 1474 2112 xi,
1491 2080 1522 2113 8,
1537 2080 1556 2108 3
1581 2087 1652 2118 pro-

944 2117 1031 2159 jecta
1047 2120 1122 2159 (hoc
1137 2125 1196 2156 est,
1210 2119 1325 2161 effusa)
1348 2119 1462 2157 xxxvii,
1479 2122 1510 2156 3,
1526 2122 1558 2151 7.
1595 2120 1650 2158 xli,

948 2163 979 2197 3,
995 2164 1016 2192 9
1040 2161 1180 2192 Freinsh.

991 2203 1128 2234 Proinde
1150 2203 1173 2240 i,
1188 2207 1221 2240 6,
1238 2207 1289 2235 11.
1312 2203 1354 2240 111,
1371 2206 1424 2241 12,
1441 2207 1493 2235 15.
1530 2203 1592 2240 xvi,
1618 2207 1650 2240 4,

950 2248 1001 2277 15.
1024 2246 1105 2282 xxiv,
1122 2249 1152 2282 8,
1166 2249 1200 2277 7.
1223 2246 1304 2282 xxxi,
1320 2249 1352 2282 7,
1367 2249 1398 2277 6.
1432 2246 1485 2281 xli,
1499 2248 1531 2282 3,
1544 2248 1564 2277 S

991 2287 1163 2319 Promiscui
1179 2288 1362 2319 concubitus
1393 2288 1438 2324 iii,
1452 2290 1484 2323 4,
1500 2291 1519 2318 5

992 2330 1144 2360 Promissa
1175 2331 1295 2370 exigere
1323 2329 1404 2366 xxix,
1434 2332 1467 2365 4,
1497 2331 1516 2360 8
1546 2327 1651 2360 multis

948 2371 1104 2412 promissis
1120 2372 1254 2412 aliquem
1269 2372 1427 2411 impellere
1449 2371 1531 2406 xxix,
1547 2373 1580 2407 4,
1593 2375 1611 2402 5

990 2414 1157 2444 Promissio
1172 2413 1330 2454 deprecati
1346 2414 1419 2443 belli
1434 2413 1484 2454 (id
1501 2417 1559 2449 est,
1578 2423 1649 2453 pro-

948 2455 1051 2486 missio
1067 2457 1150 2495 quod
1175 2457 1288 2486 bellum
1319 2465 1422 2495 gerere
1444 2455 1552 2491 nollet,
1576 2455 1650 2495 quia

949 2498 1001 2528 alii
1017 2498 1048 2527 id
1065 2498 1221 2538 deprecati
1237 2497 1357 2539 essent)
1381 2497 1446 2533 viii,
1462 2501 1492 2533 5,
1507 2500 1528 2528 4
1544 2497 1649 2528 Vorst.

990 2540 1172 2571 Promittere
1188 2541 1324 2575 barbam,
1339 2540 1486 2580 capillum
1501 2540 1578 2579 (hoc
1589 2544 1648 2576 est,

947 2582 1121 2622 permittere
1136 2587 1171 2612 ut
1196 2581 1329 2623 crescat)
1351 2582 1393 2618 iv,
1409 2584 1441 2617 4,
1456 2585 1473 2613 1
1511 2580 1649 2612 Freinsh.

948 2624 1130 2663 promittunt
1150 2625 1253 2655 vultus
1280 2630 1312 2655 et
1342 2624 1536 2654 blandientes
1566 2623 1649 2655 oculi

946 2676 1010 2696 non
1033 2666 1181 2697 minorem
1203 2667 1296 2698 fidem
1317 2676 1409 2707 quam
1428 2665 1647 2706 jusjurandum

946 2708 1028 2744 xxiv,
1043 2711 1075 2745 2,
1098 2712 1138 2739 10

990 2750 1270 2781 Promontoriorum
1284 2750 1384 2781 Italiae
1408 2754 1439 2781 et
1459 2748 1572 2781 Siciliae
1591 2760 1648 2791 par

947 2793 1080 2823 altitudo
1103 2793 1146 2829 iv,
1160 2796 1191 2829 1,
1211 2795 1252 2824 16

989 2835 1172 2866 Promovere
1187 2834 1353 2866 exercitum
1367 2834 1400 2864 in
1421 2833 1577 2874 regionem
1601 2835 1640 2866 al.

946 2878 1019 2920 (pro
1034 2888 1167 2914 movere,
1195 2877 1322 2916 ducere)
1342 2877 1404 2913 xiv,
1427 2879 1458 2913 1,
1474 2879 1496 2907 6
1524 2887 1647 2917 promo-

948 2925 1012 2951 tum
1029 2925 1075 2951 est
1090 2925 1208 2952 tantum
1231 2920 1277 2950 his
1302 2919 1429 2952 vocibus
1452 2918 1527 2962 (pro
1550 2919 1646 2951 effec-
