2174 3424
624 363 821 395 JUSTINI
853 365 946 397 mn.
979 366 1068 399 xii.
1099 368 1203 399 οΛΡ.
1232 358 1273 401 8.

230 457 290 490 θεὶς
302 456 357 489 τὸν
369 457 504 498 ἆγκῶνα,
526 456 583 489 σὺν
600 459 644 498 τῷ
668 458 811 499 ἐλέφαντι
834 459 923 491 κατέ-

231 519 321 548 πεσε,
342 510 461 546 πολλῆς
475 521 508 539 τε
521 508 678 549 θεραπείας
690 509 794 549 τυχὼν
804 508 922 549 σύμμα-

231 570 288 599 χος
303 558 495 599 Ἀλεξάνδρου
508 558 646 598 γέγονεν.

274 610 291 649 ᾧ
307 612 327 639 6
352 610 428 639 Cum
441 609 561 640 veniam
586 610 624 641 ab
645 609 729 640 hoste
743 609 921 650 invenisset]

229 657 358 690 Admisi
373 660 436 690 hoc
449 668 491 690 ex
505 659 602 691 Junt.
614 663 649 690 et
661 658 739 690 edd.
755 659 920 699 pristinis,

229 718 291 749 pro
321 709 411 750 vulg.
439 709 614 750 accepisset.
658 710 802 741 Invenire
831 710 920 741 enim

229 760 405 799 eleganter
420 769 513 800 saepe
536 760 584 791 sic
605 764 794 800 usurpatur.
811 768 868 791 111.
886 762 919 791 ⁷.

226 812 236 826 ‘
262 807 389 850 Atque,
410 809 499 841 unde
525 810 712 850 periculum
742 810 919 851 quaesitum

226 859 350 901 fuerat,
361 861 407 893 ibi
422 861 602 892 maximam
615 861 752 901 gloriam
765 860 919 892 invenit!

226 911 364 943 Terent.
380 911 488 943 Andr.
509 912 518 927 ‘
531 911 587 941 Ita
607 909 767 942 facillime
784 910 855 941 sine
871 910 919 941 in-

224 959 316 991 vidia
347 960 482 992 laudem
516 959 689 992 invenias!
748 960 919 991 Heauton.

225 1013 236 1028 ‘
250 1011 382 1043 Labore
399 1011 537 1043 inventa
549 1021 624 1043 mea
640 1011 694 1042 cui
717 1011 790 1042 dem
806 1009 917 1042 bona!

223 1061 387 1093 Similiter
412 1071 469 1103 ap.
508 1062 662 1101 Graecos,
691 1070 766 1093 cum
794 1069 919 1101 sacros,

226 1121 302 1143 cum
334 1110 406 1143 τοὺς
450 1110 504 1151 ἔξω
543 1112 731 1152 scriptores
762 1110 918 1151 εὑρίσκειν.

228 1161 335 1193 Groev.
391 1161 533 1202 Optime
570 1166 607 1193 et
636 1160 850 1192 Latinissime
879 1160 917 1192 ab

222 1210 307 1242 hoste
320 1211 496 1250 invenisset,
522 1221 564 1243 ex
588 1211 666 1243 edd.
693 1210 854 1251 pristinis,
883 1214 919 1242 et

222 1260 319 1293 Junt.
337 1261 452 1293 etiam.
475 1261 598 1303 Itaque
612 1270 655 1292 ex
668 1261 796 1292 Graevii
810 1261 917 1293 nostri

219 1310 363 1351 judicio,
378 1321 452 1342 eam
468 1311 549 1343 lect.
565 1321 639 1352 quae
664 1310 917 1351 germanissima

223 1360 334 1400 est,in
349 1365 500 1393 context.
516 1362 639 1402 recepi.
663 1361 775 1393 Faber.
820 1362 918 1394 Junt.

222 1415 257 1442 et
271 1411 346 1443 aliae
362 1415 448 1443 vett.
476 1412 555 1443 edd.
584 1422 645 1452 pro
675 1413 836 1452 accepisset
861 1412 918 1442 ha-

223 1460 309 1492 bent
337 1461 512 1494 invenisset.
560 1462 660 1494 Quod
688 1462 772 1493 adeo
802 1462 917 1502 placet

228 1511 377 1552 Graevio,
392 1515 430 1542 ut
445 1511 479 1542 id
497 1521 610 1542 rursus
626 1512 659 1541 in
677 1516 808 1542 textum
825 1522 917 1542 rece-

224 1560 326 1600 perit.
368 1559 564 1591 Assentirer
579 1564 614 1590 et
641 1560 727 1600 ipse,
749 1560 776 1590 si
801 1569 862 1600 pro
878 1561 917 1591 ab

224 1610 307 1641 hoste
322 1610 497 1650 legeretur
511 1610 592 1649 apud
604 1609 732 1639 hostem.
756 1608 811 1639 Ita
827 1609 916 1640 enim

220 1660 358 1691 invenire
383 1660 503 1691 veniam
526 1660 607 1699 apud
630 1659 761 1698 aliquem
786 1658 916 1689 dictum

223 1714 327 1748 esset,
340 1713 378 1740 ut
401 1711 410 1727 ‘
425 1719 577 1750 quaerere
593 1709 736 1749 gratiam
750 1708 840 1749 apud
857 1708 915 1739 ali-

223 1759 344 1801 quem'
367 1769 415 1791 1v.
432 1768 472 1790 11.
488 1762 520 1790 7.
543 1759 617 1790 Vor.

263 1809 433 1848 AEgreque,
458 1807 525 1848 Suu]
564 1808 642 1838 Non
669 1817 749 1848 ergo
779 1816 914 1848 semper

218 1857 302 1888 illud
331 1857 486 1889 Petronii
510 1867 646 1889 verum:
670 1857 803 1890 ‘Nemo
831 1857 916 1888 invi-

219 1912 274 1939 tus
287 1907 394 1948 audit,
415 1917 489 1939 cum
507 1908 638 1948 cogitur
654 1913 712 1939 aut
729 1907 843 1939 cibum
859 1916 914 1938 su-

219 1969 313 1991 mere
328 1964 386 1991 aut
403 1960 538 1992 vivere.'
559 1960 658 1992 Rern.

261 2011 312 2050 §⁷
337 2009 445 2050 Quem,
460 2010 529 2051 Esca]
564 2009 758 2042 Mamertini.
784 2009 913 2051 Paneg-

221 2062 272 2091 10.
295 2059 304 2075 ‘
322 2060 408 2091 Nam
425 2060 482 2090 ille
497 2059 631 2101 quidem
648 2060 794 2100 Magnus
809 2059 913 2091 Alex-

218 2108 405 2149 anderjam
422 2109 501 2140 mihi
518 2109 649 2140 humilis
666 2109 814 2149 videtur,
826 2109 912 2141 Indo

216 2159 287 2199 regi
313 2168 376 2189 sua
403 2167 508 2198 regna
531 2158 719 2199 reddendo,
743 2169 818 2190 cum
844 2165 911 2191 tam

216 2207 313 2239 multi
331 2217 439 2248 reges,
453 2207 693 2249 Imperatores,
718 2209 825 2241 vestri
852 2209 911 2241 cli-

217 2261 312 2288 entes
324 2257 416 2289 sint!

261 2307 308 2338 Ob
324 2307 465 2339 honorem
478 2307 620 2348 virtutis]
657 2309 741 2340 Erat
762 2308 912 2341 Alexan-

217 2354 278 2387 der
293 2357 302 2372 ‘
317 2356 451 2388 virtutis
463 2357 564 2387 etiam
581 2358 613 2388 in
626 2358 723 2389 hoste
739 2358 878 2390 mirator
889 2358 911 2390 :²

217 2406 309 2438 Curt.
326 2416 376 2438 1v.
391 2410 423 2440 6.
440 2410 492 2438 38.
516 2412 552 2438 et
567 2417 648 2439 v111.
675 2411 726 2439 14.
746 2411 799 2441 75.
821 2410 830 2427 ‘
842 2409 912 2441 Ha-

214 2455 275 2487 bet
289 2456 352 2487 hoc
368 2457 483 2497 virtus,
499 2461 536 2488 ut
549 2457 635 2489 viros
648 2457 767 2490 forteis
780 2459 911 2500 species

217 2505 288 2546 ejus
314 2510 350 2537 et
377 2507 595 2547 pulchritudo
620 2507 720 2539 etiam
749 2509 781 2539 in
813 2509 909 2540 hoste

215 2556 327 2596 posita
341 2557 511 2590 delectet!
546 2558 619 2590 Cle.
643 2558 676 2589 in
692 2560 730 2591 L.
748 2560 910 2592 Pisonem

214 2609 266 2639 32.
282 2608 463 2641 Berneccer.
505 2609 600 2651 [Vid.
618 2610 684 2642 Ov.
697 2611 753 2643 Tr.
770 2621 794 2644 1.
810 2614 841 2644 4.
858 2615 909 2644 39.

214 2659 284 2699 40.]

258 2708 276 2747 ξ
292 2710 311 2738 8
334 2708 490 2750 Nicoeam]
522 2709 553 2741 A
569 2710 711 2742 victoria
726 2711 794 2743 illic
809 2715 908 2752 parta

216 2756 264 2788 sic
286 2757 422 2790 dictam.
460 2759 564 2792 Diod.
595 2770 688 2793 xvn.
715 2763 769 2793 95.
806 2762 906 2792 Idem.

215 2805 311 2838 Junt.
329 2807 478 2840 Nic-eam:
502 2813 537 2841 et
551 2820 613 2850 pro
629 2811 827 2852 Bucephalen
849 2811 907 2843 iid.

216 2860 253 2886 ut
268 2856 360 2888 Plut.
376 2858 610 2899 Bucephaliam.
633 2861 750 2893 Graev.

258 2905 469 2950 Bucephazen]
505 2909 516 2928 ‘
530 2910 772 2953 Bucephalon'
807 2917 906 2945 vocat

1582 358 1666 402 819

974 462 1139 494 Curt.1x.
1165 466 1196 494 3.
1220 467 1272 495 37.
1307 467 1346 496 ut
1373 466 1407 496 et
1434 464 1547 505 Agell.
1573 474 1606 497 v.
1631 469 1663 498 2.

972 511 982 529 ‘
994 511 1222 552 Bucephalam
1234 513 1243 527 '
1268 514 1360 545 Plin.
1376 523 1423 545 Vl.
1437 517 1489 546 20.
1511 520 1547 546 et
1559 516 1664 547 Diod.

974 564 1113 592 xv1.95.
1145 562 1154 579 ‘
1169 563 1428 603 Bucephaliam'
1450 564 1541 597 Plut.
1565 565 1664 598 Alex.

972 613 1044 642 107.
1068 611 1124 652 qui
1138 611 1234 643 addit
1250 612 1478 644 Alexandrum
1493 619 1528 645 et
1548 615 1580 645 in
1597 625 1666 647 me·

970 660 1111 691 moriam
1127 660 1218 692 canis
1236 662 1300 701 sui,
1321 662 1329 678 ‘
1344 662 1471 693 Peritae
1484 662 1494 677 ⁷
1518 665 1665 704 nomine,

970 709 1202 749 cognominem
1229 710 1345 741 urbem
1375 711 1535 742 erexisse.
1580 713 1667 743 Con-

970 759 1100 790 sulatur
1120 760 1254 790 omnino
1277 760 1364 791 Phil.
1382 760 1551 792 Camerar.
1580 761 1664 792 Hor.

969 810 1072 842 Subc.
1086 819 1110 841 1.
1126 812 1181 841 21.
1204 814 1240 841 et
1266 810 1487 842 Kirchmann.
1514 811 1556 842 de
1580 812 1666 844 Fun.

970 858 1065 890 Rom.
1103 862 1176 890 70⁷.
1209 869 1259 899 pr.
1294 860 1392 891 Idem.
1451 860 1547 892 Jnnt.
1575 865 1664 892 teste

969 908 1086 939 Graev.
1095 909 1333 949 Bucephaliam:
1347 909 1513 950 quomodo
1526 914 1561 941 et
1570 909 1664 942 Plut.

967 957 1067 990 Alex.
1085 959 1248 999 appellat.
1294 959 1357 990 Cui
1374 959 1561 999 proximum
1575 959 1664 1000 quod

968 1007 1058 1039 Plin.
1079 1017 1128 1039 VI.
1153 1010 1205 1039 20.
1248 1007 1523 1049 ‘Bucephalam'
1552 1014 1663 1040 vocat.

968 1057 1063 1089 Curt.
1081 1067 1133 1090 1x.
1149 1061 1180 1089 3.
1197 1061 1250 1090 23.
1274 1058 1372 1091 eand.
1388 1058 1506 1090 urbem
1532 1059 1541 1076 ‘
1554 1060 1665 1091 Buce-

967 1107 1111 1148 phalon'
1134 1108 1229 1139 dicit.
1259 1108 1332 1140 Vor.

1011 1159 1027 1199 ξ
1043 1160 1063 1188 9
1086 1158 1164 1189 Inde
1180 1158 1347 1198 Adrestas,
1364 1157 1560 1200 Strathenos,
1581 1160 1663 1191 Pas-

965 1207 1062 1248 sidus,
1080 1208 1297 1248 Gangaridas]
1335 1208 1423 1239 Haec
1446 1209 1580 1240 nomina
1597 1219 1666 1240 sus-

968 1263 1069 1299 pecta
1094 1264 1172 1291 sunt
1194 1259 1316 1291 omnia.
1359 1259 1427 1301 Ap.
1443 1260 1548 1291 Diod.
1571 1260 1664 1292 ‘An-

967 1309 1093 1341 drastae
1105 1309 1368 1351 ’gnominantur3
1392 1310 1559 1342 Arrianus
1575 1311 1584 1328 ‘
1601 1311 1664 1342 As-

966 1362 1131 1404 sacenos,'
1154 1364 1212 1405 qui
1228 1364 1283 1395 hic
1304 1364 1314 1381 ‘
1330 1363 1526 1395 Stratheni.'
1546 1364 1555 1381 ‘
1569 1363 1664 1394 Pasi-

967 1413 1028 1444 das
1041 1413 1050 1426 ²
1073 1424 1129 1454 ap.
1144 1414 1312 1446 neminem
1330 1415 1478 1446 invenio.
1503 1415 1512 1432 ‘
1528 1414 1666 1454 Ganga-

967 1461 1069 1493 ritas’
1090 1462 1184 1493 adire
1209 1464 1329 1502 voluit,
1354 1463 1413 1494 sed
1443 1463 1587 1494 militum
1617 1465 1665 1494 la-

967 1522 1093 1552 crymae
1108 1523 1184 1545 eum
1201 1513 1436 1554 detinuerunt,
1464 1518 1503 1545 ut
1529 1518 1583 1545 est
1606 1524 1662 1554 ap.

966 1561 1169 1593 Diodorum.
1214 1563 1361 1603 Euphitoe
1388 1563 1442 1604 qui
1470 1568 1559 1601 sunt,
1583 1563 1663 1594 mihi

966 1619 1033 1640 non
1049 1615 1100 1641 est
1116 1615 1244 1642 notum.
1290 1613 1366 1643 Nee
1382 1617 1464 1653 puto
1481 1612 1581 1644 facile
1603 1613 1663 1644 hos

966 1660 1057 1690 locos
1075 1661 1245 1692 emendari
1264 1671 1360 1702 posse
1377 1662 1503 1703 absque
1526 1666 1662 1694 vetusto

966 1709 1078 1750 aliquo
1115 1711 1313 1751 exemplari.
1371 1712 1480 1742 Tanta
1514 1716 1566 1744 est
1596 1722 1663 1744 non

964 1759 1063 1790 modo
1086 1760 1268 1800 nominum,
1288 1760 1348 1791 sed
1370 1762 1534 1802 temporis
1549 1762 1584 1792 in
1598 1762 1664 1794 hac

964 1809 1105 1840 historia
1120 1810 1276 1850 variatio,
1303 1815 1340 1842 nt
1365 1811 1445 1851 quid
1462 1812 1514 1842 cui
1531 1821 1663 1852 praepo-

964 1858 1124 1899 nendum,
1160 1859 1241 1900 quid
1279 1859 1538 1902 subjiciendum,
1563 1870 1662 1892 nemo

963 1908 1045 1939 satis
1058 1908 1229 1949 dispicere
1245 1913 1359 1949 queat.
1384 1909 1477 1941 Glar.

1004 1959 1169 1999 Adrestas,
1197 1960 1378 2000 Gesteanos,
1401 1961 1572 1999 Praesidas,
1592 1960 1663 2001 Era]

963 2009 1046 2042 Mss.
1084 2010 1240 2051 plerique
1268 2011 1411 2042 Arestas.
1456 2011 1594 2044 Arrian.
1626 2021 1663 2043 v.

961 2059 1143 2101 'A8pai‘aws
1157 2064 1275 2092 vocat:
1293 2061 1394 2093 Diod.
1412 2069 1502 2093 xvu.
1517 2064 1570 2093 91.
1594 2061 1663 2092 Ἀν-

961 2109 1101 2152 δρέστας,
1127 2115 1166 2142 ut
1201 2111 1257 2142 hic
1296 2111 1432 2152 quidam
1467 2111 1660 2144 ediderunt.

964 2162 1122 2192 Gesteami
1144 2160 1209 2201 (ita
1223 2160 1350 2192 habent
1372 2162 1456 2193 Mss.
1472 2166 1531 2193 aut
1549 2162 1662 2194 Gesta·

961 2208 1010 2250 πὶ)
1023 2210 1057 2240 in
1071 2211 1137 2242 Ms.
1151 2210 1274 2241 Orosio
1289 2215 1367 2242 sunt
1383 2212 1392 2229 ‘
1407 2212 1574 2244 Catheni.'
1597 2214 1661 2244 Fa-

960 2260 1089 2292 bricius
1105 2270 1147 2291 ex
1164 2259 1300 2292 Arrian.
1325 2261 1434 2293 edidit
1453 2263 1586 2303 Catlzoez',
1601 2272 1659 2294 eos

962 2309 1118 2351 Καθαροὺς
1129 2314 1228 2341 vocat
1240 2310 1346 2342 Diod.
1360 2319 1451 2343 xvn.
1463 2314 1516 2343 91.
1540 2313 1660 2343 Proesi-

960 2361 1009 2392 dae
1025 2370 1051 2391 s.
1075 2360 1242 2391 Praesidiae
1268 2361 1386 2393 Curtio
1410 2370 1462 2393 lx.
1475 2364 1506 2393 2.
1522 2365 1553 2393 4.
1580 2367 1658 2394 sunt

960 2411 969 2427 ‘
982 2410 1169 2442 Parrhasii.
1202 2410 1256 2443 Id.
1279 2411 1325 2443 ib.
1343 2411 1445 2443 habet
1467 2412 1476 2430 ‘
1491 2412 1657 2454 Gangario

960 2460 1045 2499 das‚’
1076 2464 1115 2492 ut
1144 2460 1199 2492 hic
1221 2461 1313 2492 edidi
1341 2471 1383 2492 ex
1412 2463 1497 2494 Mss.
1526 2462 1656 2494 Graecis

960 2509 1151 2551 Γανδαρίται,
1166 2514 1201 2542 et
1217 2510 1405 2552 Γανδαρίδαι,
1420 2512 1462 2543 de
1479 2512 1600 2553 quibus
1613 2513 1655 2543 ad

960 2560 1058 2591 Curt.
1084 2560 1226 2600 plenius.
1251 2561 1410 2600 Bongars.
1454 2561 1655 2594 Plenissime

958 2611 1099 2642 Salmas.
1118 2609 1159 2641 ad
1176 2610 1281 2642 Solin.
1298 2613 1373 2642 992.
1398 2611 1528 2643 Bernec.
1571 2612 1655 2644 Mss.

958 2670 1073 2692 omnes
1089 2660 1230 2692 Arestas.
1258 2661 1303 2691 Et
1315 2661 1361 2692 sic
1376 2671 1508 2702 quoque
1525 2662 1652 2693 Lucan.

959 2720 1016 2742 111.
1037 2712 1046 2728 ‘
1060 2711 1153 2742 Tunc
1170 2710 1264 2741 furor
1280 2714 1451 2742 extremos
1468 2712 1573 2742 movit
1588 2712 1654 2743 Ro·

957 2771 1075 2793 manus
1102 2761 1269 2793 Arestas.’
1323 2763 1521 2794 ‘Praestos'
1551 2769 1653 2795 vocat

958 2812 1108 2853 Curtius,
1132 2813 1232 2844 male.
1266 2812 1333 2844 Sed
1351 2813 1450 2844 variis
1466 2812 1573 2844 modis
1598 2814 1652 2844 In-

956 2861 1122 2893 dicaeillae
1149 2866 1268 2903 gentes
1294 2861 1338 2893 ab
1369 2862 1562 2893 auctoribus
1593 2873 1651 2904 ap-

957 2912 1137 2954 pellantur.
1205 2912 1276 2954 Sic,
1314 2922 1396 2954 quos
1432 2912 1649 2947 Aristobulus
