2174 3424
687 395 885 427 JUSTINI
919 396 1014 427 Lm.
1049 397 1079 427 1.
1111 399 1217 430 GAP.
1248 389 1286 429 1.

272 487 351 520 Vid.
366 487 408 519 ad
423 487 457 520 h.
468 487 490 519 l.
501 487 551 520 M.
567 488 639 521 Cic.
652 497 710 521 111.
726 490 807 530 Leg.
820 493 853 522 2.
868 493 966 522 et.11.

272 538 343 571 Off.
359 541 411 570 12.
428 538 534 571 Arist.
547 548 572 570 1.
588 539 691 572 Polit.
704 543 733 571 1.
755 541 840 571 Tac.
851 549 907 572 111.
924 540 964 573 A.

270 589 425 628 Bongars.
469 588 575 620 Arist.
595 599 644 621 ιν.
669 590 773 622 Polit.
799 593 829 621 3.
866 591 875 607 ‘
889 590 965 621 Pri-

268 647 359 669 mum
384 638 594 680 maximeque
621 639 772 671 divinum
799 639 963 681 regnum!

268 687 353 720 Sall.
371 689 447 720 Cat.
462 691 494 719 2.
511 692 542 720 1.
578 689 679 721 Rern.

310 738 415 778 Hujus
429 738 615 781 majestatis]
636 740 702 771 Ms.
715 740 786 772 Col.
803 739 849 773 N.
865 743 964 772 tantoe

265 788 447 826 majestatis.
475 788 588 821 Oxon.

308 837 449 869 Ambitio
461 838 633 879 popularis]
650 839 701 870 Ea
713 843 777 880 est,
791 849 867 871 cum
881 839 891 858 ‘
904 850 962 880 po-

264 888 374 919 tentia
396 897 438 919 ex
461 888 551 929 vulgi
567 888 760 920 adulatione
776 889 962 931 quaeritur‚'

262 936 325 967 inf.
342 945 425 968 xnr.
440 940 472 969 3.
486 940 518 969 2.
554 938 608 969 De
632 949 696 979 qua
719 944 858 980 questus
879 941 960 972 Sall.

265 987 339 1019 Cat.
355 991 408 1019 52.
422 990 474 1019 21.
499 988 508 1005 ‘
525 987 671 1029 Omnia‚’
685 989 808 1030 inquit,
831 991 840 1008 ‘
857 990 962 1021 virtu-

262 1036 307 1067 tis
329 1037 468 1077 praemia
490 1038 627 1069 ambitio
651 1039 824 1079 possidet!
862 1041 958 1073 Rern.

261 1086 404 1118 Interim
416 1086 527 1118 Autor
536 1088 677 1129 respicit
688 1089 769 1120 duas
781 1089 960 1130 factiones,

261 1146 337 1178 quae
351 1141 387 1169 et
399 1137 476 1168 olim
489 1138 656 1180 hodieque
668 1138 866 1181 frequentes
880 1145 959 1172 sunt

260 1185 294 1216 in
311 1185 412 1217 rebus
427 1186 584 1227 publicis.
610 1188 710 1220 Gron.

301 1236 496 1276 Inoderatz'o]
523 1237 627 1278 Cujus
654 1237 799 1270 effectus
827 1243 891 1280 est,
919 1243 957 1271 ut

259 1284 270 1302 ‘
288 1285 520 1317 recusantibus
553 1286 697 1328 imperia
733 1288 956 1329 ingerantur,’

259 1341 361 1376 prout
378 1337 421 1369 de
443 1338 677 1378 Epaminonda
697 1340 846 1381 loquitur
859 1351 908 1374 VI.
925 1345 956 1374 8.

256 1385 417 1427 idemque
441 1387 564 1427 probat
586 1388 677 1419 clare
699 1389 793 1421 locus
816 1390 904 1422 Livii
921 1400 956 1423 v.

261 1438 313 1467 18.
335 1436 524 1468 ‘Licinium
551 1438 692 1470 Calvum
716 1441 954 1481 praerogativae

258 1485 368 1517 tribus
391 1487 531 1518 militem
553 1497 619 1518 non
635 1493 809 1529 petentem
825 1494 955 1531 creant,

257 1536 496 1568 moderationis
508 1543 660 1578 expertae
672 1540 706 1570 in
720 1540 824 1580 priori
837 1541 955 1582 magis-

258 1588 351 1617 tratu
368 1586 502 1618 virum.'
546 1588 644 1619 Idem.

300 1636 317 1675 §
339 1638 359 1666 2
384 1636 518 1676 Populus
529 1637 624 1667 nullis
633 1637 761 1678 legibus,
776 1638 844 1679 Era]
856 1639 952 1671 Idem

256 1684 332 1716 fere
347 1685 389 1717 de
406 1687 564 1718 Romanis
582 1687 688 1719 tradit
704 1688 737 1719 in
753 1689 952 1721 Enchiridio

256 1746 317 1768 suo
334 1736 377 1768 de
394 1737 536 1778 Origine
548 1738 641 1770 Juris
657 1738 707 1769 his
723 1740 836 1771 verbis
851 1741 952 1772 Pom-

253 1787 374 1828 ponius
389 1787 510 1820 Jctus.
526 1789 564 1819 L.
581 1791 610 1820 2.
627 1789 643 1829 ξ
662 1791 692 1820 1.
725 1790 734 1806 ‘
749 1790 853 1821 Initio
869 1790 951 1821 civi-

254 1837 335 1868 tatis
356 1841 482 1868 nostrae
505 1838 649 1879 populus
665 1838 736 1868 sine
752 1839 828 1878 lege
844 1844 951 1880 certa,

253 1887 326 1918 sine
344 1887 424 1927 jure
450 1892 559 1927 certo,
580 1887 723 1927 primum
739 1897 839 1928 agere
856 1889 950 1920 insti·

252 1936 335 1968 tuit:
352 1937 529 1978 omniaque
540 1946 639 1968 manu
651 1947 669 1968 a
681 1938 818 1977 regibus
829 1938 951 1979 guber·

250 1985 440 2018 nubantur!
484 1986 627 2026 Dionys.
644 1987 701 2018 lib.
717 1997 751 2018 x.
778 1987 820 2018 Τὸ
835 1989 949 2020 δικαιω-

249 2034 300 2067 θὲν
322 2035 378 2066 ὑπὸ
401 2034 555 2072 βασιλέων
576 2036 666 2067 τοῦτο
680 2035 770 2075 νόμος
784 2036 834 2074 ἦν.
870 2038 948 2070 Vid.

248 2090 285 2118 et
305 2086 491 2127 Josephum
514 2090 634 2118 contra
653 2086 802 2128 Appion.
826 2088 886 2121 lib.
906 2097 946 2119 11.

247 2140 284 2167 et
307 2136 507 2176 Homerum,
529 2137 585 2178 qui
610 2146 676 2168 non
704 2137 812 2168 utitur
836 2139 947 2178 legum

245 2187 394 2226 nomine,
408 2187 498 2227 quod
511 2186 608 2218 nullis
621 2190 691 2218 tum
708 2187 838 2227 legibus
852 2188 947 2220 Grae-

246 2236 310 2268 ciae
334 2236 452 2277 populi
476 2241 689 2275 tenerentur,
712 2237 822 2278 inquit
846 2238 946 2279 Cuja-

244 2287 330 2318 cius.
368 2287 456 2317 Mod.
518 2286 615 2318 Idem
645 2286 718 2317 fere
748 2287 790 2318 de
823 2288 944 2328 priscis

243 2336 405 2368 Romanis
418 2335 657 2368 traditTac.A.
668 2346 724 2368 111.
734 2339 787 2368 26.
803 2337 944 2378 Dionys.

243 2393 282 2416 x.
296 2388 325 2417 1.
360 2385 527 2425 Pompon.
553 2385 589 2416 in
615 2386 722 2417 Ench.
738 2386 781 2417 de
798 2386 893 2428 Orig.
908 2389 943 2420 J.

243 2435 416 2468 Homerus
430 2435 585 2475 nuspiam
601 2435 709 2466 utitur
723 2435 732 2452 ‘
743 2436 871 2476 Iegum'
887 2446 944 2468 no-

241 2484 345 2524 mine,
358 2484 447 2525 quod
458 2484 559 2515 nullis
572 2488 644 2515 tum
656 2484 787 2524 legibus
797 2485 941 2517 Graeciae

241 2536 359 2576 populi
393 2538 583 2574 uterentur,
617 2535 730 2576 inquit
766 2535 828 2577 Cuj
836 2536 940 2568 acius.

240 2585 318 2616 Nec
333 2585 421 2615 male
436 2584 511 2623 hoc,
525 2584 609 2615 utin
625 2583 682 2615 illa
697 2584 761 2615 aevi
777 2585 940 2626 simplicis

240 2635 448 2667 innocentia.
492 2635 502 2651 ‘
516 2635 627 2675 Leges
651 2634 686 2666 in
709 2634 801 2667 facta
816 2636 940 2668 consti-

240 2690 401 2718 tuuntur:
417 2685 497 2727 quia
511 2684 627 2716 futura
642 2685 677 2716 in
691 2686 822 2718 incerto
837 2686 939 2728 sunt‚'

238 2735 325 2767 Tac.
338 2744 394 2768 111.
408 2735 454 2766 A.
469 2737 522 2767 69.
540 2735 665 2767 Euseb.
681 2744 737 2768 111.
751 2738 792 2767 23
815 2737 917 2769 Bern.

281 2786 299 2826 ᾧ
320 2789 340 2817 4
364 2784 492 2816 Primus
500 2785 636 2816 omnium
647 2786 768 2826 Ninus]
785 2786 886 2819 Oros.
896 2797 937 2820 11.

237 2837 271 2867 2.
293 2835 304 2853 ‘
318 2835 447 2866 Omnes
463 2833 625 2866 Historiae
643 2835 790 2877 antiquae
808 2846 828 2866 a
843 2836 936 2869 Nino

236 2884 426 2925 incipiunt:
452 2893 566 2915 omnes
588 2884 749 2917 Historiae
775 2886 935 2919 Romanae

238 2944 259 2967 a
279 2934 392 2968 Proca
414 2934 615 2967 exoriuntur
626 2936 647 2968 ι’
669 2934 718 2967 ita
739 2935 842 2969 habet
866 2938 934 2971 Ms.

1628 392 1712 433 617

1014 491 1188 532 popularis
1202 492 1268 524 mei
1284 493 1324 525 P.
1341 493 1504 534 Danielis,
1516 494 1578 526 viri
1591 495 1713 527 studiis

1014 541 1175 572 bonarum
1201 543 1323 573 artium
1350 543 1547 582 praeclariss.
1576 555 1652 576 cum
1675 546 1711 576 in

1013 590 1187 631 impressis
1204 591 1292 622 desit
1308 592 1400 632 prius
1416 594 1613 625 membrum.
1648 596 1712 626 Est

1014 645 1128 671 autem
1145 640 1253 672 Ninus
1279 642 1406 680 primns
1430 644 1491 673 τῶν
1511 643 1552 674 εἰς
1574 644 1711 685 ἱστορίαν

1011 688 1063 720 καὶ
1082 689 1202 729 μνήμην
1215 690 1468 732 παραδεδομένων.
1502 694 1604 725 Diod.
1622 704 1662 726 Π.
1681 698 1710 727 l.

1011 748 1110 779 quem
1123 740 1189 771 vid.
1214 742 1259 771 Et
1272 751 1290 771 a
1303 741 1394 772 Nino
1407 742 1562 773 Chronici
1576 744 1710 776 initium

1012 789 1131 819 sumsit
1160 789 1285 820 Enseb.
1317 790 1474 830 Bongars.
1527 792 1709 833 Augustin.

1013 837 1147 869 Quaest.
1176 848 1219 869 ex
1247 842 1391 880 utroque
1416 841 1508 871 Test.
1533 851 1609 881 cap.
1637 845 1708 874 115.

1009 886 1048 917 Τ.
1063 896 1113 918 1v.
1134 888 1268 919 Bernec.
1314 888 1382 920 Hic
1398 888 1551 920 fortassis
1568 895 1619 921 est
1640 891 1710 931 ille,

1010 937 1066 977 qui
1089 937 1122 968 in
1149 939 1254 969 sacris
1274 938 1382 969 literis
1398 939 1539 970 Nimrod
1555 945 1707 973 vocatur.

1008 986 1097 1017 Sane
1112 987 1268 1018 Nimrodi
1285 998 1356 1019 aevo
1369 988 1494 1020 Ninive
1510 989 1580 1019 sive
1597 990 1707 1022 Ninus

1010 1036 1089 1068 urbs
1110 1038 1182 1078 jam
1208 1039 1339 1077 extitit,
1366 1043 1469 1080 atque
1496 1050 1515 1070 a
1542 1040 1707 1072 Nimrodo

1009 1087 1149 1119 condita
1170 1088 1229 1119 illa
1253 1087 1342 1126 fnit;
1365 1093 1404 1120 ut
1427 1098 1468 1120 ex
1492 1089 1580 1120 Gen.
1601 1099 1636 1121 x.
1656 1094 1706 1123 11.

1008 1142 1161 1177 apparet.
1217 1138 1351 1170 Deinde
1376 1149 1450 1180 quae
1475 1139 1518 1170 ab
1545 1140 1706 1172 historico

1009 1196 1106 1218 sacro
1124 1187 1302 1228 Nimrodo,
1325 1192 1361 1219 et
1376 1198 1396 1219 a
1409 1188 1546 1220 Justino
1563 1189 1706 1230 aliisque

1007 1237 1114 1276 Nino,
1136 1238 1344 1279 tribuuntur,
1366 1238 1486 1269 eadem
1509 1238 1581 1270 fere
1606 1244 1705 1278 sunt;

1007 1292 1045 1319 ut
1056 1288 1144 1319 enim
1157 1289 1281 1321 Justin.
1296 1289 1427 1330 scribit,
1449 1291 1458 1306 ‘
1471 1289 1597 1320 Ninum
1615 1294 1706 1321 vete-

1006 1346 1077 1368 rem
1094 1342 1130 1370 et
1147 1339 1242 1380 quasi
1258 1339 1384 1370 avitum
1401 1339 1553 1379 gentium
1575 1349 1704 1370 morem

1005 1397 1094 1418 nova
1115 1388 1249 1429 imperii
1269 1388 1460 1429 cupiditate
1483 1393 1644 1427 mutasse,
1668 1393 1705 1420 et

1005 1437 1151 1478 primum
1180 1437 1331 1470 finitimis
1362 1439 1489 1470 bellum
1520 1439 1672 1470 intulisse
1685 1441 1704 1470 :’

1005 1487 1053 1519 sic
1078 1487 1122 1519 de
1144 1488 1308 1520 Nimrodo
1333 1490 1471 1530 Moyses
1497 1489 1586 1520 Gen.
1609 1497 1647 1521 X.
1670 1491 1703 1520 9.

1005 1538 1095 1578 quod
1113 1539 1301 1579 ‘inceperit
1312 1544 1432 1579 potens
1445 1549 1517 1570 esse
1532 1539 1565 1570 in
1579 1539 1704 1579 terris,'

1005 1587 1161 1628 quodque
1177 1589 1186 1605 ‘
1199 1593 1320 1628 potens
1334 1588 1439 1620 fuerit
1450 1590 1630 1620 venatione
1646 1599 1702 1621 co-

1003 1645 1074 1666 ram
1087 1637 1254 1675 Domino,’
1265 1638 1286 1669 i.
1298 1647 1328 1669 e.
1342 1639 1430 1679 quod
1443 1639 1589 1670 bellator
1599 1639 1702 1671 fuerit

1003 1690 1143 1726 potens;
1162 1688 1244 1718 utin
1258 1698 1332 1728 cap.
1345 1698 1436 1720 xvu.
1458 1690 1645 1721 Comment.
1658 1690 1701 1722 de

1002 1736 1211 1767 Hebraismis
1237 1738 1280 1769 N.
1302 1739 1340 1769 T.
1362 1739 1449 1778 ῥῆσιν
1474 1739 1701 1779 exposuimus.

1002 1785 1172 1817 Habuerit
1188 1787 1291 1827 igitur
1307 1788 1491 1820 Nimrodus
1512 1789 1578 1820 duo
1595 1790 1699 1821 nomi-

1000 1844 1056 1875 na,
1066 1840 1101 1866 et
1111 1836 1176 1868 alio
1189 1838 1323 1868 nomine
1334 1837 1445 1870 dictus
1457 1838 1563 1870 fuerit
1577 1839 1700 1881 Ninus,

1001 1889 1102 1930 atque
1116 1887 1157 1918 ab
1170 1887 1243 1927 ipso
1256 1888 1424 1920 nominum
1434 1889 1574 1920 istorum
1588 1891 1699 1922 altero

1000 1935 1132 1976 urbem,
1147 1947 1245 1978 quam
1262 1938 1426 1979 condidit,
1449 1940 1609 1980 Niniven,
1632 1941 1698 1980 vel,

998 1991 1037 2017 ut
1060 1987 1242 2027 scriptores
1267 1988 1399 2028 profani
1425 1990 1612 2031 appellant,
1637 1992 1700 2023 Ni-

998 2046 1089 2075 num,
1107 2037 1388 2069 denominaverit.
1422 2039 1524 2070 Vorst.

1039 2087 1186 2127 Avitum]
1212 2088 1296 2120 Mss.
1323 2087 1472 2121 habitum.
1506 2090 1696 2122 ‘Habitus’

997 2145 1072 2176 pro,
1086 2137 1208 2177 avitus,
1220 2142 1256 2169 et
1270 2138 1280 2155 ⁴
1290 2138 1393 2169 habe'
1408 2148 1484 2179 pro,
1500 2149 1575 2180 ave,
1589 2141 1696 2181 scrip-

997 2186 1080 2217 sisse
1095 2191 1180 2218 vett.
1197 2192 1312 2219 notum
1330 2192 1392 2219 est.
1415 2189 1524 2219 Varro
1537 2198 1591 2230 ap.
1606 2191 1695 2222 Non.

993 2236 1003 2253 ⁴
1017 2237 1149 2269 Quibus
1166 2237 1333 2269 instabilis
1343 2238 1471 2269 animus
1486 2239 1608 2271 ardens
1625 2250 1696 2271 mu-

995 2287 1148 2318 tabiliter
1158 2287 1259 2319 habet
1268 2288 1406 2329 habere,
1418 2293 1453 2320 et
1463 2299 1527 2320 non
1538 2290 1663 2321 habere
1675 2293 1696 2321 :'

992 2336 1040 2367 ibi
1056 2337 1143 2368 enim
1166 2338 1306 2369 ‘habet'
1334 2342 1399 2378 est,
1423 2344 1513 2371 avet.
1536 2341 1694 2381 Bongars.

993 2387 1158 2427 Bongars.
1180 2388 1301 2418 maluit
1321 2388 1439 2419 avitum
1462 2390 1608 2428 gentibus
1629 2400 1694 2421 mo-

992 2446 1067 2468 rem.
1111 2437 1179 2468 Sed
1195 2447 1263 2468 non
1278 2438 1390 2477 video,
1409 2449 1474 2480 quo
1490 2439 1582 2471 istud
1599 2440 1692 2471 tertii

993 2496 1091 2518 casus
1111 2487 1312 2519 vocabulum
1335 2487 1453 2519 referri
1473 2490 1587 2529 possit.
1622 2490 1693 2521 Ne·

992 2545 1057 2577 que
1071 2536 1159 2567 enim
1176 2536 1312 2568 videtur
1324 2537 1391 2568 dici
1405 2547 1502 2578 posse
1514 2548 1578 2569 mos
1587 2539 1691 2571 avitus

987 2586 1100 2625 genti‚·
1132 2587 1191 2617 sed
1218 2585 1353 2618 dicend.
1384 2588 1498 2628 potius
1524 2598 1597 2620 esse
1625 2600 1691 2620 mos

987 2637 1093 2675 gentis
1124 2636 1235 2667 avitus.
1294 2638 1340 2668 Et
1371 2647 1450 2668 sane
1481 2638 1689 2680 antiquiores

989 2687 1081 2728 typis
1101 2686 1266 2727 expressi,
1286 2687 1394 2719 Bech.
1410 2688 1492 2729 Maj.
1508 2688 1597 2721 Sich.
1611 2699 1688 2729 gen-

989 2737 1069 2768 tium
1083 2737 1221 2769 habent.
1250 2737 1352 2769 Vorst.

1031 2788 1048 2828 ξ
1063 2791 1081 2818 5
1099 2787 1205 2818 Rudes
1214 2787 1312 2817 adhuc
1323 2787 1364 2817 ad
1372 2785 1586 2829 resistendum]
1598 2789 1687 2820 'rhu-

988 2836 1065 2877 cyd.
1093 2845 1119 2868 1.
1145 2845 1180 2876 p.
1208 2838 1262 2866 51.
1296 2833 1479 2868 Ἀδυνάτους
1504 2836 1684 2876 ἀμύνασθαι.

986 2887 1110 2918 AElian.
1136 2895 1186 2919 vl.
1216 2890 1248 2918 5.
1275 2885 1319 2917 de
1348 2885 1492 2920 Animal.
1540 2887 1685 2929 Ἐρήμους

985 2938 1048 2969 τῶν
1062 2935 1260 2978 ἀμυντηρίων.
1283 2936 1383 2968 Gron.
