2101 3419
392 325 480 367 928

395 428 518 468 arguit.
566 427 655 459 Nam
683 431 755 458 tam
785 427 947 468 opulenta
977 425 1093 468 praeda

395 488 415 508 a
444 478 582 509 Brenno
615 486 683 508 non
717 476 817 508 facile
847 477 968 507 relicta
997 480 1093 515 erat;

393 527 520 568 quippe
545 526 601 568 qui
619 527 669 557 illi
692 525 905 567 expeditioni
930 525 1092 557 Macedo-

394 577 479 608 nicae
495 586 562 608 non
578 576 814 615 interfuisset;
838 586 905 607 non
928 576 1033 617 igitur
1048 576 1091 606 de

394 628 531 658 Brenno
557 627 591 658 id
622 627 767 667 intelligi
806 631 932 666 potest,
959 626 1018 657 sed
1048 626 1090 657 de

394 677 528 718 Belgio,
556 677 613 719 qui
643 682 710 708 tam
745 675 846 708 facile
882 676 1090 707 Macedonas

393 726 541 758 vicisset.
575 727 688 759 Quare
699 726 835 766 legend.
852 732 935 767 puto
949 729 1012 756 tam
1021 725 1088 764 fac.

392 776 564 816 quaesitam,
593 777 617 807 i.
633 786 662 807 e.
687 781 929 817 comparatam,
945 781 1089 816 partam.

394 825 506 856 Faber.
551 825 674 865 Faber,
699 825 788 856 sicut
814 826 916 857 docet
943 826 1090 857 Notator

392 874 597 913 Anglicanus
611 887 619 907 :
643 879 708 906 tam
721 875 791 912 sac.
804 879 928 917 partam
942 876 997 906 vel
1011 885 1088 906 com-

388 927 543 963 paratam,
560 925 626 955 imo
641 925 811 965 quaesz‘tam.
854 925 975 956 Miror.
1018 924 1091 955 An-

390 983 458 1004 non
487 975 575 1005 enim
605 975 726 1010 relicta
755 973 866 1012 facile,
896 974 1089 1005 interventu

392 1024 489 1054 unius
531 1025 717 1063 Sosthenis,
753 1024 866 1055 adorti
909 1024 1088 1055 incautos?

392 1073 549 1104 Historia
565 1075 661 1105 nimis
680 1075 773 1105 clara
788 1079 850 1105 est.
872 1074 993 1114 Itaque
1009 1073 1088 1104 alibi

392 1123 538 1154 animun]
563 1124 681 1155 habuit
704 1124 826 1164 Faber,
842 1134 918 1155 cum
940 1124 1013 1155 haec
1030 1134 1088 1155 no-

392 1176 493 1203 taret.
518 1173 624 1212 Schef.

435 1222 619 1257 Quindecim
634 1223 770 1254 millibus
781 1223 933 1264 equitum]
960 1222 1090 1263 Μυρίους

390 1271 500 1304 ἱππέας
515 1277 646 1304 tantum
663 1280 817 1305 recenset
832 1273 931 1306 Diod.
944 1273 979 1304 in
995 1274 1089 1315 Epit.

388 1323 449 1354 lib.
465 1333 562 1354 xxn.
592 1324 677 1355 Voss.

433 1375 451 1414 ς
467 1376 486 1404 2
516 1373 710 1413 Valentibus]
732 1374 778 1405 H.
790 1383 820 1405 e.
835 1372 1087 1406 robustissimis,

396 1423 506 1454 Valens
521 1424 610 1453 enim
634 1433 699 1454 non
723 1428 855 1454 tantum
878 1423 1015 1462 dicitur,
1032 1423 1088 1465 qui

389 1472 586 1504 valetudine
610 1472 736 1503 fruitur
762 1473 862 1513 bona,
885 1472 946 1504 sed
970 1477 1006 1503 et
1031 1472 1089 1513 qui

389 1522 517 1552 viribus
545 1527 582 1553 et
608 1523 727 1553 robore
754 1527 908 1563 praestat.
954 1522 1026 1555 Cic.
1053 1532 1086 1553 v.

388 1573 486 1603 Verr.
502 1576 554 1604 55.
578 1573 588 1590 ‘
603 1573 838 1616 valentissimi
859 1574 996 1605 lictores
1010 1572 1030 1604 ε’
1052 1577 1088 1604 et

388 1630 454 1653 vn.
472 1622 564 1652 Fam.
590 1624 642 1653 18.
664 1623 798 1655 ‘Quum
822 1628 881 1654 aut
907 1624 1006 1654 homo
1030 1624 1089 1654 im—

388 1672 528 1703 becillus
556 1682 575 1702 a
601 1673 830 1704 valentissima
853 1673 962 1705 bestia
986 1674 1089 1705 lania-

387 1721 466 1752 tur.’
510 1722 605 1753 Suet.
633 1723 759 1754 Octav.
775 1726 827 1754 35.
852 1725 861 1741 ‘
878 1724 1005 1755 Decem
1032 1734 1087 1755 va—

388 1772 582 1803 lentissimis
619 1773 781 1804 senatorii
812 1773 938 1804 ordinis
972 1774 1087 1805 amicis

389 1823 505 1853 sellam
519 1832 612 1853 suam
629 1823 947 1855 circumstantibus!
973 1824 1072 1855 Gron.

431 1872 449 1911 ξ)
465 1874 484 1902 4
508 1872 688 1912 Locupletes
704 1873 800 1911 Deos,
813 1874 883 1914 lyon]
905 1874 982 1906 Qua
997 1884 1089 1905 scur-

388 1922 439 1953 rili
458 1923 673 1954 cavillatione
686 1923 868 1964 Dionysius
881 1925 982 1955 etiam
996 1934 1088 1964 usus,

388 1974 396 1990 ‘
412 1983 545 2004 mensas
562 1978 739 2013 argenteas
764 1973 806 2004 de
824 1974 976 2005 omnibus
992 1975 1086 2005 delu-

389 2025 458 2056 bris
474 2026 579 2065 jussit
607 2024 752 2056 auferri:
789 2026 822 2056 in
849 2025 969 2066 quibus
996 2028 1085 2066 quod

387 2085 480 2107 more
497 2076 621 2107 veteris
646 2075 793 2106 Graeciae
819 2076 1017 2116 inscriptum
1035 2086 1086 2107 es-

389 2131 453 2164 set,
469 2135 648 2157 Bonorum
667 2134 836 2164 DEORUM,
851 2125 900 2156 uti
921 2135 956 2156 se
970 2135 1085 2157 eorum

388 2175 541 2207 bonitate
558 2176 645 2206 velle
669 2175 816 2206 dicebat.
862 2175 958 2206 Idem
980 2176 1085 2207 victo·

388 2228 488 2257 riolas
504 2237 633 2266 auream,
648 2231 682 2257 et
700 2231 847 2267 pateras,
866 2236 1085 2268 coronasque,

387 2286 463 2317 quae
479 2276 734 2307 simulacrorum
752 2277 916 2316 porrectis
934 2277 1085 2307 manibus

385 2326 653 2365 sustinebantur,
670 2327 739 2357 sine
761 2327 974 2358 dubitatione
991 2328 1085 2358 tolle-

387 2376 459 2415 bat,
477 2386 584 2417 caque
613 2386 648 2406 se
673 2377 842 2416 accipere,
858 2386 924 2407 non
951 2376 1085 2408 auferre

386 2426 536 2458 dicebat.
568 2427 651 2457 Esse
669 2428 756 2457 enim
774 2427 967 2467 stultitiam,
984 2437 1002 2458 a
1017 2427 1086 2468 qui·

388 2476 449 2507 bus
477 2476 562 2507 bona
591 2486 820 2516 precaremur,
845 2477 885 2508 ab
913 2477 953 2508 iis
980 2478 1086 2517 porri-

386 2527 546 2566 gentibus
562 2533 597 2558 et
621 2527 778 2558 dantibus
803 2528 891 2558 nolle
915 2537 1047 2558 sumere
1063 2527 1084 2558 :'

388 2577 462 2607 Cic.
478 2576 519 2607 de
538 2577 581 2607 N.
601 2577 642 2607 D.
661 2586 716 2607 111.
734 2580 785 2608 3—1.
811 2578 991 2608 Bemzeccer.
1017 2576 1085 2608 Hic

386 2630 421 2657 et
436 2626 468 2656 in
486 2628 514 2667 ξ.
531 2630 560 2658 5.
584 2627 691 2658 nescit
707 2628 716 2644 ⁴
732 2627 980 2658 immortalium’
1003 2627 1084 2657 Vin-

386 2677 530 2708 centius.

430 2728 448 2767 ς
465 2731 482 2757 5
509 2728 668 2767 Proedam,
681 2727 750 2768 lfa]
767 2727 928 2760 Vincent.
944 2728 953 2745 ‘
969 2737 1085 2759 aurum

387 2776 556 2816 religioni,
594 2778 743 2817 praedam
775 2776 832 2808 off.
865 2778 910 2808 D.
944 2777 1005 2818 pr.'
1049 2783 1086 2809 et

389 2825 467 2855 dein
482 2836 489 2855 t
515 2826 658 2866 ‘utpote
673 2827 729 2868 qui
747 2836 802 2857 cas
815 2827 1004 2858 hominibus
1021 2828 1084 2858 lar-

389 2876 452 2917 giri
467 2878 576 2909 solent
590 2878 609 2909 ι’
634 2879 717 2910 etin
736 2880 752 2918 ξ
769 2882 797 2909 S.
816 2888 877 2919 pro
900 2878 909 2894 ‘
922 2879 1083 2911 recessit'

847 334 989 364 No'rAE
1024 333 1286 364 VAR10RUM
1321 333 1373 363 IN

1141 425 1244 458 habet
1259 426 1268 443 ⁴
1283 424 1411 457 cessit.’

1187 476 1250 512 Qui
1277 486 1328 508 eas
1358 475 1471 515 largiri
1499 473 1670 505 hominibus
1704 474 1837 514 soleant]

1141 526 1228 557 Haec
1255 526 1335 557 mibi
1364 535 1383 556 a
1412 525 1597 566 glossatore
1634 524 1763 555 intrusa
1793 533 1836 555 ex

1141 585 1239 617 supp.
1267 576 1437 607 videntur.
1481 575 1584 606 Certe
1612 573 1696 604 illud
1720 574 1837 604 soleant

1141 636 1207 657 non
1224 626 1384 658 convenit
1399 625 1443 665 ei,
1464 625 1554 666 quod
1571 628 1672 655 antea
1687 623 1836 662 dixerat,

1140 678 1149 694 ‘
1164 676 1349 717 oportere?
1392 677 1466 708 Nec
1482 676 1571 707 enim
1588 674 1762 705 admoneri
1778 674 1836 705 de-

1140 727 1200 758 bet
1222 726 1323 758 officii
1345 727 1406 766 sui,
1422 726 1480 767 qui
1501 725 1537 756 id
1560 725 1677 757 solitus
1697 729 1749 756 est
1764 724 1837 765 ipse

1139 776 1332 808 observare.
1355 775 1459 814 Schef.

1182 828 1198 868 ξ
1216 831 1236 858 6
1262 827 1418 867 Templum
1432 829 1535 857 autem
1549 824 1720 866 Apollinis]
1742 825 1837 857 Prae-

1139 881 1193 908 ter
1216 877 1320 908 Paus.
1347 877 1411 907 vid.
1441 881 1476 907 et
1498 876 1610 908 Strab.
1636 885 1688 907 lx.
1709 886 1744 916 p.
1760 879 1836 907 288.

1139 928 1295 966 Bongars.
1324 926 1501 966 Originem
1519 925 1661 956 Oraculi
1676 925 1836 967 Delphici

1139 976 1247 1007 refert
1261 976 1360 1007 Diod.
1378 985 1451 1007 xvr.
1467 978 1519 1006 26.
1542 975 1674 1007 Bernec.

1181 1026 1221 1056 In
1250 1026 1339 1066 rupe]
1383 1026 1458 1057 Qua
1495 1034 1595 1055 causa
1632 1024 1836 1056 Theocritus

1139 1078 1238 1117 Epig.
1253 1086 1277 1107 1.
1299 1076 1436 1116 Δελφίδα
1455 1074 1580 1116 πέτραν,
1603 1076 1756 1106 similiter
1772 1075 1837 1107 Or-

1138 1127 1244 1167 pheus
1262 1127 1295 1157 in
1318 1127 1447 1167 Argon.
1464 1125 1637 1167 Παρνασίδα
1650 1124 1765 1166 πέτρην
1781 1135 1839 1166 ap·

1138 1177 1255 1217 pellat.
1280 1177 1379 1207 Bern.

1183 1227 1351 1257 Civitatem
1367 1225 1548 1266 frequentia
1569 1225 1723 1256 hominum
1739 1224 1838 1267 fecit]

1137 1277 1193 1308 Sic
1205 1277 1325 1317 scripsi
1340 1287 1415 1307 cum
1427 1277 1523 1308 Juut.
1538 1280 1576 1307 ut
1588 1281 1623 1307 et
1632 1277 1837 1307 admiratione

1137 1326 1310 1365 majestatis
1324 1336 1385 1367 pro
1399 1327 1537 1366 vulgato
1552 1327 1591 1357 ad
1601 1325 1837 1368 affirmationem

1137 1387 1177 1409 m.
1212 1377 1328 1408 Graev.
1376 1377 1433 1408 Ita
1463 1376 1741 1415 emendaveram;
1774 1375 1836 1408 sed

1138 1430 1254 1458 monet
1275 1437 1335 1458 nos
1361 1427 1474 1458 Graev.
1498 1426 1546 1457 sic
1568 1426 1602 1456 in
1617 1426 1714 1459 Juut.
1730 1425 1835 1467 scrip·

1139 1481 1208 1509 tum
1225 1487 1312 1515 esse,
1329 1487 1394 1508 non
1403 1477 1499 1515 facit.
1522 1476 1647 1507 Faber.

1179 1529 1233 1559 Ad
1257 1528 1490 1569 affirmationem
1516 1525 1702 1566 majestatis]
1738 1525 1835 1558 Juut.

1138 1583 1227 1610 teste
1245 1579 1360 1610 Graev.
1386 1588 1446 1619 pro
1473 1577 1710 1620 affirmationem
1734 1576 1837 1609 habet

1137 1629 1392 1660 admirationem.-
1426 1627 1529 1669 idque
1566 1628 1673 1659 multo
1700 1627 1837 1659 concin-

1137 1679 1212 1710 nius
1229 1683 1282 1710 est
1294 1683 1329 1709 et
1347 1682 1612 1709 consentaneum
1632 1677 1663 1709 ei
1679 1677 1769 1718 quod
1785 1686 1837 1708 se-

1137 1729 1266 1770 quitur,
1282 1729 1290 1745 ‘
1305 1738 1346 1759 an
1363 1728 1519 1768 majestas
1544 1728 1614 1758 Dei
1639 1728 1715 1767 plus
1731 1726 1837 1758 admi-

1137 1779 1275 1810 rationis
1291 1778 1438 1810 habeat.'
1467 1779 1569 1809 Vorst.
1618 1778 1836 1818 Uudique,85c.

1138 1829 1180 1860 ad
1205 1839 1312 1870 usque
1338 1828 1509 1867 majestatis
1535 1828 1666 1859 uncinis
1691 1827 1837 1859 includit

1137 1879 1199 1910 Ed.
1215 1880 1324 1918 Bong.

1180 1929 1196 1968 ξ
1213 1931 1232 1959 7
1260 1929 1302 1958 Ut
1315 1928 1556 1968 incertum‚25·c.]
1577 1927 1667 1958 Saxo
1678 1936 1728 1959 lv,
1739 1937 1772 1968 p.
1782 1929 1836 1958 64.

1137 1982 1187 2009 10.
1211 1980 1220 1995 ‘
1234 1978 1296 2016 Ut,
1313 1984 1424 2009 utrum
1448 1979 1524 2009 voci
1549 1978 1620 2018 ejus
1642 1988 1684 2008 an
1700 1977 1834 2009 fiduciae

1137 2029 1212 2068 plus
1241 2027 1473 2058 admirationis
1503 2028 1667 2059 tributum
1697 2027 1755 2067 sit,
1784 2027 1834 2057 in-

1136 2082 1267 2109 certum
1284 2078 1465 2108 extiterit.’

1178 2130 1230 2169 §8
1255 2128 1293 2158 In
1315 2128 1455 2166 formam
1480 2127 1612 2168 theatri]
1645 2126 1758 2159 Strab.
1782 2135 1835 2159 lx.

1136 2189 1170 2218 p.
1186 2181 1261 2210 389.
1288 2188 1330 2209 m.
1353 2177 1544 2218 θεατροειδές.
1568 2179 1725 2217 Bongars.
1769 2178 1835 2218 Ly—

1135 2230 1254 2270 coplir.
1272 2230 1452 2260 Cassandr.
1463 2232 1536 2260 600.
1549 2229 1658 2259 locum
1671 2228 1835 2268 ejusmodi

1135 2279 1371 2320 θεατρόμορφον,
1391 2280 1424 2309 h.
1451 2288 1481 2310 e.
1505 2277 1750 2316 theatriformem
1776 2287 1834 2318 ap-

1135 2332 1252 2371 pellat.
1288 2330 1428 2370 Capella
1444 2329 1503 2360 lib.
1520 2338 1568 2359 Vl.
1584 2328 1617 2358 in
1634 2327 1835 2368 descriptio-

1135 2389 1176 2410 ne
1206 2379 1416 2409 'rinessaliae:
1453 2379 1461 2395 ‘
1484 2377 1532 2408 Hi
1559 2387 1674 2408 omnes
1703 2381 1835 2408 montes

1134 2429 1291 2460 theatrali
1306 2439 1398 2460 more
1416 2431 1625 2460 curvantur.'
1649 2429 1834 2459 Bernaccer.

1135 2479 1180 2520 [A
1217 2480 1322 2519 woody
1365 2479 1484 2509 theutre
1527 2477 1630 2508 habet
1667 2478 1834 2509 Miltonus

1136 2533 1278 2567 nostras,
1308 2528 1386 2559 dum
1417 2528 1574 2559 arborum
1602 2528 1834 2559 amoenitatem

1135 2577 1427 2609 Paradisiacarum
1444 2577 1638 2608 suavissime
1656 2577 1792 2618 pingit]

1181 2630 1259 2665 Quoe
1274 2638 1322 2659 res
1337 2639 1377 2660 m.
1395 2639 1436 2658 m.
1455 2631 1477 2658 t.
1494 2628 1559 2667 ign.
1577 2628 1635 2667 rei,
1655 2631 1684 2658 et
1699 2628 1834 2659 admira-

1134 2680 1247 2710 tionem
1262 2682 1344 2719 stup.
1359 2679 1400 2719 pl.
1417 2678 1490 2719 aff]
1513 2679 1568 2709 Sic
1585 2678 1742 2718 emendo,
1765 2678 1832 2717 ign.

1135 2730 1182 2760 rei
1197 2733 1226 2760 et
1242 2729 1446 2760 admiratione
1466 2732 1545 2768 stup.
1590 2729 1698 2759 Paulo
1719 2733 1833 2759 autem

1136 2779 1304 2819 superius,
1327 2779 1384 2809 ubi
1408 2779 1532 2819 legitur
1555 2779 1618 2809 ‘ad
1641 2777 1833 2809 affirmatio-

1136 2839 1212 2860 nem
1237 2828 1448 2869 maJestatis‚'
1470 2829 1514 2859 nil
1543 2838 1615 2859 esse
1643 2832 1725 2868 puto
1742 2828 1831 2869 quod

1135 2879 1257 2911 mutari
1273 2883 1440 2919 oporteat.
1486 2879 1651 2919 Respexit
1678 2879 1831 2911 ,lustinus
