2101 3419
528 347 721 379 Jusrim
758 348 850 377 mn.
884 347 1017 378 xxx.
1049 348 1156 378 cAP.
1186 338 1225 377 4.

163 444 269 484 lymp.
294 445 366 474 156.
396 451 449 474 an.
480 445 512 473 2.
558 441 659 474 Quod
689 441 856 482 quomodo

161 495 235 525 ficri
252 493 413 535 potuerit,
425 501 491 524 non
509 491 618 523 video.
640 492 730 523 Voss.

207 545 420 575 Theramenem
441 546 473 574 et
495 541 689 581 Therasiam]
734 542 859 573 Thera-

163 594 269 624 menis
285 593 395 624 insula
408 592 475 632 hic,
490 596 527 623 ut
539 597 574 624 et
594 601 680 623 xm.
694 594 726 623 7.
742 595 774 623 2.
797 601 859 632 pro

162 644 272 674 Thera
295 642 471 682 accipitur.
514 641 626 672 Strab.
645 650 670 673 1.
697 651 731 682 p.
758 644 810 672 36.
836 640 860 672 f.

160 693 234 724 Ἀνὰ
247 691 340 731 μέσον
348 691 447 733 Θήρας
461 691 511 722 καὶ
522 691 685 733 Θηρασίας.
732 691 813 723 Vid.
825 695 861 722 et

164 744 255 775 Plin.
270 753 311 775 11.
330 746 384 775 87.
409 747 445 774 et
469 743 594 775 Euseb.
618 744 653 774 in
679 742 862 782 Chron100,

164 799 200 825 et
223 795 303 826 Sen.
331 794 377 826 N.
409 795 451 826 Q.
474 803 525 825 vr.
552 797 607 825 21.
645 793 741 834 cujus
768 793 861 824 locus

165 843 348 875 mendosus
373 848 437 884 est,
471 854 535 875 nec
561 843 643 875 satis
672 843 863 884 explicatus

165 893 208 924 ab
230 898 443 925 annotatore.
468 895 625 934 Bongars.
668 892 760 925 Add.
788 892 862 924 Liv.

166 954 304 977 xxxix.
321 949 374 977 56.
391 949 422 978 6.
467 946 559 978 Plin.
574 955 621 977 ιν.
644 948 696 977 12.
717 955 760 977 m.
784 944 865 976 Am—

165 995 268 1027 mian.
285 1005 381 1028 xvn.
398 999 449 1028 16.
484 997 654 1027 Munster.
668 996 781 1027 Cosm.
798 997 866 1027 ι.3.

166 1046 298 1078 Bernec.
340 1046 470 1088 Scripsi
503 1047 636 1078 Ther-am
660 1055 721 1087 pro
753 1046 867 1076 Thera-

165 1108 295 1138 menem,
321 1099 492 1140 quomodo
515 1107 598 1130 xm.
625 1100 659 1129 7.
683 1100 714 1129 2.
759 1097 867 1128 Tlierae

165 1158 228 1188 pro
245 1149 464 1185 Theramenis‚·
487 1147 648 1189 quoniam
675 1147 773 1180 Junt.
791 1156 866 1187 sup.

166 1197 347 1230 manifeste
387 1199 495 1229 Thera.²
535 1198 653 1237 habet,
693 1197 866 1238 ceterique

165 1257 292 1288 omnes,
320 1249 377 1289 qui
402 1249 476 1288 ejus
505 1248 625 1279 insulae
656 1248 867 1279 mentionem

166 1296 311 1338 faciunt,
335 1299 344 1316 ‘
358 1299 503 1329 'rhei-am
520 1297 528 1311 '
552 1308 626 1329 eam
643 1302 777 1329 vocant.
799 1299 868 1329 Vor.

211 1349 315 1379 Terroe
329 1348 461 1389 mot.f.]
484 1349 645 1380 Vincent.
662 1357 715 1380 vr.
729 1351 781 1379 53.
803 1348 813 1365 ‘
829 1348 868 1380 T.

167 1407 211 1429 m.
225 1397 334 1429 factus
351 1399 428 1430 est!
474 1399 512 1430 In
530 1401 547 1440 ξ
567 1401 600 1430 4.
623 1399 632 1416 ‘
646 1399 709 1430 Or.
727 1400 770 1431 R.
787 1399 868 1439 imp.

168 1457 375 1488 mansurum,
390 1452 462 1480 vet.
475 1454 589 1481 autem
606 1459 645 1481 ac
662 1450 713 1482 M.
729 1454 871 1481 vacatu-

172 1497 272 1528 rum.'

214 1548 231 1587 §
255 1550 275 1578 2
299 1548 543 1589 Navigantium]
566 1549 622 1580 An
639 1548 871 1582 habitantium?

173 1597 329 1630 Freinsh.
358 1599 453 1631 Lect.
472 1601 564 1640 vulg.
580 1600 768 1632 retinenda.
793 1602 871 1632 Sen.

176 1655 227 1679 vx.
243 1648 286 1680 Q.
305 1648 351 1680 N.
369 1651 423 1680 22.
446 1650 456 1666 ⁴
470 1649 614 1680 Therain
640 1654 766 1681 nostrae
794 1654 872 1681 aeta-

172 1696 217 1728 tis
244 1698 399 1738 insulam,
427 1700 662 1739 spectantibus
689 1701 812 1741 nautis,
836 1701 870 1732 in

173 1747 288 1789 AEgaeo
302 1749 388 1780 mari
401 1749 559 1781 enatam!
583 1750 688 1789 Schef.

218 1799 324 1830 Insula
335 1800 473 1840 emersit]
488 1801 677 1833 Dicebatur
687 1801 771 1832 Thia
783 1805 870 1833 teste

173 1849 269 1880 Mela
284 1858 323 1880 11.
338 1859 414 1890 cap.
428 1850 490 1881 ult.
516 1851 622 1882 Groev.

216 1901 234 1940 ξ
257 1902 275 1930 3
302 1899 457 1940 Rhodum]
480 1901 793 1933 Quamins.tamen
805 1902 870 1932 Eu-

174 1959 266 1990 ropae
292 1949 460 1981 Diodorus
482 1959 590 1982 xvn1.
605 1954 637 1982 8.
661 1955 871 1983 annumerat.

174 1999 244 2031 Sed
260 1998 352 2030 Asiae
379 1999 567 2032 contribuit
590 2001 693 2032 etiam
711 2001 871 2042 Epitome

173 2051 246 2082 Liv.
261 2059 417 2082 Lxxvm.
441 2051 540 2082 Bern.

217 2100 317 2141 Labe]
339 2100 371 2132 A
387 2102 396 2119 ‘
410 2101 578 2133 labendo'
601 2101 754 2134 ‘labem'
776 2102 873 2144 dixit,

175 2155 266 2183 utet
288 2161 383 2185 xvu.
409 2155 440 2183 1.
456 2156 487 2184 5.
509 2156 546 2184 et
569 2152 642 2184 Cic.
669 2153 711 2184 de
734 2154 815 2194 Leg.
830 2162 871 2185 11.

176 2205 229 2234 15.
245 2202 255 2220 ‘
270 2203 499 2236 Quamobrem
515 2202 573 2234 ille
590 2203 729 2245 quidem
744 2204 875 2245 sapien-

177 2252 325 2285 tissimus
350 2253 499 2285 Graeciae
527 2254 588 2295 vir,
607 2255 775 2296 longeque
797 2254 874 2285 doc-

177 2302 339 2343 tissimus,
353 2303 451 2335 valde
472 2304 559 2335 hanc
581 2304 692 2335 labem
711 2303 873 2335 veretur.'

176 2354 186 2370 ‘
201 2353 348 2384 Labem'
371 2353 474 2385 etiam
498 2352 608 2394 χάσμα
633 2363 720 2394 esse,
743 2358 779 2385 et
804 2354 874 2384 hia-

180 2406 263 2439 tum,
280 2407 434 2435 notatum
450 2408 502 2436 est
518 2414 561 2436 ex
582 2405 748 2437 Jctorum
769 2405 876 2444 libris,

181 2457 217 2484 et
233 2452 305 2484 Cic.
322 2453 366 2484 de
382 2453 498 2485 Diviu.
514 2463 540 2486 1.
567 2457 621 2485 35.
639 2458 675 2485 et
690 2456 743 2485 43.
790 2454 876 2485 Haec

180 2512 259 2542 vox,
272 2513 347 2534 cum
362 2503 507 2535 librariis
522 2508 615 2536 esset
630 2504 790 2543 insolens,
802 2514 876 2536 ver-

181 2554 226 2585 tit
250 2554 285 2585 in
310 2554 397 2585 mole.
443 2554 519 2585 Hoc
543 2559 645 2586 terrae
670 2558 766 2586 motu
791 2555 877 2586 Rho-

183 2604 273 2635 dium
290 2605 453 2636 colossum
477 2604 584 2636 ruisse
608 2605 731 2637 Euseb.
757 2604 876 2637 refert.

184 2654 291 2693 Bong-

227 2705 244 2745 ς
267 2708 288 2735 6
313 2706 403 2745 Cum,
417 2704 486 2746 δρα]
509 2705 598 2737 Saxo
614 2714 678 2737 vn.
695 2715 729 2747 p.
742 2709 878 2739 122.23.

183 2752 193 2770 ‘
205 2753 314 2786 Quem
329 2764 418 2794 cnm,
439 2756 613 2796 productis
629 2766 647 2787 e
664 2757 800 2789 diverso
823 2767 879 2789 co-

187 2803 265 2844 piis,
285 2804 428 2836 militnm
443 2815 582 2837 numero
606 2811 771 2847 praestare
788 2807 880 2839 vide-

187 2857 260 2885 ret.’
303 2855 490 2897 Hegesipp.
505 2867 538 2889 v.
554 2861 608 2890 20.
631 2858 640 2875 ‘
652 2858 783 2892 Quibus
796 2868 815 2890 e
832 2858 882 2889 di-

188 2913 287 2937 verso
301 2906 463 2948 Joanne3‚
489 2908 649 2950 princeps
665 2910 884 2952 seditionum,

1520 336 1605 378 9523

908 442 1100 473 cuniculum
1114 440 1278 472 suffodit!

953 492 1084 523 Omnem
1102 491 1224 532 Asiam,
1251 491 1392 522 Orientis
1409 491 1526 533 finem]
1563 491 1606 522 Id

908 541 957 572 ita
980 542 1108 582 legitur
1124 542 1157 572 in
1171 542 1299 581 multis,
1313 541 1371 572 sed
1398 543 1429 573 in
1448 542 1606 583 quibusd.

909 591 1016 631 Impr.
1031 596 1068 622 et
1083 592 1277 624 Mss.etiam
1293 596 1345 623 est
1359 592 1502 633 Or.fine,
1515 593 1607 633 quod

910 640 957 672 id.
974 642 1068 672 valet
1084 645 1199 682 atque,
1214 641 1395 673 Orientem
1412 652 1531 683 usque.
1555 644 1607 674 Ex

910 692 1062 724 Salustio
1077 692 1298 731 Bongarsins.
1344 692 1434 723 Hinc
1451 697 1503 723 est
1520 692 1609 732 quod

911 742 945 773 in
960 752 1114 774 sermone
1130 742 1253 773 Italico
1282 743 1344 773 Fin
1368 747 1404 774 et
1430 743 1510 774 Fino
1534 752 1609 782 pro,

912 802 1034 834 usque,
1049 797 1237 824 sumuntur.
1253 792 1365 825 Faber.
1411 792 1517 824 Plane
1531 793 1614 824 lect.

912 843 985 874 haec
1001 853 1119 884 prava.
1165 842 1342 875 Quomodo
1362 842 1452 874 enim
1478 842 1559 873 Asia
1573 842 1611 873 fi-

912 894 962 925 nis
979 894 1157 925 Orientis?
1174 893 1345 934 Scriptum
1362 893 1531 934 quondam
1547 892 1613 924 fuit

913 945 1024 977 Asiam
1038 944 1071 976 in
1086 944 1261 987 Or.finem‚
1278 944 1337 975 sed
1355 953 1463 984 praep.
1480 944 1514 974 in
1529 953 1614 984 prae-

915 996 1039 1027 cedens
1069 995 1185 1027 littera
1206 1005 1248 1035 m,
1277 994 1421 1025 totidem
1452 998 1613 1025 constans

914 1046 1026 1087 lineis,
1038 1045 1234 1086 intercepit.
1278 1044 1355 1076 Nisi
1371 1045 1535 1075 malumus
1554 1045 1613 1077 Or.

904 1096 986 1139 fine,
1012 1096 1092 1138 quia
1112 1096 1179 1127 Ms.
1203 1099 1238 1126 et
1264 1094 1449 1135 impressus
1477 1093 1613 1135 quidam

916 1146 1075 1187 probant.
1120 1146 1166 1176 Et
1182 1145 1283 1185 plane
1299 1144 1454 1184 suspicor
1469 1145 1614 1174 alterum

915 1197 948 1227 in
965 1197 1022 1228 Or.
1037 1195 1138 1237 finem
1162 1195 1232 1235 huj.
1249 1193 1512 1234 explicationem
1528 1203 1615 1232 esse,

917 1257 994 1289 quae
1010 1246 1044 1277 in
1062 1250 1194 1277 textum
1207 1249 1261 1276 est
1277 1248 1495 1276 transsnmta.
1510 1243 1616 1281 Schef.

959 1299 977 1338 ξ
1001 1300 1040 1329 11
1064 1295 1249 1335 Devicerat]
1272 1294 1380 1326 Scrib.
1397 1293 1567 1325 devicerit:
1580 1297 1615 1324 et

917 1347 1019 1389 paulo
1049 1351 1128 1377 ante
1157 1345 1211 1387 qui
1239 1345 1372 1376 invictus
1399 1345 1536 1375 audierit
1554 1353 1615 1384 pro

918 1398 1008 1438 vulg.
1025 1407 1112 1438 quem
1127 1397 1277 1427 invictum
1292 1396 1469 1427 audierant.
1487 1394 1594 1425 Gron.

962 1449 979 1489 ᾗ
1003 1450 1044 1478 12
1066 1448 1172 1478 Puero
1188 1448 1363 1478 immaturae
1377 1445 1499 1488 fetatis]
1524 1444 1615 1478 Quid

918 1499 981 1529 hoc
998 1498 1073 1529 est?
1097 1507 1175 1528 num
1192 1501 1227 1528 et
1242 1496 1339 1537 pueri
1365 1499 1507 1526 maturae
1533 1498 1617 1525 aeta-

920 1549 966 1580 tis
997 1547 1146 1578 dantur?
1203 1546 1272 1577 Cur
1300 1555 1382 1586 ergo
1405 1545 1470 1575 hoc
1502 1543 1617 1584 adjec-

921 1599 1016 1631 tum?
1059 1597 1145 1629 Mihi
1160 1606 1227 1628 non
1244 1600 1297 1628 est
1313 1595 1462 1635 dubium,
1483 1594 1562 1636 quin
1580 1594 1617 1625 il-

921 1651 979 1682 lud
999 1660 1093 1691 puero
1111 1649 1307 1691 glossatoris
1322 1648 1380 1688 sit,
1396 1657 1463 1679 non
1478 1647 1619 1680 Justini.

922 1700 1028 1739 Schef.

965 1750 1089 1782 Praedae
1115 1748 1277 1781 Dardanis
1293 1747 1439 1788 fuerunt]
1473 1747 1618 1779 Fuerint.

921 1801 1075 1832 Freinsh.
1120 1800 1166 1831 Et
1186 1799 1322 1830 firmant
1345 1798 1619 1830 emendationem

921 1852 1034 1891 istam,
1049 1854 1178 1891 praeter
1193 1850 1359 1880 rationem
1376 1847 1538 1879 sermonis
1556 1848 1620 1878 La-

922 1901 998 1942 tini,
1034 1901 1136 1932 etiam
1165 1900 1251 1931 Mss.
1278 1903 1315 1930 et
1341 1898 1440 1939 impr.
1468 1897 1619 1939 quidam.

922 1952 1033 1983 Porro
1056 1951 1091 1982 in
1117 1950 1195 1981 iisd.
1222 1949 1350 1990 legitur
1373 1949 1490 1989 praedoe
1511 1948 1622 1979 iisdem

923 2001 1096 2034 Dardanis.
1139 2000 1240 2032 Unde
1255 2000 1378 2040 colligo
1395 2000 1476 2031 lect.
1505 2008 1621 2030 veram

923 2062 1010 2093 esse,
1030 2052 1147 2093 proedae
1161 2051 1270 2082 iisdem
1277 2049 1422 2089 fuerunt,
1438 2053 1478 2081 ut
1494 2048 1623 2080 refera-

924 2107 981 2134 tur
994 2102 1036 2133 ad
1050 2101 1247 2143 praecedens
1269 2100 1278 2117 ‘
1291 2099 1475 2139 finitimo&
1498 2099 1623 2130 omissa.

923 2162 1009 2184 voce
1046 2151 1219 2191 Dardanis,
1253 2160 1352 2192 quam
1391 2154 1477 2191 puto
1515 2154 1623 2181 trans-

923 2208 1092 2244 sumptam
1108 2203 1142 2233 in
1158 2205 1291 2233 textum
1304 2210 1347 2232 ex
1364 2201 1485 2241 glossa.
1497 2198 1601 2237 Schef.

967 2255 986 2294 ξ
1009 2256 1048 2284 15
1071 2252 1241 2292 Antiquam
1255 2254 1285 2283 et
1297 2251 1460 2282 obsoletam
1472 2250 1623 2290 gloriam]

925 2303 1021 2335 Plut.
1036 2303 1070 2333 in
1083 2301 1280 2342 Praeceptis
1296 2301 1397 2341 Reip.
1412 2300 1550 2341 gerend.
1568 2302 1624 2330 45.

924 2354 935 2371 ‘
953 2353 1038 2384 Cum
1063 2352 1217 2384 videmus
1246 2351 1406 2392 puerulos
1441 2354 1624 2391 parentum

927 2403 1084 2445 crepidas
1100 2402 1214 2435 conari
1229 2402 1400 2442 subligare
1413 2401 1488 2441 sibi,
1500 2404 1559 2432 aut
1570 2411 1625 2432 co·

927 2465 1027 2487 ronas
1041 2464 1156 2485 eorum
1172 2454 1344 2494 capitibus
1357 2453 1424 2484 suis
1437 2453 1626 2493 imponere,

927 2515 990 2547 per
1005 2505 1122 2546 jocum
1152 2503 1319 2534 ridemus:
1345 2507 1382 2534 at
1410 2503 1531 2534 urbani
1557 2512 1626 2533 ma-

929 2556 1107 2597 gistratus,
1121 2554 1284 2594 majorum
1303 2562 1420 2594 opera,
1434 2552 1556 2584 arduos
1571 2562 1626 2583 co·

927 2610 1039 2642 natus,
1062 2609 1098 2636 et
1120 2604 1217 2635 facta
1241 2602 1468 2644 praesentibus
1493 2607 1626 2643 tempo-

928 2657 1020 2688 ribus
1036 2665 1076 2687 ac
1092 2654 1192 2685 rebus
1209 2662 1274 2684 non
1287 2652 1507 2693 congruentia
1520 2653 1627 2684 stulte

922 2706 1083 2748 jubentes
1109 2703 1248 2743 imitari,
1271 2701 1521 2733 multitudinem
1547 2711 1627 2733 con-

930 2757 1061 2795 citant3
1084 2758 1132 2794 et,
1158 2763 1234 2784 cum
1254 2751 1396 2783 ridicula
1412 2756 1490 2783 sunt
1505 2752 1628 2791 moliti,

931 2817 998 2840 non
1023 2806 1091 2837 risu
1114 2805 1184 2846 jam
1214 2803 1315 2843 digna
1344 2801 1534 2842 patiuntur,
1561 2802 1629 2833 nisi

932 2859 1033 2900 plane
1049 2856 1116 2887 sint
1132 2852 1318 2886 contemti!
1340 2853 1441 2883 Bern.

978 2908 996 2948 ξ
1020 2907 1060 2938 16
1084 2905 1222 2936 Romana
1226 2901 1360 2941 fortuna
1369 2901 1463 2942 vicit]
1492 2901 1546 2933 Ad
1564 2902 1630 2943 Cy-
