2174 3424
687 396 883 429 JUS'I'lNl
919 398 1011 427 [ΑΒ.
1045 397 1074 426 1.
1106 397 1210 427 eff.
1241 387 1284 429 4.

306 492 406 533 Regio
420 491 516 524 amico
531 494 561 523 et
584 501 767 523 arcanorum
789 490 954 532 participi]

263 543 319 575 Ita
337 552 380 574 ex
396 552 462 574 uno
488 542 564 574 cod.
581 543 647 575 Ms.
671 552 771 583 quem
788 543 954 582 Bongars.

261 593 359 632 vidit,
381 597 416 624 et
432 602 475 624 ex
491 593 583 633 typis
599 602 760 633 expresso
775 593 956 624 Juntarum

260 643 395 684 legend.
410 643 555 675 videtur.
600 643 715 682 Certe,
737 643 793 684 qui
808 643 893 683 regis
909 651 957 672 ar-

261 703 421 726 canorum
437 693 622 734 particeps,
638 693 665 724 is
678 693 784 734 ejusd.
801 697 837 724 et
852 693 861 710 ‘
876 692 957 723 ami-

262 743 341 775 cus’
358 747 422 774 est.
469 743 599 784 Estque
625 752 666 773 ea
691 743 782 774 vocis
806 743 817 760 ‘
836 741 957 773 amici'

262 793 463 835 significatio
479 803 545 824 non
561 793 594 823 in
606 793 669 824 hoc
686 797 829 833 tantum,
846 792 906 824 sed
923 795 958 823 et

261 843 296 874 in
324 843 447 875 ceteris
474 843 572 874 bonis
600 843 805 882 auctoribus,
834 842 958 883 passim

262 893 373 925 obvia.
417 893 508 926 Quin
534 897 570 924 et
595 892 652 924 inf.
670 902 695 925 1.
710 897 739 924 5.
755 896 786 924 6.
812 893 884 933 ipse
901 892 958 923 ille

262 943 454 983 Harpagus,
471 943 512 974 de
525 953 590 984 quo
602 943 654 974 hic
669 944 795 984 agitur,
809 943 817 960 ‘
831 943 958 974 amicus

263 992 372 1033 regis’
391 998 545 1024 vocatur.
573 993 675 1025 Vorst.
720 994 826 1025 Recte
843 993 959 1025 Graev.

262 1053 304 1074 ex
322 1043 405 1074 Mss.
422 1046 457 1074 et
471 1043 493 1075 J
497 1047 568 1074 unt.
584 1044 669 1083 regis
679 1044 777 1074 amico
790 1047 819 1074 et
832 1053 958 1074 arcano-

262 1103 343 1124 rum.
387 1093 587 1134 Vorst.jam
609 1094 743 1134 recepit
765 1094 800 1124 in
818 1097 959 1125 textum.

264 1142 369 1181 Sclzef.

306 1193 323 1232 ᾗ
340 1195 380 1223 12
405 1192 503 1228 Quem
516 1192 569 1223 ubi
583 1193 617 1223 in
639 1203 762 1224 manum
785 1193 896 1224 mulier
909 1202 959 1225 ac-

263 1241 360 1282 cepit]
382 1241 502 1272 Scribe
525 1242 672 1282 omnino,
690 1242 724 1273 in
747 1252 874 1279 manus‚·
901 1252 959 1274 ue-

264 1299 329 1332 que
346 1291 432 1321 enim
449 1291 575 1322 dixeris
588 1292 724 1332 accipere
738 1293 771 1324 in
787 1292 957 1333 brachium,

263 1341 321 1372 sed
337 1341 370 1372 in
385 1341 521 1381 brachia,
536 1341 584 1372 ita
597 1342 646 1373 uti
662 1347 696 1373 et
709 1343 825 1374 Graeci
839 1343 959 1375 solent.

264 1392 333 1423 Sed
350 1396 386 1422 et
400 1391 487 1422 ratio
504 1392 590 1432 ipsa,
606 1392 731 1433 absque
748 1403 807 1424 usu
823 1394 880 1433 sit,
896 1395 959 1425 boc

262 1441 364 1473 facile
394 1441 608 1481 persuadeat.
649 1443 762 1474 Faber.
817 1444 961 1475 Gemina

265 1492 341 1523 huic
357 1492 442 1531 ῥῆσις
457 1496 509 1522 est
530 1491 591 1523 inf.
609 1501 676 1525 ΧΠ.
697 1497 726 1525 6.
747 1497 797 1525 11.
821 1495 829 1510 ‘
846 1494 886 1525 In
904 1504 960 1526 cu-

259 1543 317 1583 jus
331 1542 485 1572 manibus
498 1542 679 1582 pueritiam
696 1543 837 1584 egerat!
871 1545 961 1583 Ergo

266 1593 355 1634 quod
372 1592 533 1624 Germani
548 1593 614 1623 mei
637 1593 768 1634 dicunt,
794 1586 868 1625 Rufi
888 1590 961 1627 nen

267 1644 354 1676 arm
376 1633 606 1684 neminum
624 1643 735 1674 Latini
756 1644 875 1676 dieunt
900 1646 962 1676 ‘in

272 1703 406 1725 manum
424 1691 604 1733 accipere!
633 1693 706 1724 Vor.

315 1744 415 1775 Veluti
428 1745 467 1774 ad
483 1747 584 1774 notam
599 1743 719 1783 allusit]
743 1744 799 1775 Sic
819 1749 962 1786 quatuor

266 1794 350 1825 Mss.
381 1793 500 1824 nostri.
555 1793 716 1833 Iinpressi
742 1795 962 1835 interponunt

262 1853 351 1885 puer.
386 1843 497 1874 Oxon.
541 1843 652 1874 Recte
684 1844 796 1876 Oxon.
826 1850 962 1877 secutus

265 1897 408 1935 quatuor
429 1892 511 1923 Mss.
536 1903 611 1932 puer
625 1893 767 1933 delevit,
795 1889 830 1926 et
845 1895 961 1926 Vorst.

265 1953 342 1974 curn
369 1941 491 1973 Scheff.
518 1942 552 1973 in
575 1952 665 1984 seqq.
689 1943 832 1981 infantis,
876 1945 963 1976 Sunt

265 1993 494 2033 interpretum
521 1993 742 2032 glossemata:
777 1995 963 2026 blandientis

266 2047 329 2082 est,
355 2053 431 2074 cum
460 2042 673 2074 blandiretur
709 2044 743 2075 in
769 2045 960 2077 alludendo.

269 2092 376 2123 Groev.

312 2142 419 2173 Dulcis
447 2142 572 2182 quidam
608 2142 794 2175 blandientis
829 2144 962 2183 infantis

263 2193 357 2232 risus]
382 2194 473 2233 Lege
489 2193 677 2225 blandientis
691 2194 850 2232 insantiae:
875 2196 961 2227 hanc

265 2242 353 2274 enim
369 2243 450 2274 lect.
473 2242 674 2275 confirmant
690 2244 836 2277 Quintil.
860 2245 959 2277 Decl.

265 2302 342 2325 xix.
363 2294 373 2310 ‘
392 2295 504 2327 Quum
521 2294 630 2325 adhuc
647 2294 741 2325 rudis
759 2296 851 2327 unici
867 2296 962 2326 blan-

265 2344 396 2374 diretur
412 2342 555 2375 infantia
568 2344 590 2375 :'
613 2349 649 2375 et
674 2345 761 2375 Plin.
780 2354 899 2376 xxxn.
916 2346 962 2378 N.

266 2393 313 2425 H.
327 2396 359 2425 2.
381 2396 389 2411 ‘
404 2393 538 2424 Surculi
553 2392 710 2425 infantiae
724 2395 853 2435 alligati
874 2401 961 2427 tute-

264 2444 329 2474 lam
340 2443 468 2474 habere
481 2443 689 2475 creduntur.'
714 2445 850 2475 Gronov.
895 2446 962 2476 Mi-

265 2503 339 2524 rum
365 2493 452 2534 quod
481 2494 644 2534 Bongars.
669 2493 800 2534 adjecit
819 2494 963 2535 infantis,

265 2554 340 2576 cum
356 2545 391 2575 in
407 2545 652 2586 antiquioribus
676 2546 765 2586 typis
789 2547 960 2586 expressis

265 2595 299 2626 id
315 2605 381 2627 non
405 2595 585 2634 inveniret,
609 2605 792 2637 vocemque
817 2601 825 2614 ‘
844 2596 961 2637 pueri’

260 2645 333 2685 Jam
369 2645 470 2686 paulo
508 2650 586 2676 ante
629 2646 776 2686 positam
815 2647 960 2679 videret.

270 2694 375 2726 Vorst.
419 2695 527 2726 Recte
549 2695 633 2725 illud
655 2694 788 2733 infantis
810 2706 830 2727 a
844 2696 960 2728 Vorst.

267 2744 413 2783 deletur,
436 2754 512 2775 cum
538 2745 617 2776 libri
637 2750 723 2776 vett.
750 2755 816 2777 non
841 2756 960 2787 agnos-

267 2798 356 2826 cant.
401 2795 527 2825 Forsan
551 2800 587 2825 et
610 2795 754 2826 alterum
777 2796 962 2828 blandientis

267 2844 458 2875 delendum.
504 2844 606 2876 Certe
617 2854 684 2876 non
698 2846 869 2878 cohaerent
881 2847 960 2877 satis

269 2893 443 2924 commode
463 2896 608 2935 apparuit
630 2895 663 2925 in
684 2896 738 2926 illo
763 2897 842 2927 risus
864 2897 963 2927 dulcis

269 2942 452 2975 blandientis
459 2954 471 2982 ,·
510 2945 634 2977 rectius
672 2946 812 2979 dixisset
849 2947 883 2979 in
909 2947 961 2979 illo

1618 385 1702 426 627

1006 490 1190 522 blandiente.
1236 491 1303 522 Sed
1332 490 1374 522 de
1399 491 1463 523 hoc
1488 489 1535 522 sic
1561 490 1702 533 quisque

1006 545 1146 579 statuat,
1162 544 1200 571 ut
1216 541 1317 572 volet.
1340 540 1443 578 Schef.

1053 591 1140 622 Uxor
1153 591 1249 631 ultro]
1284 591 1396 623 Oxon.
1414 601 1458 622 ex
1471 592 1540 623 Ms.
1556 602 1610 624 ux.
1624 588 1701 622 inul-

1005 645 1080 673 tum.
1104 642 1220 674 Graev.

1052 693 1119 727 Quo
1134 702 1220 723 suum
1242 694 1367 732 partum.
1385 702 1441 732 pro
1456 692 1508 723 illo
1523 691 1704 732 exponeret]

1007 742 1085 773 Hoc
1109 751 1176 772 non
1198 747 1251 773 est
1268 742 1459 773 verisimile.
1505 742 1703 773 Herodotus

1006 792 1055 823 ait
1080 802 1220 823 uxorem
1245 792 1390 833 pastoris
1419 792 1593 833 peperisse
1618 801 1706 823 mor-

1008 847 1102 874 tuum
1119 853 1271 883 puerum,
1285 847 1387 884 atque
1403 843 1495 873 illum
1513 842 1704 882 expositum

1009 902 1070 933 pro
1086 893 1187 934 Cyro,
1209 892 1298 934 quod
1315 897 1366 923 est
1383 902 1463 923 vero
1479 892 1637 923 similius:
1661 902 1705 923 ae-

1009 952 1074 984 que
1086 943 1173 973 enim
1189 947 1359 983 pastorum
1373 951 1493 972 uxores
1510 951 1552 972 ex
1573 951 1609 972 se
1626 951 1700 982 pro-

1009 997 1129 1034 gnatos
1143 993 1269 1024 liberos
1284 992 1441 1033 diligunt,
1461 996 1562 1033 atque
1578 991 1704 1031 reginae

1010 1053 1086 1074 suas
1105 1044 1229 1084 proles.
1273 1044 1362 1074 Sane
1378 1043 1485 1074 multa
1507 1044 1541 1073 in
1557 1043 1620 1073 hac
1638 1042 1705 1072 his-

1010 1093 1096 1124 toria
1111 1098 1189 1124 sunt
1205 1093 1332 1124 variata
1347 1093 1387 1124 ab
1404 1092 1575 1124 Herodoti
1602 1092 1705 1123 tradi-

1009 1143 1115 1183 tione,
1133 1153 1209 1184 quae
1233 1143 1362 1183 longius
1386 1142 1545 1184 prosequi
1568 1151 1635 1172 non
1651 1145 1705 1172 est

1009 1194 1115 1225 nostri
1131 1194 1311 1234 propositi.
1357 1192 1525 1224 Herodoti
1543 1192 1631 1223 enim
1648 1190 1706 1222 de-

1009 1244 1149 1285 scriptio
1166 1249 1218 1275 est
1240 1245 1341 1284 longe
1359 1242 1579 1282 verisimilior,
1601 1241 1707 1272 maxi-

1008 1304 1062 1326 me
1075 1295 1132 1326 ubi
1145 1300 1264 1336 postea
1278 1294 1405 1325 bellum
1417 1298 1470 1326 est
1480 1293 1568 1324 inter
1578 1293 1706 1333 Cyrum

1009 1349 1044 1376 et
1060 1344 1260 1385 Astyagem.
1286 1345 1379 1375 Glar.

1054 1395 1122 1430 Quo
1151 1405 1237 1425 suum
1264 1393 1405 1435 partum]
1445 1393 1522 1424 Scio
1551 1394 1707 1432 usur-pari

1009 1445 1190 1485 aliquando
1204 1445 1212 1461 ‘
1229 1443 1312 1484 quo'
1329 1453 1402 1484 pro,
1425 1447 1484 1481 ut;
1508 1447 1544 1474 at
1565 1443 1595 1472 h.
1611 1442 1632 1473 l.
1650 1452 1708 1473 ne-

1009 1497 1140 1536 sci0,an
1149 1495 1420 1526 sitconveniens:
1434 1494 1592 1534 suspicor
1602 1493 1708 1533 scrip-

1011 1547 1092 1576 sisse
1108 1546 1234 1578 Justin.
1254 1548 1288 1575 ut
1300 1548 1455 1584 pastorem
1468 1554 1545 1575 uxor
1560 1545 1643 1574 ultro
1658 1554 1707 1574 ro-

1008 1598 1101 1635 garet
1129 1606 1256 1635 quoque,
1281 1605 1370 1625 suum
1395 1598 1529 1634 partum.
1583 1593 1706 1624 Oratio

1012 1644 1168 1686 profecto
1185 1645 1283 1684 longe
1307 1643 1477 1675 efficacior
1494 1648 1529 1674 et
1550 1644 1709 1675 conveni-

1013 1695 1136 1727 entior.
1173 1694 1279 1732 Schef.
1340 1694 1410 1725 Alii
1445 1694 1608 1725 omittunt
1633 1694 1707 1724 haec

1012 1745 1127 1785 verba,
1151 1755 1206 1784 quo
1220 1754 1310 1775 suum
1330 1748 1456 1784 partum
1477 1753 1533 1783 pro
1548 1744 1600 1774 illo
1615 1753 1708 1783 expo-

1011 1798 1109 1825 neret.
1156 1794 1353 1825 Herodotus
1381 1798 1501 1825 auctor
1525 1797 1577 1824 est
1600 1792 1708 1823 infan-

1012 1848 1081 1875 tem
1097 1844 1242 1884 pastoris
1266 1848 1434 1874 mortuum
1450 1842 1555 1873 fuisse
1570 1846 1709 1880 natum;

1011 1893 1100 1925 unde
1118 1895 1150 1924 in
1178 1893 1337 1924 orbitatis
1365 1892 1521 1923 solatium
1538 1896 1708 1932 permuta-

1011 1946 1058 1975 tio
1076 1945 1139 1975 ista
1155 1944 1222 1974 vivi
1249 1943 1343 1984 pueri
1371 1944 1445 1973 loco
1463 1941 1617 1972 defuncti
1640 1951 1707 1972 non

1010 1999 1140 2026 temere
1157 1994 1392 2035 expetebatur.
1411 1994 1514 2024 Oxou.
1539 1993 1607 2028 Quo
1619 2002 1708 2022 suum

1006 2056 1038 2086 p.
1051 2055 1085 2085 p.
1103 2045 1126 2076 ι’.
1142 2055 1214 2086 exp.
1240 2049 1275 2075 et
1293 2044 1382 2085 quod
1409 2043 1560 2085 sequitur
1576 2051 1632 2083 que
1650 2051 1708 2074 un-

1010 2095 1095 2126 cinis
1110 2094 1254 2126 includit
1271 2094 1334 2125 Ed.
1351 2094 1462 2134 Bong.

1053 2148 1070 2187 ξ
1088 2149 1128 2177 14
1153 2147 1280 2177 Nutricz'
1290 2148 1395 2186 postea
1407 2145 1504 2185 Spaco
1517 2142 1709 2181 nomensuit,

1009 2197 1079 2237 quia
1094 2207 1198 2227 canem
1214 2197 1322 2228 Persae
1343 2196 1387 2226 sic
1401 2193 1525 2234 vocant]
1560 2193 1644 2224 Cum
1672 2197 1709 2223 et

1008 2247 1136 2286 Trogus
1154 2247 1276 2286 Pomp.
1294 2250 1330 2277 et
1355 2244 1486 2276 Herod.
1504 2243 1576 2284 ipse
1603 2241 1708 2273 tradi-

1010 2295 1127 2327 derint
1151 2296 1214 2327 hac
1241 2305 1325 2326 voce
1359 2303 1476 2325 canem
1505 2303 1558 2333 ap·
1584 2292 1708 2322 Persas

1009 2344 1204 2385 significari,
1235 2345 1277 2375 ab
1308 2344 1348 2375 iis
1379 2343 1534 2384 quaesivi,
1564 2350 1645 2382 quos
1672 2340 1707 2370 in

1008 2396 1072 2426 hoc
1098 2405 1221 2436 genere
1248 2395 1335 2426 scire
1360 2393 1486 2435 aliquid
1512 2391 1706 2429 credebam,

1011 2450 1120 2476 utrum
1137 2446 1170 2476 id
1186 2445 1350 2486 hodieque
1365 2453 1484 2475 verum
1500 2442 1614 2474 esset?
1638 2441 1706 2472 Ne-

1011 2501 1145 2536 garunt‚
1172 2500 1208 2526 et
1231 2495 1296 2526 alio
1322 2494 1455 2525 nomine
1483 2501 1571 2523 nunc
1587 2500 1707 2522 canem

1010 2545 1148 2576 Persice
1166 2545 1278 2576 vocari
1303 2543 1526 2575 affirmavere.
1572 2540 1620 2572 At
1642 2550 1707 2580 ego

1010 2596 1074 2627 hoc
1090 2597 1173 2634 scio,
1196 2605 1315 2626 canem
1345 2604 1401 2634 ap.
1428 2593 1623 2633 Hyrcanos,
1649 2589 1707 2630 qui

1010 2646 1072 2677 sub
1086 2646 1214 2677 ditione
1229 2645 1411 2676 Persarum
1425 2646 1514 2682 sunt,
1526 2651 1615 2672 nunc
1627 2649 1707 2681 quo·

1010 2706 1075 2737 que
1093 2696 1158 2727 dici
1175 2695 1278 2736 δραι-ς
1302 2694 1391 2725 unde
1414 2693 1482 2733 huj.
1507 2690 1707 2731 appellatio-

1010 2747 1061 2778 nis
1078 2751 1229 2777 vetustas
1247 2748 1400 2785 apparet.
1446 2743 1523 2774 Hoc
1544 2740 1646 2771 didici
1663 2748 1707 2770 ex

1010 2797 1132 2836 Libris,
1145 2806 1171 2828 s.
1186 2793 1432 2832 Relationibus‚
1443 2790 1631 2830 Wikfortii,
1643 2789 1708 2820 viri

1008 2848 1136 2879 clariss.
1154 2851 1256 2886 atque
1279 2843 1473 2885 elegantiss.
1483 2850 1582 2882 quem
1600 2840 1705 2870 virum

1011 2897 1128 2938 populi
1142 2896 1383 2937 principesque
1399 2892 1539 2932 ambire,
1555 2891 1705 2931 amplex-

1011 2948 1071 2988 ari,
1099 2950 1251 2988 possent,
1275 2945 1302 2976 si
1328 2944 1422 2975 illum
1448 2942 1530 2975 satis
1554 2945 1702 2975 nossent.
