2101 3419
673 404 871 436 Jusrmt
907 404 1001 436 Lm.
1035 405 1123 436 xx.
1155 406 1261 436 CAP.
1291 397 1331 436 5.
1632 394 1709 437 901

270 500 279 517 ⁸
296 500 334 532 C.
350 500 436 540 disp.
453 499 697 537 assiduitatem,
711 504 786 530 orat
799 503 837 530 ut
854 499 966 532 matr!

319 551 408 582 Velut
424 550 626 581 instrumenta
643 549 793 590 luoeuria’]
829 550 967 580 Tertul-

270 602 350 632 lian.
376 611 426 632 w.
448 604 481 632 2.
505 601 548 632 de
572 601 700 632 Habitu
723 601 865 632 Mulieb.
889 601 897 617 ‘
916 600 967 630 in-

269 654 459 682 strumenta
488 650 660 682 muliebris
689 650 803 691 gloriae
815 649 824 663 '
854 654 965 681 vocat.

270 702 320 732 Eo
344 702 363 733 l.
383 701 439 732 ubi
464 701 601 742 legitur,
621 701 898 732 ‘Medicamenta
922 709 965 731 ex

270 750 359 788 fuco,
377 751 495 792 quibus
511 752 598 782 lanae
615 750 835 790 colorantur,'
851 760 964 781 cinen-

269 801 369 833 daud.
387 801 520 833 videtur
530 803 627 833 malae.
641 803 805 842 Bongars.
829 800 963 831 Saresb.

267 851 275 867 ‘
290 852 382 892 quasi
399 853 467 882 lux.
486 852 583 883 instr.
599 851 641 883 d!
664 851 690 881 A
699 862 730 891 p.
748 851 903 883 Gualter.
918 852 965 882 vel

268 902 354 932 male.
368 901 497 933 editum
513 906 565 932 est
580 911 640 942 pro
655 902 749 932 velut.

316 951 431 991 anue,
446 950 513 992 ὅμκ]
535 951 690 982 Gualter.
713 953 722 968 ‘
740 951 784 981 Et
800 950 832 981 in
847 950 882 983 J.
899 950 964 982 aed.

268 1001 382 1032 delata
396 1001 460 1041 ipsi
477 1002 522 1032 D.
538 1001 577 1032 c.'
607 1001 691 1031 Mox
703 1010 816 1041 margo
828 999 963 1031 Saresb.

266 1052 276 1069 ‘
293 1050 347 1083 Al.
362 1051 573 1092 praeferentes.
604 1051 660 1083 Al.
677 1050 867 1091 praeferens.'
891 1050 966 1082 Pri-

268 1112 306 1133 us
323 1102 424 1133 etiam
441 1102 501 1133 dat
519 1102 679 1133 Vincent.
703 1101 872 1141 posterius
898 1101 964 1131 Pe-

266 1152 467 1183 rizonianus.
512 1152 667 1184 Gualter.
691 1152 700 1169 ‘
720 1152 859 1182 Docens
885 1160 966 1182 vera

267 1206 492 1234 matronarum
507 1212 579 1234 orn.
591 1201 789 1243 pudicitiam
803 1210 964 1242 esse,non

270 1254 402 1286 vestes.’

310 1307 327 1346 ς
352 1308 392 1337 14
415 1304 561 1336 Sodalitz'i
578 1304 652 1344 jure
676 1306 867 1334 sacramento
893 1312 965 1343 quo-

268 1356 339 1386 dam
355 1355 444 1395 nexi]
475 1357 558 1386 Mss.
572 1356 636 1385 sod.
652 1354 750 1392 juris.
796 1352 895 1385 Quod
908 1362 965 1383 ex-

269 1407 443 1437 osculatur
469 1406 591 1437 merito
619 1405 768 1435 Gronov.
805 1402 891 1434 obs.
916 1411 965 1434 ιν.

271 1459 320 1487 17.
335 1456 498 1497 praefatus
515 1454 759 1495 sodalitiijuris
777 1463 966 1484 sacramen-

270 1510 340 1537 tum
357 1516 430 1537 esse
446 1506 529 1537 illud
543 1505 723 1544 vinculum,
736 1514 800 1545 quo
813 1504 965 1534 contine-

269 1556 369 1588 batur
382 1557 524 1587 societas
548 1557 692 1595 illorum⁷
715 1554 772 1595 qui
797 1554 962 1585 coierant.

271 1607 377 1638 Graev.
422 1606 463 1637 In
479 1607 562 1637 Mss.
581 1605 688 1637 Codd.
704 1605 833 1645 aliquot
857 1604 963 1644 scrip-

271 1660 342 1687 tum
359 1660 410 1687 est
424 1656 725 1696 sodalitiij12ris,23-c.
772 1654 870 1687 Quod
888 1664 965 1694 pro-

271 1705 330 1737 bat
357 1706 506 1738 Gronov.
552 1706 637 1736 Mihi
664 1710 775 1736 autem
802 1703 964 1735 credibile

270 1755 309 1786 fit
345 1756 482 1788 verbum
509 1756 645 1798 aliquod
675 1756 751 1786 hinc
783 1755 963 1786 excidisse.

270 1806 433 1838 Libenter
447 1811 540 1838 certe
566 1806 705 1847 legerim
719 1815 787 1836 cum
801 1807 865 1836 sod.
889 1805 964 1844 jure

269 1857 352 1887 vel-ut
366 1867 428 1888 sac.
441 1868 469 1897 q.
485 1867 515 1888 n.
540 1856 624 1888 Fab.

311 1906 550 1945 sodalitiijuris
564 1906 662 1946 sacr]
687 1905 743 1937 Ita
759 1905 893 1936 omnino
916 1906 963 1936 le-

270 1956 370 1997 gend.
388 1966 509 1988 censeo
525 1967 601 1988 cum
626 1957 777 1987 Gronov.
794 1965 859 1986 non
877 1955 964 1993 jure,

268 2000 306 2036 u‘t
321 2006 430 2046 Bong.
448 2011 483 2037 et
504 2007 667 2037 Bernecc.
681 2005 830 2036 edidere.
873 2005 964 2035 Illud

260 2055 344 2094 juris
359 2056 393 2086 in
408 2057 507 2088 codd.
524 2057 608 2087 Mss.
628 2065 702 2087 esse
729 2055 802 2095 ipse
816 2058 964 2086 testatur

269 2107 377 2147 Bong.
436 2107 561 2137 Mirum
588 2106 692 2146 igitur
723 2104 811 2146 quod
835 2114 901 2136 non
928 2110 964 2136 et

269 2156 343 2196 ipse
360 2157 393 2188 in
410 2161 543 2188 textum
560 2156 703 2196 recepit.
748 2156 911 2187 Ceterum
925 2154 963 2185 τὸ

260 2206 346 2245 juris
366 2208 593 2248 pleonasmum
617 2206 671 2237 hic
695 2205 797 2246 sapit.
842 2206 963 2237 Posset

269 2257 372 2288 etiam
387 2257 456 2288 diei
477 2258 486 2274 ‘
497 2257 647 2288 sodalitii
659 2260 868 2287 sacramento
882 2265 963 2297 quo-

271 2307 349 2338 dam
368 2307 467 2338 nexi.’
511 2308 565 2339 Sic
592 2315 698 2338 xxix.
714 2309 746 2337 4.
763 2309 796 2337 9.
820 2306 829 2323 ‘
844 2306 885 2337 In
911 2315 962 2336 so-

270 2357 490 2398 cietatisjure
507 2356 676 2389 retinere'
699 2360 753 2387 est
777 2365 851 2396 pro,
879 2355 964 2387 soci-

270 2411 364 2439 etate
379 2408 536 2439 retinere.
565 2408 639 2439 Vor.
676 2406 866 2447 Anglijure.
901 2404 964 2437 At-

270 2466 334 2498 que
350 2458 395 2489 ita
413 2459 495 2490 Mss.
513 2457 581 2489 alii.
622 2456 722 2488 Unde
741 2458 873 2497 penitus
889 2466 964 2497 per·

271 2518 403 2541 suasum
418 2510 526 2542 habeo
540 2520 613 2541 esse
630 2510 774 2550 glossam
792 2509 964 2550 sequentis

269 2560 278 2575 ‘
296 2561 528 2601 sacramento‚’
543 2571 581 2592 ac
592 2561 721 2592 idcirco
737 2561 871 2591 delend.
884 2560 892 2577 ‘
904 2561 964 2592 Sa-

270 2615 480 2642 cramentum
503 2611 676 2650 sodalitii‚’
698 2616 736 2642 ut
761 2621 815 2651 ap.
839 2611 963 2651 Veget.

270 2664 306 2690 et
319 2660 415 2700 alios,
436 2662 446 2679 ‘
460 2665 703 2692 sacramentum
719 2660 873 2692 militiae!
903 2661 964 2692 Fa-

271 2709 331 2740 ber
343 2710 427 2751 legit
438 2711 575 2743 sodalitii
581 2711 656 2750 jure
670 2713 752 2743 velut
763 2715 964 2743 sacramento.

272 2760 423 2802 Frustra,
444 2772 520 2794 cum
542 2762 585 2794 de
611 2763 814 2804 interposito
833 2763 964 2804 jureju-

273 2811 378 2841 rando
393 2813 434 2843 sit
450 2818 592 2845 certum.
616 2813 666 2844 Id.

314 2859 508 2901 separatam,
531 2861 600 2902 εμπ]
634 2862 713 2893 Sen.
745 2863 811 2903 Ep.
841 2867 872 2895 5.
895 2864 905 2881 ‘
922 2863 964 2895 Id

273 2918 420 2952 agamus,
435 2916 472 2943 ut
487 2913 658 2944 meliorem
671 2914 774 2944 vitam
787 2922 965 2955 sequamur

1016 510 1114 541 quam
1129 501 1261 540 vulgus,
1273 510 1339 531 non
1352 503 1388 531 ut
1405 499 1608 531 contrariam
1624 510 1631 531 ε
1657 500 1716 531 ali-

1017 551 1106 591 oqui,
1122 560 1207 591 quos
1234 550 1407 581 emendari
1434 551 1596 591 volumus,
1619 550 1715 591 fuga-

1017 610 1102 638 mus,
1119 605 1153 631 et
1171 611 1189 631 a
1207 600 1301 631 nobis
1317 600 1516 637 avertimus,
1533 603 1596 632 δερ.
1637 601 1715 632 Hoc

1017 650 1161 690 primum
1188 650 1408 690 Philosophia
1434 650 1614 690 promittit,
1639 660 1715 681 sen-

1014 710 1084 731 sum
1097 710 1319 738 communem,
1328 701 1583 739 humanitatem,
1592 705 1627 732 et
1638 710 1716 731 con-

1016 751 1272 790 gregationem:
1300 760 1319 781 a
1335 760 1401 791 qua
1419 749 1630 791 professione
1648 750 1715 781 dis-

1015 801 1201 832 similitudo
1217 800 1416 840 separabit.'
1461 800 1533 831 Cic.
1560 800 1680 831 citatus
1698 811 1716 831 a

1016 850 1179 882 Lactant.
1207 860 1262 881 111.
1288 853 1340 881 15.
1364 849 1615 890 ‘Philosophiae
1644 850 1716 890 qui-

1014 901 1091 932 dem
1114 906 1292 942 praecepta
1314 901 1510 933 noscenda:
1537 901 1715 932 vivendum

1013 956 1126 982 antem
1142 951 1309 982 civiliter.'
1329 952 1428 983 Bern.

1063 1001 1167 1032 Vitam
1183 1001 1375 1041 exercerent]
1398 1001 1534 1033 Saresb.
1552 1001 1610 1032 ubi
1627 1002 1715 1033 hunc

1015 1052 1036 1083 l.
1053 1052 1151 1091 citat,
1168 1052 1189 1084 i.
1204 1063 1233 1084 e.
1253 1055 1369 1084 V11.4.
1402 1052 1531 1083 Policr.
1549 1062 1610 1092 pro
1633 1053 1642 1069 ‘
1655 1063 1713 1084 ex-

1015 1108 1174 1134 ercerent
1190 1102 1198 1115 '
1221 1102 1326 1134 habet
1349 1102 1534 1142 ‘agerent.’
1563 1103 1636 1134 Vor.

1060 1153 1227 1183 Civitatem
1256 1154 1289 1183 in
1316 1162 1347 1183 se
1369 1152 1600 1191 converterunt]
1639 1152 1714 1185 Nec

1016 1203 1196 1234 immerito.
1222 1203 1295 1234 Liv.
1312 1212 1444 1234 xxxw.
1456 1206 1488 1234 2.
1504 1205 1534 1234 4.
1557 1204 1566 1221 ‘
1581 1203 1634 1234 Ab
1651 1205 1714 1235 hoc

1017 1262 1141 1292 genere
1169 1263 1333 1284 summum
1369 1254 1556 1294 periculum
1589 1258 1652 1294 est,
1686 1255 1715 1285 si

1016 1308 1134 1342 coetus,
1151 1307 1186 1334 et
1201 1304 1356 1343 concilia,
1371 1309 1406 1335 et
1419 1309 1566 1336 secretas
1583 1307 1716 1337 consul-

1016 1354 1160 1384 tationes
1183 1363 1257 1385 esse
1285 1353 1398 1386 sinas.’
1443 1354 1521 1386 Vid.
1548 1355 1714 1387 Rittersh.

1017 1404 1049 1435 in
1066 1405 1192 1436 Malch.
1212 1415 1245 1445 p.
1262 1408 1314 1436 36.
1342 1406 1440 1437 Rern.

1058 1456 1072 1495 §
1098 1458 1136 1486 17
1160 1454 1317 1494 Decessit]
1341 1455 1567 1487 Decessitvel
1580 1455 1710 1487 inedia:

1016 1505 1071 1536 vel
1099 1504 1300 1536 interfectus
1323 1515 1341 1536 a
1365 1505 1597 1546 Syracusanis,
1633 1506 1713 1537 dum

1015 1565 1132 1596 agrum
1160 1554 1338 1587 fabaceum
1365 1556 1501 1587 circuit.
1556 1556 1713 1588 Laertius

1016 1605 1048 1635 in
1060 1605 1206 1646 Pythag.
1218 1606 1335 1636 Tzetz.
1354 1605 1440 1636 Chil.
1457 1615 1507 1637 xt.
1520 1609 1594 1637 366.
1614 1607 1713 1639 Bern.

1058 1657 1075 1696 ξ
1103 1658 1140 1686 18
1167 1656 1275 1694 Cujus,
1292 1655 1358 1695 iffa]
1405 1656 1563 1687 Gualter.
1587 1657 1714 1697 ‘Cujsss

1017 1710 1113 1737 tanta
1128 1706 1160 1736 in
1177 1707 1300 1747 populo
1316 1705 1380 1737 fuit
1396 1707 1509 1746 opinio
1526 1711 1563 1738 nt
1579 1717 1620 1738 ex
1637 1707 1670 1738 d.
1683 1717 1713 1739 e.

1016 1763 1040 1790 t.
1057 1758 1224 1798 facerent,
1252 1763 1287 1790 et
1313 1759 1422 1799 ipsum
1441 1768 1500 1799 pro
1517 1759 1560 1789 D.
1575 1759 1618 1790 c.'
1654 1759 1714 1790 Sa·

1014 1809 1101 1840 resb.
1123 1810 1323 1849 ‘ipsumque
1339 1819 1400 1849 pro
1413 1809 1455 1841 D.
1473 1809 1516 1840 c.'
1560 1809 1664 1841 Diod.
1681 1809 1713 1840 in

1015 1860 1178 1900 Excerpt.
1227 1860 1440 1900 Porpllyrog.
1472 1869 1506 1900 p.
1534 1862 1608 1891 246.
1637 1858 1712 1891 Ἶσα

1014 1912 1100 1941 Θεοῖς
1113 1910 1194 1951 παρὰ
1209 1912 1274 1941 τοῖς
1287 1908 1505 1951 Κροτωνιάταις
1518 1911 1654 1949 ἐτιμᾶτο.

1058 1961 1227 2001 Templum]
1266 1961 1401 1992 Cereris
1418 1961 1593 1992 delubrum
1612 1970 1711 1992 voca-

1015 2011 1110 2050 bant,
1125 2010 1304 2052 vicumque
1331 2010 1440 2041 Musis
1464 2015 1648 2050 sacratum,
1674 2015 1714 2042 ut

1015 2060 1060 2092 id.
1077 2070 1119 2091 ex
1131 2061 1311 2091 Phavorin.
1329 2059 1446 2092 refert.
1493 2061 1620 2091 Firmat
1634 2062 1711 2092 Val.

1015 2111 1064 2142 M.
1081 2120 1165 2143 vul.
1184 2115 1237 2143 15.
1254 2114 1283 2143 l.
1318 2112 1399 2143 Ext.
1416 2121 1449 2152 p.
1466 2113 1540 2142 291.
1555 2121 1598 2142 m.
1630 2112 1711 2143 Vid.

1015 2162 1159 2193 Casaub.
1175 2163 1217 2193 ad
1234 2162 1349 2194 Laert.
1361 2173 1394 2203 p.
1410 2165 1482 2194 103.
1501 2161 1524 2192 f.
1543 2165 1572 2193 1.
1598 2163 1696 2193 Rern.

1058 2213 1145 2244 CAP.
1161 2223 1195 2244 v.
1225 2214 1241 2254 ᾧ
1259 2216 1275 2244 1
1294 2212 1411 2254 Supra]
1427 2214 1482 2244 Sc.
1499 2213 1568 2253 huj.
1586 2213 1644 2245 lib.
1661 2223 1712 2255 pr.

1015 2263 1114 2294 Idem.

1056 2314 1073 2353 ᾗ
1098 2315 1118 2344 4
1139 2312 1224 2344 Ante
1239 2312 1370 2353 menses]
1415 2313 1506 2344 Puto
1535 2314 1711 2354 scripsisse

1013 2366 1085 2393 ante
1100 2373 1239 2395 mensem.
1254 2364 1354 2394 Voss.
1399 2363 1485 2394 Haec
1500 2364 1627 2395 locutio
1644 2374 1710 2394 non

1015 2417 1068 2443 est
1092 2412 1244 2453 integra;
1269 2413 1350 2454 quid
1376 2414 1465 2444 enim
1487 2413 1712 2445 untemenses?

1015 2462 1119 2493 debet
1149 2463 1268 2494 adesse
1297 2473 1469 2503 numerus,
1507 2465 1560 2495 vel
1588 2465 1710 2496 saltem

1016 2515 1120 2546 verbo
1151 2515 1263 2556 aliquo
1291 2516 1437 2554 ostendi,
1473 2526 1549 2547 eum
1577 2522 1709 2548 eertum

1014 2574 1079 2595 non
1096 2566 1310 2605 nominari,e.
1326 2577 1357 2606 g.
1370 2569 1440 2597 ante
1452 2576 1567 2597 menses
1580 2567 1709 2607 aliquot,

1015 2616 1068 2645 vel
1082 2626 1203 2655 paucos.
1249 2617 1351 2647 Nune
1378 2618 1446 2648 tale
1475 2618 1522 2647 nil
1548 2617 1708 2649 occurrit.

1016 2665 1057 2695 In
1075 2666 1157 2697 Mss.
1172 2666 1296 2706 legitur
1321 2676 1423 2698 meses.
1466 2667 1565 2698 Unde
1592 2667 1709 2698 nescio

1015 2725 1124 2747 annon
1141 2717 1247 2747 videri
1271 2717 1398 2748 Noster
1413 2717 1519 2757 possit
1534 2718 1709 2758 scripsisse

1014 2776 1130 2796 menses
1143 2776 1210 2797 sex.
1255 2767 1301 2797 Et
1327 2770 1379 2797 est
1403 2767 1500 2806 ratio,
1527 2768 1606 2808 quia
1631 2772 1709 2808 post

1014 2815 1187 2846 incensam
1216 2815 1333 2847 urbem
1360 2817 1564 2857 Capitolium
1592 2823 1708 2850 tenue-

1015 2870 1093 2896 rant
1108 2866 1281 2897 obsessum
1300 2876 1360 2907 per
1375 2876 1435 2898 sex
1458 2877 1589 2899 menses
1605 2868 1709 2908 Galli,

1015 2921 1050 2947 et
1067 2921 1143 2957 post
1170 2926 1290 2958 pacem
1306 2916 1474 2959 fecerant,
1502 2928 1566 2960 quo
1592 2920 1707 2951 verisi-
