2174 3424
517 338 602 380 652
972 345 1112 376 No'rAE

519 441 636 480 credo,
651 440 736 481 legit
757 441 867 481 Bong.
906 440 995 474 Ante
1020 444 1129 482 ipsum
1146 440 1218 472 edi-

519 497 590 523 tum
607 492 717 522 fuerat
732 491 766 522 in
782 502 808 523 e.
824 492 923 532 ipsum
938 503 980 524 m.
1026 494 1087 524 Est
1104 496 1215 523 autem

518 545 552 575 z’n
568 554 593 575 e.
609 543 687 583 ipsis
709 554 749 575 m.
773 553 846 584 pro,
874 543 907 574 in
934 553 965 575 e.
988 554 1032 575 m.
1057 544 1089 574 in
1119 553 1216 584 quem

520 594 626 634 ipsae3
656 598 692 624 et
722 593 857 634 quidem
883 604 945 634 per
971 594 1215 626 Graecismum:

521 654 588 685 quo
617 644 660 674 de
685 644 882 675 Vechnerus
919 645 954 675 in
981 644 1218 676 Hellenolexia

522 694 606 735 agit.
652 694 765 726 Graeci
781 694 901 726 dicunt
915 694 1009 726 ταύτὸ
1025 694 1139 735 ἐκείνῳ,
1163 704 1218 725 eo-

522 755 664 786 rumque
698 746 856 785 exemplo
888 746 1014 784 Latini,
1051 746 1133 776 idem
1157 745 1218 775 illi.

523 795 666 827 Lucret.
702 804 758 826 111.
793 796 945 826 ‘Eadem
983 796 1057 826 aliis
1092 796 1219 836 sopitus

522 846 635 887 quiete
648 845 721 876 est.'
765 845 884 876 Horat.
895 846 937 876 ad
951 846 1022 876 Pis.
1045 848 1054 863 ⁶
1069 846 1219 876 Invitum

523 897 579 938 qui
596 901 711 927 servat
728 896 817 927 idem
831 895 914 927 facit
927 895 1120 927 occidenti.'
1142 897 1221 927 Vid.

524 952 561 978 et
596 947 656 978 lib.
689 951 838 978 nostrum
878 948 921 978 de
958 947 1101 978 Latinit.
1131 948 1221 979 Mer.

524 999 623 1038 Susp.
638 1007 671 1038 p.
687 1000 762 1029 227.
790 998 893 1029 Vorst.

568 1048 586 1088 ξ
611 1050 649 1078 ll
674 1047 914 1078 Dexteriorz'bus
928 1047 1081 1087 mammis]
1105 1048 1222 1078 Dexte-

523 1099 590 1129 rior
606 1107 668 1138 pro
685 1097 841 1137 dextero,
870 1102 905 1128 et
932 1098 1085 1128 similiter
1100 1098 1222 1128 siniste-

523 1149 591 1179 rior
604 1159 664 1189 pro
681 1148 816 1179 sinistro
833 1148 962 1179 dicunt.
992 1149 1047 1179 Sic
1065 1153 1100 1180 et
1116 1157 1222 1180 xxxi.

525 1202 558 1230 8.
574 1202 606 1230 6.
643 1199 849 1230 ‘Dexterius
882 1199 1009 1231 cornu!
1054 1199 1165 1230 Galba
1188 1200 1222 1230 in

526 1250 639 1290 Epist.
664 1252 716 1280 30.
741 1249 798 1280 lib.
824 1258 860 1280 x.
883 1249 993 1289 Epist.
1018 1250 1089 1280 Cic.
1107 1250 1223 1280 ‘Dex-

526 1301 634 1332 terius
671 1299 801 1338 cornu‚’
845 1300 854 1317 ⁴
873 1299 1058 1330 sinisterius
1097 1301 1224 1331 cornu.¹

526 1351 635 1381 Varro
651 1359 690 1381 11.
708 1350 749 1380 de
774 1350 815 1380 R.
835 1349 879 1380 R.
911 1350 920 1366 ⁴
935 1349 1120 1380 Dexterior
1147 1360 1224 1390 pars

527 1400 696 1432 cervicis?
740 1399 818 1430 vid.
834 1404 868 1429 et
885 1399 977 1430 Suet.
993 1399 1070 1430 Tib.
1087 1402 1116 1430 6.
1141 1400 1191 1431 ΙιΙ.

570 1453 586 1492 §
612 1454 652 1481 12
678 1450 850 1481 Marthesia
866 1453 895 1480 et
915 1450 1080 1490 Lampeto]
1108 1450 1225 1481 Scribe

529 1501 690 1542 Marpesia
717 1504 746 1531 et
777 1501 940 1540 Lampedo.
985 1501 1119 1532 Graecis
1144 1505 1226 1542 Μαρ-

527 1552 646 1589 πησσία
667 1550 717 1581 καὶ
741 1550 898 1590 Λαμπεδώ.
943 1551 1029 1582 Haec
1055 1552 1227 1593 Lampedo

528 1602 618 1633 inter
641 1602 798 1632 Pleiadas
822 1602 900 1633 olim
929 1602 1037 1632 relata
1067 1607 1142 1634 est:
1168 1603 1227 1633 sed

529 1658 651 1694 postea
678 1653 743 1684 alia
767 1653 799 1683 in
824 1653 897 1693 ejus
912 1653 1023 1684 locum
1042 1653 1228 1685 substituta

530 1709 593 1735 est.
637 1704 763 1734 Verum
797 1704 868 1734 liaec
903 1714 964 1735 nos
1002 1704 1093 1735 alias.
1129 1705 1228 1735 Voss.

530 1755 598 1785 Ms.
622 1764 707 1785 unus
739 1754 930 1794 Bongarsii,
957 1755 1124 1785 Marcesiu.
1167 1755 1229 1785 Le-

531 1805 631 1845 gend.
658 1805 828 1845 Marpesia,
845 1815 886 1835 ex
901 1805 1074 1837 Jornande
1092 1810 1127 1836 et
1143 1810 1228 1837 vett.

532 1855 610 1886 edd.
629 1855 729 1886 Diod.
748 1865 795 1886 iv.
818 1859 867 1887 16.
891 1856 900 1872 ‘
914 1856 1058 1896 Marpen
1071 1855 1078 1867 ’
1096 1856 1228 1887 videtur

531 1906 717 1947 appellare.
762 1906 869 1937 Recte
888 1907 985 1937 Voss.
1014 1907 1177 1947 Lampedo,
1193 1912 1228 1938 et

533 1958 581 1988 sie
597 1957 693 1989 Junt.
736 1957 897 1987 Ceterum
911 1961 945 1987 et
956 1956 1091 1988 Oxonn.
1109 1967 1150 1987 ex
1163 1967 1228 1988 uno

531 2007 599 2037 Ms.
631 2016 691 2046 pro
715 2007 783 2036 dicoe
806 2006 838 2037 in
860 2006 908 2036 liis
930 2006 1048 2045 reginoe
1072 2016 1228 2047 reposue-

534 2057 713 2087 runtduces
725 2055 877 2094 iissuere.
901 2056 1017 2087 Graev.
1065 2057 1228 2087 Dixeram

533 2106 670 2137 librario
688 2106 857 2137 scribend.
882 2115 956 2136 esse
981 2107 1152 2147 ssIarpesia,
1168 2117 1229 2138 nec

533 2157 685 2188 dixeram
701 2156 813 2196 modo,
826 2156 883 2187 sed
901 2161 936 2187 et
952 2166 1051 2187 manu
1069 2158 1140 2197 ipse
1157 2167 1231 2188 mea

535 2211 825 2247 praenotaveram;
857 2207 890 2237 id
909 2213 1019 2238 tamen
1037 2209 1230 2248 neglectum

535 2257 612 2288 fuit.
645 2258 748 2297 Sequi
766 2262 876 2288 autem
894 2267 988 2287 veras
1005 2258 1101 2288 lectt.
1118 2258 1232 2289 decre-

535 2308 582 2347 vi,
603 2318 676 2349 quae
694 2307 762 2338 fide
779 2308 831 2338 vel
856 2308 1002 2338 liistoriae
1026 2308 1079 2338 vel
1107 2307 1230 2339 fabulae

535 2359 711 2398 nituntur;
736 2358 817 2388 alias
838 2358 885 2388 nil
908 2367 1031 2389 moror.
1076 2358 1162 2389 Inde
1179 2364 1232 2390 est

536 2408 627 2449 qnod
644 2407 703 2440 inf.
720 2407 955 2438 excudendum
972 2408 1086 2439 curavi
1115 2410 1230 2439 Otrera

536 2468 599 2499 pro
634 2459 780 2499 Orithya,
810 2458 899 2499 quod
923 2463 959 2490 et
989 2458 1109 2489 falsum
1128 2465 1181 2490 est
1197 2464 1233 2491 et

537 2514 656 2540 contra
669 2508 942 2540 fidemhistoriae.
967 2510 1105 2541 Poterat
1119 2515 1232 2541 tamen

539 2566 573 2591 et
601 2561 713 2591 Otrere
738 2560 840 2591 scribi
866 2565 901 2590 et
931 2561 1088 2599 Otrereia,
1119 2571 1232 2602 quem-

537 2609 716 2641 admodum
742 2609 882 2640 dicimus
910 2610 1127 2651 ‘Penclope‚'
1152 2612 1234 2642 ‘Pe-

538 2661 685 2702 nelopa‚’
721 2661 962 2701 ‘Pcnelopea‚'
1000 2665 1035 2692 et
1069 2663 1235 2694 ‘Penelo-

539 2711 640 2752 peia,'
656 2717 757 2752 atque
776 2711 840 2742 alia
856 2711 896 2742 ad
915 2721 988 2742 eam
1006 2710 1165 2751 formam3
1193 2712 1235 2743 de

541 2772 607 2803 qua
636 2762 787 2793 Graeculi
818 2762 970 2802 magistri
995 2762 1036 2793 ad
1063 2761 1235 2794 fastidium

541 2823 656 2853 usque.
701 2814 860 2844 Ceterum
888 2822 947 2843 scu
973 2813 1126 2853 Lampetlo
1156 2815 1236 2844 scri-

542 2863 615 2902 bas,
643 2872 702 2893 seu
727 2863 884 2903 Lampeto,
901 2863 946 2893 nil
969 2873 1050 2894 sane
1078 2864 1237 2904 interest;

543 2913 610 2944 imo
641 2916 677 2944 et
700 2913 842 2953 Lampao
862 2912 927 2953 legi
944 2917 1070 2953 posset.
1116 2912 1162 2945 At
1177 2914 1238 2945 boc

1144 345 1409 376 VARIORUM
1446 346 1495 375 lN

1267 450 1398 481 nequeo
1416 445 1547 479 tacere3
1576 449 1652 472 cum
1669 442 1704 471 et
1730 438 1905 477 ‘Otrera,’
1931 443 1968 471 et

1266 492 1275 508 ⁴
1291 490 1478 531 Lampeto,'
1492 495 1527 521 et
1542 490 1551 506 ‘
1567 490 1777 531 Hippolyte,’
1797 495 1831 521 et
1854 492 1863 507 ‘
1877 490 1967 520 Pen-

1268 541 1430 582 thesilea‚’
1446 546 1480 572 et
1497 542 1506 558 ‘
1522 540 1743 582 Menalippe‚'
1761 545 1796 572 et
1822 542 1830 558 ‘
1845 540 1966 571 Antio·

1269 591 1336 632 pe,'
1351 594 1415 622 ἃς.
1438 591 1570 622 nomina
1587 593 1696 622 onmia
1712 592 1779 622 sint
1795 590 1969 622 Graecani-

1270 652 1319 672 cae
1337 642 1486 683 originis,
1513 642 1567 672 vel
1582 642 1659 673 hinc
1676 641 1774 673 facile
1791 645 1969 683 appareat,

1271 702 1346 732 quae
1378 692 1420 722 de
1457 691 1685 723 Amazonibus
1725 692 1892 732 dicuntur,
1928 701 1968 723 ea

1271 753 1342 774 esse
1357 744 1541 774 otiosorum
1557 742 1727 773 hominum
1744 742 1872 773 somnia
1886 753 1895 781 3
1921 743 1968 773 nil

1272 794 1374 825 aliud.
1419 793 1596 826 Quomodo
1628 793 1717 824 enim
1750 793 1879 824 Graecae
1910 802 1969 833 ap-

1272 844 1473 884 pellationes
1491 843 1532 873 ad
1546 843 1713 883 Scythas?
1757 842 1840 873 Itid.
1868 843 1969 882 plane

1271 904 1310 926 ac
1334 895 1361 925 si
1389 894 1460 935 quis
1488 904 1506 924 e
1530 893 1646 924 Turcis
1663 892 1873 933 principibus
1888 893 1972 923 Ber-

1271 945 1394 975 nartius
1410 949 1468 975 aut
1484 944 1672 975 Willelmus
1697 943 1880 980 diceretur,
1910 947 1969 974 aut

1271 996 1482 1026 Bertramus.
1522 995 1634 1026 Faber.
1679 994 1721 1024 In
1748 992 1854 1024 Codd.
1882 993 1970 1023 Mss.

1273 1046 1404 1085 Orosii‚
1419 1051 1465 1086 et,
1480 1045 1568 1076 unde
1586 1046 1612 1076 is
1630 1044 1814 1084 excerpsit,
1829 1042 1971 1081 Justini,

1274 1098 1339 1137 legi
1364 1097 1536 1137 Marpesia,
1552 1100 1698 1127 testatur
1714 1096 1836 1126 Franc.
1854 1093 1972 1125 Fabri·

1274 1148 1355 1179 cius.
1388 1149 1432 1179 Et
1447 1153 1549 1178 vocat
1564 1157 1697 1189 quoque
1711 1147 1759 1178 ita
1770 1146 1971 1179 Jornaudes.

1274 1198 1342 1229 Sed
1359 1203 1393 1228 et
1410 1198 1472 1239 ipsi
1487 1198 1601 1229 Graeei
1617 1198 1820 1238 Μαρπησσίαν
1836 1201 1971 1228 vocant.

1274 1247 1425 1279 Alterius
1443 1248 1568 1289 reginae
1583 1258 1702 1279 nomen
1719 1249 1752 1278 in
1776 1247 1974 1288 antiquiori-

1275 1298 1336 1328 bus
1361 1298 1449 1339 typis
1466 1299 1635 1339 expressis
1659 1304 1712 1330 est
1735 1300 1889 1339 Lampedo
1904 1309 1914 1329 .·
1936 1303 1972 1330 et

1275 1348 1308 1378 in
1326 1348 1524 1379 auctoribus
1552 1348 1684 1380 Graecis
1710 1350 1791 1380 item
1812 1348 1972 1387 Λαμπεδῶ.

1282 1398 1385 1429 Vorst.
1432 1398 1531 1438 Angl.
1547 1400 1636 1429 duces
1647 1399 1688 1430 iis
1708 1399 1823 1438 fuere.-
1847 1400 1973 1440 placet.

1276 1448 1383 1486 Schef.

1325 1498 1450 1529 Vicibus
1461 1499 1626 1539 gerebant]
1665 1499 1741 1531 Hoc
1762 1499 1880 1530 vicibus
1894 1499 1974 1530 mihi

1277 1553 1330 1580 est
1345 1556 1551 1589 suspectum,
1568 1560 1644 1581 cum
1670 1560 1733 1582 nec
1756 1551 1903 1592 positum
1928 1551 1974 1582 sit

1277 1609 1335 1630 suo
1352 1600 1438 1639 loco,
1460 1601 1487 1631 si
1515 1610 1591 1632 cnm
1616 1602 1625 1618 ‘
1640 1600 1790 1632 alternis’
1814 1600 1976 1641 cohaeret,

1278 1650 1365 1690 quod
1393 1650 1611 1682 arbitrantur.
1664 1652 1736 1691 Ego
1768 1649 1880 1691 potius
1917 1659 1975 1680 ex-

1278 1700 1389 1731 istimo
1417 1711 1458 1731 ex
1496 1702 1609 1741 glossa
1638 1707 1769 1740 natum,
1798 1710 1866 1742 qua
1901 1700 1976 1742 quis

1276 1752 1359 1783 illud
1380 1752 1532 1793 ‘opibus'
1561 1763 1634 1793 per,
1657 1753 1797 1792 viribus,
1815 1761 1977 1793 exposue-

1278 1806 1342 1832 rat.
1386 1803 1451 1841 Ex,
1468 1802 1608 1842 viribus,
1622 1802 1745 1833 deinde
1762 1802 1803 1833 ab
1820 1801 1975 1832 emenda-

1279 1856 1352 1883 tore
1369 1852 1512 1893 quodam
1526 1851 1654 1883 factum
1669 1852 1797 1883 vicibus.
1844 1852 1975 1884 Locum

1279 1906 1387 1932 totum
1417 1901 1563 1942 denique
1600 1902 1647 1933 sic
1680 1902 1870 1942 distinguo:
1897 1912 1978 1943 quae,

1277 1952 1312 1982 in
1333 1953 1409 1983 duas
1432 1956 1537 1993 partes
1562 1952 1684 1990 agmine
1712 1952 1823 1991 diviso,
1851 1953 1978 1993 inclytoe

1270 2001 1340 2039 jam
1357 2001 1461 2042 opibus
1471 2002 1619 2041 gerebant
1635 2001 1712 2032 bella
1726 2003 1810 2041 soIoe,
1833 2003 1979 2033 terminos

1279 2052 1408 2083 alternis
1437 2051 1642 2089 dffeudentes.
1686 2053 1861 2084 Gerebant
1888 2053 1978 2084 bella

1281 2103 1374 2141 solae,
1398 2103 1418 2134 i.
1436 2113 1465 2134 c.
1494 2103 1666 2143 solitariae,
1683 2113 1747 2134 una
1772 2104 1899 2144 quaevis
1917 2114 1978 2145 per

1281 2164 1317 2185 se
1331 2154 1401 2184 sine
1418 2154 1582 2184 societate
1599 2154 1750 2192 alterius,
1763 2154 1863 2195 idque
1877 2155 1979 2186 alter-

1281 2205 1346 2243 nis,
1375 2205 1454 2236 dum
1491 2204 1632 2235 alternis
1662 2203 1852 2235 defendunt
1881 2204 1978 2236 fines.

1282 2254 1386 2293 Sches.

1324 2305 1404 2336 Soloe
1420 2305 1579 2346 terminos]
1614 2304 1732 2335 Scribe
1755 2306 1813 2336 solz·
1834 2305 1866 2337 h.
1884 2315 1913 2337 e.
1929 2305 1979 2337 di-

1282 2356 1393 2387 tionis.
1432 2356 1578 2386 freinsh.
1625 2355 1872 2386 Freinshemius
1909 2356 1980 2395 soli,

1282 2406 1303 2437 i.
1330 2415 1360 2437 c.
1399 2406 1484 2445 agri,
1510 2404 1638 2444 finium,
1670 2405 1828 2445 regionis.
1865 2405 1978 2437 Faber.

1282 2456 1382 2497 Augl.
1407 2457 1475 2488 soli.
1533 2456 1719 2488 Probarem
1749 2456 1777 2487 si
1805 2456 1979 2497 adjectum

1282 2509 1423 2539 liaberet
1444 2508 1540 2548 cujus
1568 2508 1639 2538 soli.
1684 2508 1771 2538 Nam
1789 2507 1836 2538 sic
1853 2507 1979 2548 simpli-

1283 2559 1368 2590 citer
1393 2559 1536 2599 positum
1563 2563 1615 2588 est
1642 2559 1846 2598 ambiguum,
1863 2558 1904 2589 de
1922 2568 1981 2598 pa·

1284 2609 1394 2640 trione
1427 2618 1469 2639 an
1507 2617 1649 2648 peregre
1680 2608 1822 2648 quaesito
1855 2608 1981 2640 debeat

1284 2659 1447 2698 intelligi:
1467 2658 1533 2689 vid.
1554 2662 1651 2689 notas
1668 2661 1810 2689 nostras.
1833 2657 1937 2696 Schef.

1326 2709 1481 2748 Alternis]
1497 2710 1550 2740 Sc.
1572 2708 1712 2739 vicibus.
1725 2707 1777 2738 Ita
1790 2708 1885 2739 Vett.
1903 2708 1980 2739 edd.

1285 2761 1392 2801 Bong.
1422 2760 1549 2798 alterno,
1575 2757 1663 2799 quod
1686 2757 1800 2788 nescio
1823 2767 1864 2788 an
1891 2758 1980 2789 idem

1286 2812 1330 2842 sit
1346 2821 1433 2847 cum,
1452 2810 1655 2841 alternatim.
1700 2808 1807 2839 Paulo
1823 2813 1902 2840 aute
1918 2819 1981 2850 pro

1285 2863 1357 2892 soloe
1371 2861 1523 2892 Freinsh.
1538 2859 1622 2899 legit
1644 2858 1713 2898 soli,
1737 2858 1768 2889 h.
1784 2867 1814 2889 e.
1830 2858 1980 2890 ditionis.

1285 2911 1394 2943 Valde
1431 2909 1661 2952 probabiliter.
1692 2909 1876 2940 Rerneccer.
1921 2908 1982 2940 Ait
