2101 3419
420 333 512 372 xcii

422 449 506 468 orum
524 439 621 478 legem
638 438 739 469 dicere
763 437 886 473 xxxviii,
902 440 933 475 6,
948 440 966 468 7

465 481 631 517 (Euanthe,
662 486 694 510 et
721 479 790 519 ejus
804 481 888 522 apud
916 479 1119 510 Ptolcmaeum

423 523 589 553 auctoritas
605 534 674 559 xxx,
688 526 720 559 2,
737 526 755 554 3

465 565 633 596 Offendere
650 565 784 607 aliquem
810 565 832 602 i,
850 568 882 601 5,
899 567 918 596 8
934 563 1008 606 (pro
1033 564 1121 595 inve-

423 608 505 644 nire)
522 608 574 643 xii,
590 611 621 644 6,
638 611 656 638 3

468 650 597 680 Offensa
611 649 715 691 (quasi
730 660 784 689 pro
800 649 882 680 omni
899 648 1050 685 molestia,
1078 649 1124 679 la-

424 693 539 722 tissime
556 693 637 722 enim
663 693 802 729 sumitur,
829 698 864 722 ut
885 702 955 733 quae
990 691 1122 722 ‘favori’

426 736 618 775 opponatur)
635 746 664 771 v,
680 738 712 771 4,
730 738 781 766 18.
816 745 849 769 V,
865 739 897 770 5,
911 737 931 765 4
968 745 1021 774 pro
1050 734 1124 764 odio

426 778 498 812 xvii,
516 781 546 813 3,
564 781 604 809 16
621 778 757 808 Freinsh.
791 777 917 807 offensae
942 782 1059 807 veteres
1085 777 1125 806 si-

427 821 599 850 multatium
628 825 699 850 sunt
724 820 802 850 inter
822 819 940 860 aliquos
967 820 1000 855 ii,
1026 823 1059 855 6,
1084 823 1125 850 16

429 863 547 893 offensa
563 863 659 903 erepti
674 863 760 902 regni
788 862 860 899 xvii,
876 865 907 897 2,
923 865 944 892 9
976 862 1126 892 offensam

427 906 606 936 contrahere
628 905 700 941 xvii,
717 907 748 940 3,
765 907 806 936 16
841 904 959 934 offensa
985 915 1048 934 non
1072 905 1127 934 de-

428 948 517 990 pensi
533 948 680 989 stipendii
693 946 766 983 xxii,
783 950 814 982 8,
830 950 850 979 8
886 952 1018 977 veterem
1034 946 1128 987 patris

430 991 580 1021 offensam
595 991 683 1021 novis
706 989 820 1020 meritis
849 989 1012 1020 correcturi
1038 999 1128 1025 xxxv,

431 1037 463 1070 2,
480 1036 498 1064 3

473 1075 619 1106 Offensus
648 1074 740 1104 alicui
770 1074 847 1114 (hoc
876 1077 936 1107 est,
968 1072 1130 1113 inimicus)

431 1129 523 1153 xxxv,
540 1121 570 1152 1,
587 1121 605 1148 3
632 1117 698 1158 (Ita
714 1117 800 1146 Suet.
814 1116 894 1146 Caes.
911 1118 963 1152 19,
981 1119 1001 1147 6
1017 1122 1049 1146 et
1061 1116 1132 1146 Tib.

433 1164 485 1195 13,
503 1161 538 1200 5)
554 1159 689 1189 Freinsh.
712 1158 848 1188 offensus
861 1159 1132 1198 superstitionibus

432 1203 655 1243 Aigyptiorum
682 1202 731 1241 (id
747 1207 805 1236 est,
830 1211 893 1230 non
910 1202 1053 1241 probans,
1078 1201 1133 1231 de-

433 1252 549 1275 tesrans
565 1245 633 1283 eas)
648 1244 668 1279 i,
685 1247 718 1280 9,
733 1246 753 1275 2
771 1243 874 1273 Vorst.
907 1244 1043 1274 offensus
1064 1253 1132 1274 cru-

434 1288 562 1318 delitate
575 1286 705 1327 alicujus
727 1287 800 1322 xxii,
816 1289 848 1322 4,
865 1290 878 1317 1
918 1286 1053 1316 offensus
1079 1286 1134 1316 ali-

435 1331 504 1371 quis
519 1330 603 1370 quod
621 1340 683 1359 non
698 1339 735 1360 ex
752 1328 819 1369 ejus
835 1329 960 1359 arbitrio
985 1339 1031 1359 res
1047 1334 1136 1370 gesta

437 1385 506 1408 xxx,
523 1377 553 1409 4,
570 1375 610 1403 18

481 1416 599 1445 Offerre
623 1425 655 1445 se
671 1413 759 1444 morti
776 1424 829 1454 pro
846 1413 945 1443 salute
970 1413 1077 1454 patriae
1102 1413 1136 1449 ii,

438 1462 470 1494 6,
486 1462 524 1490 21
551 1457 659 1487 offerre
675 1467 707 1487 se
732 1455 826 1486 alicui
852 1456 963 1486 ducem
991 1457 1136 1486 adversus

439 1501 567 1542 patriam
591 1500 623 1535 ii,
639 1503 671 1536 9,
686 1502 705 1530 7
729 1499 820 1529 offert
834 1498 895 1528 fors
912 1498 1008 1539 praelii
1021 1504 1138 1528 utrum·

440 1555 500 1584 qne
515 1544 636 1573 fratrem
663 1552 776 1583 pugnae
801 1552 831 1578 v,
849 1544 902 1577 11,
918 1544 938 1572 8
973 1541 1081 1571 offerre
1105 1552 1137 1571 se

440 1585 582 1626 periculis
600 1590 711 1615 temere
728 1584 769 1620 ix,
785 1587 816 1620 8,
834 1587 872 1615 15
909 1583 1017 1614 offerre
1044 1583 1136 1614 alicui

443 1628 667 1658 matrimonium
693 1626 774 1661 filiae,
799 1633 832 1657 et
854 1627 938 1666 regni
967 1627 1137 1666 portionem

442 1673 484 1706 xi,
504 1675 553 1706 12,
571 1674 588 1701 3
605 1677 637 1700 ct
653 1673 692 1701 10
727 1669 835 1700 offerre
851 1679 882 1698 se
911 1670 1055 1699 victorem
1084 1679 1138 1710 pro

444 1715 552 1743 amisso
578 1714 650 1753 (pro
668 1712 772 1742 sistere
788 1713 837 1751 se)
863 1711 925 1747 xiii,
944 1715 973 1747 l,
989 1714 1008 1742 3
1039 1711 1140 1742 Vorst.

443 1767 568 1796 operam
584 1766 669 1786 suam
686 1755 724 1784 ad
740 1753 912 1785 custodiam
925 1754 1030 1784 salutis
1046 1755 1141 1784 alicu-

439 1799 493 1839 jus
519 1799 578 1832 xiv.
606 1801 636 1833 1,
655 1800 694 1828 14
729 1807 761 1827 se
784 1797 908 1826 militem
935 1797 1141 1837 expeditionis

444 1841 507 1876 xxi,
523 1845 554 1876 6,
571 1845 589 1871 5
626 1840 733 1870 offerre
751 1849 857 1879 pacem
873 1838 979 1878 alicui,
995 1839 1019 1869 si
1042 1850 1143 1869 emere

446 1884 521 1914 velit
537 1883 616 1918 xxiv,
632 1887 664 1917 5,
680 1885 696 1913 1
721 1882 829 1912 offerre
852 1881 943 1911 alicui
968 1892 1075 1922 pacem
1092 1893 1144 1912 ve-

458 1927 547 1956 ralem
572 1936 640 1960 ην,
658 1927 687 1959 1,
704 1926 722 1954 3
759 1924 859 1953 offerri
874 1924 965 1953 alicui
982 1923 1087 1954 Asiam
1111 1924 1143 1953 in

457 1969 605 2008 {tr-‹emium
622 1967 690 1997 latre
705 1966 774 2006 opis
799 1966 891 2001 xxvii,
907 1969 938 2001 2,
955 1969 976 1996 6
1009 1966 1145 1996 ministe-

452 2011 526 2040 tium
541 2009 659 2039 consilii
675 2009 722 2038 sui
745 2009 826 2049 xxxi,
839 2012 871 2044 5,
887 2011 906 2038 S
940 2008 1034 2038 alicui
1057 2019 1146 2039 oseu-

451 2054 512 2083 lum
538 2053 638 2087 xxxiv‘,
657 2054 687 2086 3,
704 2053 724 2081 2

494 2094 658 2125 Officium:
684 2094 715 2123 in
736 2092 868 2123 officium
892 2091 1023 2132 alicujus
1050 2091 1147 2132 subji-

451 2148 520 2168 cere
535 2137 669 2176 aliquem
696 2135 748 2170 xii,
771 2138 822 2170 12,
839 2138 857 2165 5
892 2135 993 2164 officia
1017 2134 1148 2174 alicujus

453 2180 508 2210 sibi
526 2179 679 2209 vindicare
703 2178 763 2212 xiv,
779 2181 812 2214 5,
838 2180 857 2208 2
890 2177 1022 2206 officium
1049 2177 1149 2207 facere

455 2223 515 2263 regi
532 2223 609 2251 inter
623 2220 770 2251 satellites
790 2219 851 2255 xvi,
866 2221 898 2255 2,
914 2222 934 2249 9
970 2219 1094 2260 publica
1119 2225 1151 2250 et

457 2266 571 2306 privata
586 2263 685 2293 ossicia
700 2263 784 2292 obire
802 2262 857 2297 xli,
875 2265 906 2297 3,
922 2264 941 2292 4

497 2307 567 2337 Oli-i
584 2317 654 2335 usus
669 2305 811 2335 inventus
828 2305 859 2340 ii,
875 2307 907 2340 6,
923 2307 942 2334 5

497 2350 580 2380 Olim
603 2349 635 2384 ii,
651 2351 702 2384 12,
730 2351 761 2379 3.
792 2347 834 2384 vi,
860 2349 893 2383 9,
909 2349 940 2377 3·

455 2392 557 2427 xxviii,
573 2393 660 2426 4,14

499 2434 702 2475 Olympiacus
718 2435 869 2462 mercatus
897 2430 961 2466 xiii,
977 2434 1008 2466 5,
1025 2432 1043 2461 3

499 2476 663 2518 Olympias
678 2475 740 2504 filia
755 2473 955 2513 Neoptolemi
978 2473 1050 2508 xvii,
1067 2475 1097 2508 3,
1114 2475 1153 2503 14

456 2520 596 2560 Philippi
612 2518 698 2558 primi
713 2527 787 2547 uxor
801 2517 854 2552 vii,
868 2519 899 2551 6,
915 2519 952 2547 10
975 2515 1155 2555 repudiatur

458 2564 498 2597 ix,
515 2567 545 2597 5,
562 2566 592 2592 9.
617 2561 657 2597 xi,
674 2563 726 2595 11,
739 2563 757 2590 5
782 2568 989 2599 percussorem
1003 2558 1030 2588 ei
1043 2558 1155 2587 immit-

460 2606 496 2635 tit
518 2605 558 2639 ix,
575 2608 606 2639 7,
624 2608 640 2634 1
664 2611 797 2642 cumque
814 2602 844 2630 in
861 2611 950 2631 cruce
969 2601 1154 2640 pendentem

460 2652 585 2677 coronat
608 2646 650 2681 ix,
666 2648 698 2681 7,
717 2648 756 2676 10
793 2649 825 2674 et
852 2643 988 2684 gladium
1016 2643 1157 2683 Apollini

460 2694 619 2720 consecrat
640 2688 681 2723 ix,
694 2691 727 2723 7,
744 2689 783 2717 13
807 2686 1004 2726 Antipatrum
1016 2685 1158 2716 crimina-

461 2738 509 2761 tnr
526 2733 576 2767 xii,
596 2734 646 2766 14,
663 2733 681 2761 3
704 2729 862 2760 Aridaeum
875 2733 907 2759 et
922 2728 1099 2768 Eurydicen
1111 2728 1158 2757 in-

463 2774 572 2804 terficit
587 2775 647 2809 xiv,
664 2777 695 2808 5,
708 2776 729 2804 9
752 2778 879 2802 necatur
907 2772 967 2809 xiv,
983 2774 1016 2807 6,
1034 2774 1084 2802 11.
1108 2781 1159 2807 xv,

466 2820 495 2853 1,
512 2820 531 2847 3

507 2857 690 2899 Olympium
716 2862 869 2889 certamen
894 2855 945 2892 vii,
961 2857 991 2892 2,
1019 2858 1069 2888 14.
1107 2855 1159 2893 xii,

467 2905 517 2938 16,
534 2905 554 2931 (3

981 2346 1035 2383 xii,
1052 2348 1104 2382 13,
1120 2349 1152 2378 4.

1015 352 1022 357 ,
1067 339 1228 369 ercx

1213 437 1368 478 Olympus
1381 447 1472 467 mons
1487 436 1539 472 vii,
1555 439 1590 473 4,
1603 440 1619 468 1

1212 479 1360 521 Olynthii
1374 490 1445 509 cum
1468 479 1697 510 Macedonibus
1713 480 1795 511 bella
1819 492 1872 522 ge·

1170 527 1241 553 runt
1255 522 1307 557 vii,
1330 525 1363 558 4,
1378 525 1399 553 6

1213 565 1372 605 Olynthus
1384 569 1578 604 expugnatur
1602 575 1620 594 a
1643 564 1810 594 Mardonio
1839 565 1874 602 ii,

1172 611 1227 643 14,
1244 610 1261 638 1
1286 607 1476 637 exscinditur
1491 617 1509 636 a
1523 606 1673 648 Philippo
1690 606 1754 643 viii,
1769 610 1802 643 3,
1817 610 1857 638 ll

1215 650 1317 679 Omen
1333 661 1339 679 :
1364 649 1505 689 praeferre
1520 659 1612 679 omen
1628 649 1760 690 duplicis
1776 648 1875 690 impe-

1174 692 1209 722 rii
1232 692 1285 727 itii,
1302 695 1354 728 16,
1371 696 1389 722 5
1423 693 1482 722 hoc
1498 702 1589 722 omen
1607 691 1765 732 portendit
1779 691 1873 722 alicui

1172 734 1330 764 victoriam
1343 734 1395 771 xii,
1408 737 1460 771 16,
1476 737 1497 765 6
1519 735 1673 764 ominibus
1684 734 1791 764 faustis
1803 744 1875 776 pro-

1174 777 1247 807 fecti
1274 788 1325 814 xx,
1341 780 1373 813 2,
1389 779 1431 808 14

1217 820 1355 849 Ominari
1371 830 1378 848 z
1410 818 1569 849 exitiosam
1596 818 1653 849 sibi
1676 818 1780 860 fugam
1807 818 1876 859 ejus

1180 862 1307 892 ominati
1325 866 1396 891 sunt
1419 861 1499 897 xxxi,
1515 864 1549 897 2,
1564 864 1582 892 7

1219 903 1370 934 Omittere
1381 903 1516 933 animum
1528 903 1665 933 nubendi
1682 902 1714 938 ii,
1728 905 1760 938 4,
1772 906 1791 933 5
1815 912 1878 932 non

1176 947 1317 977 omittere
1329 946 1540 986 aliquem(pro
1553 956 1616 976 non
1626 945 1798 986 negligere)
1807 944 1880 981 xvii,

1177 992 1209 1025 2,
1222 992 1260 1020 ll
1279 989 1382 1019 Vorst.
1405 989 1523 1018 omissis
1536 989 1650 1018 AEtolis
1666 988 1747 1022 xxix,
1760 991 1792 1027 2,
1803 990 1821 1019 7
1848 997 1882 1017 o-

1179 1031 1276 1061 missis
1286 1032 1440 1067 omnibus,
1453 1032 1491 1060 ad
1504 1030 1630 1061 Graecos
1641 1040 1787 1061 conversa
1800 1029 1878 1066 xliii,

1179 1077 1210 1109 3,
1228 1077 1265 1105 ll
1293 1073 1433 1104 omittere
1454 1084 1539 1113 spem
1568 1073 1702 1104 victoriae
1727 1083 1778 1108 xx,
1803 1075 1836 1108 3,
1860 1074 1882 1103 4

1181 1117 1366 1157 legationem
1384 1116 1446 1154 xiii,
1461 1119 1492 1151 3,
1508 1119 1528 1146 2
1554 1126 1616 1145 rem
1634 1116 1697 1153 xiii,
1714 1119 1747 1151 7,
1763 1118 1795 1146 3.
1819 1113 1883 1151 xvi,

1181 1162 1213 1195 3,
1226 1163 1245 1189 5
1270 1158 1380 1188 omisso
1398 1158 1478 1188 bello
1503 1158 1556 1194 vii,
1572 1161 1604 1194 3,
1619 1162 1640 1189 9
1673 1158 1785 1188 omisso
1799 1157 1878 1188 ferro

1180 1203 1280 1241 virgas
1296 1211 1399 1242 parare
1415 1201 1448 1239 ii,
1463 1205 1495 1236 5,
1511 1204 1529 1232 4
1555 1201 1673 1231 omissis
1688 1202 1801 1231 ducum
1815 1199 1883 1230 offi-

1181 1245 1236 1275 ciis
1253 1245 1329 1283 (hoc
1344 1249 1402 1279 est,
1426 1249 1535 1284 praeter
1550 1243 1686 1284 ipsorum
1712 1242 1883 1274 solicitudi-

1183 1288 1273 1325 nem)
1290 1287 1329 1321 xi,
1344 1290 1377 1322 9,
1391 1289 1410 1316 8
1433 1286 1570 1316 Freinsh-

1227 1328 1341 1359 Omnia
1356 1334 1454 1359 castra
1470 1329 1546 1368 (hoc
1557 1333 1615 1364 est,
1630 1327 1712 1364 tota)
1728 1327 1759 1363 ii,
1776 1330 1828 1363 11,
1844 1330 1884 1358 16

1184 1371 1234 1412 (et
1249 1371 1291 1400 ita
1314 1377 1321 1389 ‘
1336 1371 1442 1401 omne’
1468 1381 1520 1410 pro
1537 1376 1544 1389 ‘
1560 1371 1640 1400 toto'
1664 1370 1777 1410 saepius
1800 1380 1887 1410 repe·

1184 1414 1275 1455 ritur)
1291 1413 1427 1443 Freinsh.
1463 1414 1606 1443 hesterno
1635 1413 1763 1453 similem
1791 1412 1887 1442 labori

1186 1467 1308 1487 omnem
1334 1455 1427 1486 vitam
1444 1456 1541 1485 acturi
1569 1456 1590 1492 i,
1606 1458 1638 1492 6,
1653 1459 1673 1486 6
1708 1455 1886 1485 civitatibus

1187 1499 1359 1532 libertatern
1373 1508 1489 1538 suaque
1499 1498 1601 1528 omnia
1615 1497 1747 1528 restituit
1761 1498 1804 1538 vi,
1819 1500 1852 1534 6,
1869 1499 1886 1528 l

1188 1541 1310 1572 Graecia
1324 1541 1422 1571 omnis
1437 1551 1509 1576 xxv,
1522 1543 1554 1576 4,
1569 1544 1588 1571 5

1233 1584 1369 1614 Onerare
1386 1583 1552 1613 honoribus
1573 1583 1645 1623 (pro
1662 1580 1786 1624 ornare)
1813 1592 1841 1617 v,
1857 1583 1890 1617 4,

1191 1629 1232 1658 13
1250 1626 1386 1657 Freinsh.
1411 1625 1503 1666 (Non
1520 1630 1580 1655 tam
1594 1635 1647 1665 pro
1664 1634 1781 1659 ornare,
1798 1634 1890 1664 quam

1191 1679 1246 1709 pro
1263 1668 1400 1709 explere,
1411 1668 1578 1704 cumulare,
1594 1668 1644 1698 hic
1662 1667 1736 1708 poni
1753 1666 1891 1705 videtur)

1191 1711 1295 1742 Vorst.
1319 1721 1446 1742 onerare
1461 1721 1493 1741 se
1509 1711 1580 1740 vino
1597 1710 1618 1746 i,
1636 1713 1667 1746 8,
1682 1713 1704 1741 6
1726 1719 1820 1740 naves
1836 1719 1890 1739 ex·

1191 1754 1288 1784 ercitu
1315 1754 1357 1790 xi,
1373 1758 1406 1793 5,
1419 1756 1439 1784 4
1476 1753 1567 1783 nimis
1583 1763 1708 1783 onerare
1735 1752 1890 1782 fortunam

1191 1807 1278 1826 suam
1294 1796 1346 1832 xii,
1357 1799 1388 1832 8,
1403 1799 1440 1827 15
1464 1806 1588 1826 onerare
1601 1795 1731 1826 vinculis
1746 1794 1862 1834 xliii,2,
1872 1795 1892 1824 4

1193 1839 1275 1880 gravi
1292 1839 1406 1869 tributo
1424 1838 1527 1874 xxviii,
1543 1842 1575 1874 4,
1588 1841 1608 1869 8

1237 1881 1452 1912 Onomarchus
1468 1880 1674 1912 Pliocensium
1695 1879 1757 1910 dux
1785 1878 1848 1920 viii,
1864 1881 1894 1915 l,

1238 1965 1327 1996 Onus
1334 1966 1483 1995 undarum
1495 1965 1567 2005 (pro
1579 1964 1714 2003 vi)iv,l,
1723 1966 1738 1994 l
1757 1962 1896 1993 Freinsh.

1195 2018 1273 2038 onus
1289 2018 1439 2037 armorum
1464 2008 1568 2044 xxviii,
1583 2009 1615 2042 4,
1632 2010 1651 2038 8
1687 2016 1780 2037 onera
1795 2014 1895 2035 arenae

1197 2050 1280 2085 xviii,
1296 2053 1328 2085 4,
1346 2053 1386 2081 12

1242 2092 1365 2122 Onusta
1388 2091 1476 2121 navis
1513 2091 1545 2125 ii,
1569 2093 1600 2126 9,
1632 2093 1684 2121 17.
1729 2100 1799 2124 xxV,
1821 2092 1852 2125 l,
1877 2091 1898 2120 6

1198 2135 1301 2176 praeda
1318 2133 1454 2164 Orientis
1469 2133 1575 2174 spoliis
1590 2138 1701 2163 onusta
1734 2142 1802 2167 xxv,
1818 2135 1851 2167 6,
1876 2134 1893 2162 1

1243 2177 1344 2218 Opem
1360 2187 1482 2207 omnem
1498 2176 1663 2206 humanam
1688 2174 1780 2205 alicui
1803 2173 1897 2203 inter·

1200 2219 1302 2250 dicere
1330 2230 1361 2255 v,
1377 2222 1408 2255 4,
1425 2222 1463 2250 15
1500 2229 1590 2258 opem
1616 2217 1693 2247 ferre
1720 2216 1803 2251 xxiii,
1830 2219 1862 2251 3,
1877 2218 1897 2247 7

1202 2262 1232 2292 in
1249 2261 1372 2292 alterius
1387 2272 1446 2300 ope
1464 2271 1549 2301 spem
1568 2270 1680 2300 ponere
1696 2259 1761 2294 viii,
1775 2261 1809 2294 4,
1824 2261 1844 2289 8

1246 2303 1350 2344 Opera
1365 2315 1371 2333 :
1396 2314 1500 2334 eorum
1517 2312 1611 2343 opera
1626 2302 1770 2332 effectum
1785 2306 1843 2336 est,
1859 2310 1899 2330 ne

1202 2356 1311 2386 pacem
1335 2346 1511 2387 acciperent
1527 2349 1600 2386 (pro
1618 2355 1672 2385 per
1691 2343 1761 2383 eos)
1787 2354 1817 2379 ν,
1831 2346 1863 2379 4,
1879 2346 1899 2374 4

1202 2388 1307 2419 Vorst.
1330 2399 1454 2429 operam
1465 2388 1606 2418 oblocare
1621 2388 1752 2422 xi‚10,9
1775 2395 1900 2426 operam

1204 2432 1312 2462 offerre
1327 2433 1366 2461 ad
1382 2431 1552 2462 custodiam
1568 2430 1674 2460 salutis
1694 2427 1824 2468 alicujus
1838 2428 1901 2464 xiv,

1207 2477 1236 2511 1,
1255 2476 1293 2505 14
1317 2484 1440 2515 operam
1456 2474 1574 2504 civibus
1590 2472 1746 2503 venditare
1761 2482 1791 2506 ν,
1807 2472 1839 2507 3,
1853 2473 1868 2501 1

1248 2516 1416 2557 Operosius
1445 2517 1522 2555 (hoc
1545 2520 1603 2551 est,
1634 2513 1743 2554 majori
1778 2511 1902 2554 labore)

1205 2559 1328 2595 xxxviii,
1342 2561 1374 2595 4,
1391 2562 1431 2590 10
1448 2558 1586 2588 Freinsh-

1249 2602 1335 2642 Opes
1350 2604 1422 2643 (pro
1438 2601 1562 2636 viribus,
1586 2598 1741 2640 potentia)
1768 2595 1811 2634 vi,
1836 2598 1866 2632 1,
1882 2599 1903 2627 8

1207 2644 1259 2680 xii,
1276 2647 1307 2680 3,
1326 2646 1377 2674 12.
1401 2643 1452 2679 xii,
1466 2646 1497 2678 4,
1513 2646 1568 2673 25.
1592 2641 1655 2678 xiii,
1671 2645 1703 2677 6,
1721 2644 1772 2672 18.
1794 2638 1855 2674 xvi,
1871 2641 1904 2674 3,

1207 2690 1239 2718 7.
1261 2686 1333 2722 xvii,
1350 2689 1382 2722 3,
1393 2691 1424 2717 5.
1448 2685 1572 2721 xviiia,
1587 2688 1638 2716 19.
1661 2684 1721 2719 xxi,
1734 2687 1766 2720 5,
1778 2686 1810 2714 9.
1832 2681 1906 2716 xxii,

1208 2734 1240 2765 5,
1256 2733 1286 2760 6.
1310 2729 1402 2764 xxxii,
1420 2731 1449 2762 1,
1465 2731 1484 2759 3
1502 2727 1640 2758 Freinslr.
1663 2737 1756 2767 opum
1767 2729 1905 2756 contem-

1209 2778 1258 2802 tus
1273 2772 1355 2811 apud
1373 2771 1504 2812 Scythas
1525 2770 1565 2805 ix,
1581 2772 1614 2805 2,
1628 2772 1650 2799 9

1252 2813 1401 2853 Ophellas
1417 2814 1606 2854 Cyrenarum
1623 2822 1672 2841 rex
1696 2810 1768 2846 xxii,
1784 2812 1815 2846 7,
1831 2811 1852 2839 4

1253 2857 1367 2896 Opima
1383 2858 1486 2897 praeda
1501 2856 1580 2890 xxiv,
1596 2859 1627 2890 6,
1645 2856 1674 2884 1.
1699 2863 1768 2888 xxv,
1785 2855 1815 2888 1,
1831 2854 1850 2882 7

1254 2898 1384 2940 Opinati
1413 2898 1516 2929 durius
1544 2898 1582 2928 de
1607 2897 1710 2937 aliquo
1741 2896 1817 2935 (hoc
1847 2898 1905 2929 est,
