2174 3424
568 362 761 394 JUSTlNl
798 362 892 392 mu.
924 362 1039 392 xm.
1070 362 1174 393 CAP.
1204 351 1245 392 1.

202 462 240 489 nt
261 460 333 489 300.
355 454 459 487 millia
482 464 591 487 annua
611 459 738 493 essent,
764 457 799 485 et
822 457 894 485 100.

204 508 308 538 millia
332 507 365 537 in
389 505 532 537 conditis
557 504 720 545 pecuniis,
738 505 894 535 Glarean.

205 557 305 588 Hunc
320 555 478 597 loquendi
499 554 630 585 modum
647 554 796 585 illustrat
813 554 896 585 Per-

206 607 361 637 renonins
379 615 416 636 11.
440 604 616 635 Animadv.
632 606 684 635 30.

249 656 480 695 Quinquaginta
490 654 587 685 millia
598 652 762 692 talentum]
773 652 898 683 Nostra

205 715 287 737 voce
316 710 351 736 et
381 706 513 735 ratione
543 703 741 735 numerandi
770 702 899 734 fuerint

206 756 369 786 milliones
393 755 544 795 triginta.
586 755 648 785 Illa
671 763 750 784 vero
772 754 901 794 tricena,

206 815 231 836 s.
248 809 285 835 ut
300 805 447 836 Budaens
473 805 527 836 lib.
544 813 595 835 1v.
614 804 655 834 de
670 803 755 834 Asse
773 813 803 844 p.
825 806 899 833 165.

207 865 250 885 m.
264 855 502 894 legit,triginta
513 854 609 885 millia
623 853 782 892 vectigalis
796 853 902 893 annai,

207 904 418 935 constituunt
431 905 593 935 milliones
603 903 803 935 octodecim.
821 903 901 934 Vid.

208 955 402 994 Agricolam
418 955 460 985 de
476 955 585 986 Pond.
601 958 636 985 et
653 955 764 985 Mens.
782 964 816 994 p.
830 956 902 984 116.

208 1003 233 1037 f.
249 1009 284 1036 et
299 1015 332 1045 p.
350 1008 424 1035 318.
448 1005 631 1036 Berneccer.
660 1005 756 1036 Junt.
774 1008 810 1035 nt
832 1004 903 1044 pla-

209 1055 309 1087 cebat
333 1055 472 1091 Budaeo,
495 1056 629 1095 triginta
650 1055 758 1087 millia.
785 1055 902 1087 Graev.

210 1104 370 1142 Budaeus,
385 1110 423 1136 ut
446 1106 551 1145 aiunt,
573 1106 657 1146 legit
673 1106 819 1146 triginta,
843 1105 904 1137 sed

210 1155 257 1185 nil
277 1165 439 1195 necesse3
462 1166 538 1186 nam
562 1158 571 1174 ‘
589 1155 741 1187 tricena'
766 1160 801 1187 et
824 1156 833 1173 ‘
849 1155 906 1186 tri-

212 1205 324 1246 ginta'
347 1205 436 1236 idem
460 1205 633 1244 efficiunt3
658 1210 694 1236 at
715 1206 724 1223 ‘
742 1204 904 1244 trecena,’

213 1259 267 1286 ter
287 1260 441 1294 centum;
464 1266 537 1297 quae
561 1266 685 1287 summa
711 1265 844 1286 omnem
869 1254 907 1286 fi-

214 1305 290 1336 dem
316 1305 416 1346 longe
442 1315 649 1346 exsuperare
676 1305 821 1337 videtur.
845 1305 909 1336 Fa-

215 1355 279 1386 ber.
322 1356 469 1387 Budaeus
493 1356 528 1387 in
557 1356 615 1387 lib.
640 1355 681 1386 de
711 1354 798 1386 Asse
825 1355 910 1386 citat

214 1405 350 1444 triginta
366 1406 480 1437 millia:
504 1405 670 1446 quomodo
685 1409 720 1436 et
738 1405 759 1436 J
765 1408 836 1436 unt.
853 1405 910 1435 ha-

217 1455 299 1486 bere
316 1460 458 1486 testatur
471 1455 585 1487 Graev.
608 1455 675 1486 Sed
689 1454 828 1495 perinde
841 1464 911 1485 rur-

220 1514 275 1535 sus
291 1509 368 1543 est;
392 1504 480 1545 quod
498 1505 633 1545 quidem
649 1505 691 1535 ad
712 1514 844 1535 sensum
863 1508 912 1535 at-

221 1555 320 1587 tinet.
365 1556 453 1585 Nam
479 1555 592 1585 triceni
613 1554 730 1585 dicunt
759 1564 832 1594 pro,
859 1554 914 1585 tri-

221 1605 326 1644 ginta.
348 1604 492 1645 Plinius,
508 1605 517 1622 ‘
531 1604 676 1635 tricenos
694 1603 819 1643 pedes‚⁷
834 1604 842 1620 ‘
855 1603 914 1634 tri-

222 1656 315 1687 cenis
332 1655 476 1686 diebus.’
512 1654 615 1685 Aliud
631 1660 742 1685 autem
759 1658 811 1685 est
827 1654 836 1671 ‘
850 1659 916 1685 tre-

222 1705 322 1737 ceni.’
366 1706 474 1736 Porro
513 1704 632 1736 tributa
671 1713 914 1744 supervacuum

223 1756 373 1795 videtur,
386 1760 422 1786 et
436 1765 477 1786 ex
492 1764 595 1794 marg.
611 1753 666 1785 ubi
681 1754 915 1794 explicationis

223 1815 323 1836 causa
351 1805 514 1844 scriptum
544 1803 658 1843 fuerit,
685 1804 859 1844 irrepsisse
883 1803 916 1834 in

223 1860 366 1887 textum.
420 1855 508 1886 Sane
539 1854 674 1893 vectigal
702 1860 738 1885 et
766 1854 917 1885 tributum

224 1915 326 1936 unum
350 1909 386 1936 et
413 1905 459 1936 id.
485 1908 574 1936 sunt.
618 1905 662 1935 Et
684 1913 792 1935 xv111.
812 1908 844 1935 5.
866 1907 917 1935 14.

225 1955 308 1986 dicit
318 1955 431 1993 modo,
443 1955 452 1971 ‘
463 1957 591 1985 statuto
604 1964 714 1985 annuo
727 1955 883 1995 vectigali
896 1954 917 1994 ;’

223 2015 304 2045 non,
318 2010 445 2036 statuto
463 2014 572 2036 annuo
600 2005 760 2045 vectigali
777 2005 918 2036 tributo.

231 2055 303 2087 Vor.

273 2106 315 2137 Et
326 2105 359 2136 in
371 2115 470 2136 annuo
483 2104 628 2144 vectigali
643 2104 773 2146 tributo]
808 2105 921 2137 Etiam

226 2156 281 2187 hic
297 2160 420 2194 metus,
435 2164 477 2185 ne
490 2155 602 2196 glossa
618 2155 804 2196 irrepserit.
836 2157 921 2189 Quis

228 2207 315 2237 enim
329 2205 461 2244 vectigal
475 2205 624 2236 tributum
633 2205 749 2245 junxit
761 2215 803 2236 ex
816 2207 922 2247 serip-

229 2257 357 2289 toribus
373 2255 546 2296 probatis?
570 2254 674 2293 Schef.

273 2308 291 2348 ξ
314 2309 354 2337 10
377 2305 439 2336 Sed
453 2304 559 2344 amici]
585 2306 699 2346 Vulgo
722 2306 847 2346 legitur
861 2306 923 2338 Sed

230 2367 285 2388 nec
299 2356 401 2388 amici.
446 2356 525 2395 Nec,
540 2355 631 2396 qnod
647 2357 680 2386 in
702 2366 768 2386 nno
793 2362 924 2388 tantum

232 2408 299 2439 Ms.
313 2406 436 2447 reperi,
452 2406 630 2437 inducend.
653 2406 781 2437 curavi.
826 2408 925 2438 Frus-

233 2461 286 2488 tra
302 2456 549 2497 exspectabant
561 2466 713 2496 regnum‚
724 2466 799 2487 cum
810 2467 926 2489 omnes

234 2517 332 2549 pares
348 2511 472 2546 essent,
484 2510 519 2537 et
530 2508 707 2548 aequalitas
722 2507 926 2538 discordiam

234 2562 383 2597 augeret,
405 2561 444 2588 ut
466 2557 564 2597 paulo
588 2561 664 2597 post
686 2566 767 2587 xm.
781 2560 812 2588 2.
837 2560 868 2589 3.
892 2562 927 2588 et

238 2609 359 2638 xvr.3.
376 2610 407 2638 1.
423 2606 524 2637 dicet.
549 2606 706 2647 AEquales
719 2607 807 2637 enim
818 2617 928 2648 aequa-

235 2657 323 2688 libus
346 2657 510 2697 imperare
534 2660 652 2687 contra
678 2661 832 2687 naturam
854 2661 927 2687 est:

239 2712 286 2747 et,
307 2707 407 2748 quiin
423 2708 504 2738 alios
516 2717 653 2747 regnum
667 2716 830 2739 exercere
846 2708 930 2747 vult,

240 2757 278 2788 ὣς
302 2756 376 2789 Θεὸς
401 2757 432 2788 ἐν
459 2756 621 2797 ἀνθρώποις
643 2766 716 2788 esse
746 2757 862 2797 debet,
892 2763 930 2789 ut

241 2807 383 2838 Aristot.
397 2807 555 2848 loquitur.
579 2807 680 2846 Bong.

286 2857 347 2888 Sed
361 2867 414 2887 nec
427 2856 533 2895 amici]
566 2857 575 2873 ‘
594 2857 675 2896 Nec,
698 2856 787 2898 quod
810 2857 843 2888 in
867 2868 932 2889 uno

245 2911 376 2939 tantum
398 2908 465 2940 Ms.
487 2907 619 2949 reperi‚'
641 2907 751 2949 inquit
771 2909 832 2939 Vir
853 2908 933 2941 doc-

1555 349 1640 390 837

944 457 1011 492 tus,
1035 458 1069 485 et
1092 454 1133 485 de
1157 454 1219 485 hoc
1242 453 1315 494 ipso
1341 452 1491 484 Auctore
1514 453 1641 493 optime

943 505 1094 543 meritus,
1118 506 1127 521 ‘
1146 504 1369 535 inducendum
1387 503 1512 534 cumvi-
1541 504 1641 534 Frus-

944 558 998 585 tra
1014 554 1260 594 exspectabant
1272 563 1423 593 regnum,
1436 562 1510 583 cum
1525 561 1640 583 omnes

945 611 1041 643 pares
1059 602 1193 641 essent‚’
1215 606 1280 633 διο.
1325 602 1408 633 Haec
1432 603 1508 632 ille:
1534 612 1551 632 a
1577 612 1642 642 quo

945 654 1044 694 plane
1069 653 1242 684 dissentio.
1287 652 1377 685 Quid
1400 653 1510 683 enim?
1534 662 1643 683 annon

947 709 982 735 et
998 713 1023 734 1.
1041 707 1092 735 10.
1109 706 1141 734 2.
1165 703 1207 734 de
1223 704 1400 743 Magorum
1418 701 1644 732 interfectori-

948 753 1009 785 bus
1024 752 1189 793 legimus?
1212 752 1220 769 ‘
1238 753 1344 783 Erant
1360 752 1447 782 enim
1467 752 1592 782 virtute
1609 756 1646 782 et

948 803 1125 834 nobilitate
1150 803 1198 834 ita
1219 811 1330 843 pares,
1355 806 1391 832 ut
1417 800 1585 831 difficilem
1602 811 1646 832 ex

948 853 998 883 his
1024 853 1149 893 populo
1175 852 1375 883 electionem
1401 852 1575 892 aequalitas
1599 850 1648 882 fa-

951 909 1046 934 ceret
1057 903 1078 934 :'
1097 907 1132 934 et
1142 908 1255 933 tamen
1268 912 1309 932 ex
1324 906 1453 942 septem
1472 901 1519 932 ita
1535 910 1649 942 aequa-

950 953 1035 984 libus
1052 962 1138 984 unns
1162 952 1313 983 sublatus
1335 952 1368 982 in
1397 961 1537 991 regnum
1559 950 1645 989 fuit3

951 1013 1036 1034 uuus
1052 1002 1184 1034 caeteris
1200 1002 1299 1033 rebus
1313 1002 1465 1033 omnibus
1480 1001 1543 1031 sibi
1560 1000 1651 1040 pari-

951 1052 1012 1083 bus
1027 1052 1219 1092 imperavit.
1242 1051 1387 1082 Retineo
1400 1050 1503 1091 igitur
1515 1050 1650 1081 omnino

951 1103 986 1134 τὸ
1001 1113 1066 1142 nec,
1077 1104 1109 1134 in
1125 1103 1272 1144 quinque
1288 1102 1372 1133 Mss.
1388 1111 1407 1132 a
1422 1111 1475 1132 me
1492 1104 1651 1132 constan-

954 1157 1007 1184 ter
1036 1154 1223 1193 inventum,
1250 1153 1313 1183 hac
1342 1152 1535 1183 sententia:
1574 1152 1652 1181 Non

954 1203 1081 1234 frustra
1098 1207 1155 1234 aut
1171 1202 1322 1242 improbe
1340 1206 1511 1242 spectasse
1527 1205 1562 1231 et
1578 1210 1654 1240 spe·

956 1263 1046 1284 rasse
1073 1253 1146 1283 illos
1173 1261 1326 1291 regnum,
1358 1252 1391 1282 in
1415 1250 1535 1292 quibus
1562 1254 1653 1280 artes

956 1304 1060 1344 regine
1083 1308 1116 1334 et
1132 1303 1243 1334 omnia
1259 1311 1338 1342 rege
1362 1301 1465 1342 digna
1480 1301 1629 1331 inessent
1643 1310 1653 1338 ;

958 1355 1075 1385 formae
1106 1353 1335 1395 pulchritudo,
1366 1351 1553 1392 proceritas
1581 1359 1656 1381 cor-

959 1405 1062 1446 poris,
1087 1409 1121 1435 et
1144 1405 1265 1435 virium
1285 1413 1324 1434 ac
1339 1402 1513 1443 sapientiae
1531 1400 1656 1441 magni-

960 1456 1052 1494 tudo,
1076 1464 1219 1496 quaeque
1245 1453 1310 1484 alia
1335 1453 1486 1485 „lustinus
1510 1461 1656 1482 comme-

960 1510 1081 1537 morat.
1108 1505 1244 1535 Medius.
1280 1504 1320 1535 In
1345 1504 1451 1534 altero
1474 1503 1571 1533 Voss.
1589 1501 1657 1532 Ms.

961 1556 1061 1587 etiam
1076 1555 1112 1585 τὸ
1127 1564 1182 1585 nec
1198 1554 1396 1594 apparebat.
1423 1552 1523 1583 Gron.

1005 1604 1208 1646 Spectabunt]
1240 1604 1351 1643 Vulgo
1372 1601 1594 1642 exspectabant.
1615 1609 1657 1631 11.

965 1659 1016 1695 12,
1032 1659 1085 1686 22.
1108 1657 1117 1673 ⁴
1133 1656 1205 1685 Rex
1222 1654 1314 1684 velut
1327 1656 1502 1693 spectator
1516 1649 1661 1691 pugnae.’

962 1707 1057 1737 Vett.
1075 1705 1228 1745 plerique
1240 1705 1423 1743 exspectata·
1435 1711 1560 1742 pugnoe.
1585 1700 1660 1732 Cic.

964 1757 1031 1796 Ep.
1061 1755 1104 1785 ad
1133 1754 1284 1786 Cassium
1316 1763 1369 1791 ea,
1400 1762 1475 1792 quae
1514 1757 1568 1782 est
1605 1753 1659 1782 16.

964 1806 1023 1837 lib.
1039 1814 1101 1836 xv.
1135 1805 1144 1821 ‘
1162 1803 1342 1842 Longiores
1367 1802 1455 1833 enim
1482 1805 1662 1840 exspecta-

967 1855 1023 1896 bo,
1051 1855 1103 1885 vel
1133 1853 1243 1895 potius
1270 1850 1424 1892 exigam!
1472 1850 1601 1881 Nonius
1627 1850 1663 1880 in

970 1908 1107 1947 Exigere
1122 1907 1207 1938 citat
1228 1906 1290 1937 hoe
1306 1904 1405 1935 modo
1421 1914 1430 1934 ε
1451 1902 1461 1919 ‘
1478 1902 1663 1942 Longiores

968 1959 1057 1989 enim
1085 1957 1262 1998 spectabo,
1290 1955 1343 1986 vel
1373 1954 1486 1994 potins
1516 1952 1664 1992 exigam,

967 2008 1100 2050 quando
1124 2007 1237 2038 hercle
1263 2015 1327 2045 ego
1355 2009 1484 2036 temere
1510 2003 1667 2042 exigam.’

970 2060 1096 2090 Locum
1121 2067 1162 2089 eo
1187 2055 1363 2096 adscripsi,
1392 2055 1469 2096 quia
1494 2057 1666 2094 postrema

969 2109 1073 2140 verba
1097 2108 1132 2139 in
1155 2106 1330 2139 Ciceronis
1353 2104 1430 2136 edd.
1453 2104 1545 2134 nnlla
1567 2107 1665 2133 sunt:

970 2169 1044 2200 qnae
1060 2158 1190 2191 Nonius
1208 2162 1331 2192 tamen,
1350 2159 1388 2186 ut
1405 2153 1592 2192 Ciceronis,
1609 2152 1668 2183 ad-

970 2209 1050 2241 fert.
1080 2209 1237 2247 Bongars.
1282 2205 1413 2237 Acidal.
1440 2204 1482 2235 ad
1511 2204 1601 2234 Veli.
1627 2211 1669 2233 11.

972 2261 1024 2290 14.
1041 2261 1072 2288 5.
1095 2255 1312 2297 exspectabant
1334 2254 1389 2285 hic
1411 2252 1546 2293 legend.
1562 2252 1668 2292 suspi-

972 2313 1088 2339 catus:
1112 2311 1151 2337 ut
1172 2312 1208 2337 et
1231 2316 1304 2345 sup.
1320 2314 1360 2336 11.
1376 2307 1427 2335 12.
1443 2307 1495 2334 22.
1517 2304 1526 2320 ‘
1544 2312 1670 2343 expec-

972 2363 1052 2390 tatae
1068 2355 1214 2398 pugnae!
1238 2357 1421 2387 Berneccer.
1456 2353 1614 2385 Becharii
1634 2356 1670 2384 et

974 2408 1047 2439 aliae
1084 2406 1290 2447 antiquiores
1327 2404 1405 2436 edd.
1447 2403 1673 2444 expectabant.-

974 2457 1063 2499 quod
1080 2456 1214 2487 Acidal.
1231 2459 1267 2486 et
1283 2459 1414 2485 rectum
1430 2458 1540 2494 putat.
1582 2453 1671 2483 Scri-

975 2507 1026 2538 bit
1041 2511 1077 2537 et
1093 2504 1208 2536 Gifan.
1225 2505 1257 2535 in
1283 2504 1367 2535 Obs.
1391 2504 1430 2534 L.
1456 2504 1494 2534 L.
1522 2505 1531 2519 ‘
1549 2511 1672 2542 expec-

977 2562 1052 2588 tare
1065 2555 1073 2568 ’
1094 2565 1148 2595 ap.
1166 2554 1260 2585 Vett.
1277 2553 1391 2584 multis
1407 2553 1441 2582 in
1461 2552 1543 2582 locis
1559 2551 1593 2581 in
1611 2560 1672 2581 usu

976 2606 1093 2645 fuisse,
1109 2605 1209 2645 vulgo
1225 2603 1299 2634 fere
1314 2602 1520 2643 depravatis,
1562 2601 1672 2631 Vetus

978 2657 1121 2696 deniqne
1143 2655 1197 2685 ed.
1224 2654 1321 2686 Junt.
1346 2657 1436 2683 teste
1466 2651 1581 2683 Graev.
1611 2660 1673 2690 pro

976 2706 1154 2748 spectabant
1177 2704 1281 2735 habet
1302 2702 1486 2744 sperabant.-
1520 2701 1554 2732 id
1582 2700 1673 2742 quod

979 2758 1123 2789 omnium
1140 2754 1440 2787 commodissimum
1456 2752 1511 2783 hic
1528 2751 1674 2783 videtur.

985 2809 1057 2840 Vor.

1024 2858 1041 2898 ξ
1064 2859 1103 2888 11
1128 2856 1191 2885 Eos
1204 2853 1376 2893 ignoraret]
1396 2852 1547 2884 Verbum
1562 2852 1571 2868 ‘
1585 2851 1676 2889 igno-

982 2907 1076 2938 rare'
1092 2906 1144 2937 hic
1161 2904 1301 2945 respicit
1316 2903 1496 2945 qualitates
1511 2903 1610 2934 animi
1640 2905 1676 2933 et
