2101 3419
562 339 756 371 JUSTINI
790 340 835 369 L]
848 341 885 369 B.

177 455 233 477 res
247 445 330 477 Mss.
346 447 381 476 et
396 443 473 476 edd.
486 443 586 475 vocati
598 443 763 483 scribunt,
779 443 874 474 dete-

177 497 282 527 riores
296 495 448 527 invocati:
471 494 548 525 dein
562 493 641 534 quia
655 493 807 524 Latinius
821 498 874 524 est

175 554 282 576 vocare
306 544 340 575 in
363 543 530 582 auxilium,
557 546 596 573 ut
612 552 645 574 v.
662 545 694 573 2.
718 543 728 560 ⁴
747 552 872 574 vocare

176 596 210 627 in
228 595 414 636 portionem
431 593 603 632 muneris,'
620 598 654 625 et
668 594 765 634 plura
778 594 872 632 talia,

175 656 276 686 quam
298 646 438 676 invocare
462 645 495 675 in
520 643 687 682 auxilium,
719 643 870 684 quamvis

173 695 373 726 locutionem
384 695 468 725 lianc
479 703 545 724 non
555 693 692 725 damnet
704 693 870 725 Graevius.

174 744 340 777 Quoniam
357 745 465 784 Bong.
483 744 568 774 Mss.
586 753 720 784 quoque
744 743 870 775 habent

170 794 272 825 vocati
281 804 293 830 ‚·
316 793 448 824 mallem
463 794 540 832 hoc,
557 803 656 834 quarn
673 794 820 833 invocati,
833 794 870 825 li-

171 847 228 874 cet
244 851 310 873 non
325 842 368 873 sit
391 841 586 884 infrequens
609 843 789 883 compositi
806 853 867 883 pro

170 893 325 933 simplice
337 903 427 932 usus,
442 893 544 924 etiam
557 893 590 923 in
606 893 741 925 talibus.
764 893 867 931 Sches.

215 942 375 982 Cognom]
398 943 554 974 Vincent.
576 943 776 976 ‘nominav.’
810 943 868 975 Al-

169 993 307 1025 bertus:
331 994 342 1011 ‘
359 994 414 1024 Ibi
438 993 628 1025 habitantes
651 994 684 1024 in
710 993 791 1025 Asia
815 1004 865 1026 re-

169 1044 301 1084 gionem
318 1044 578 1085 Gallograeciam
595 1049 729 1080 vocant,
753 1054 772 1075 a
793 1045 865 1086 qui-

168 1095 230 1126 bus
268 1094 425 1128 Galatae.'
482 1095 590 1126 Gesta
612 1096 839 1127 Treverorum
854 1107 862 1127 :

165 1145 176 1162 ‘
193 1146 344 1186 Eamque
362 1145 534 1186 regionem
547 1155 588 1176 ex
602 1145 709 1177 Gallis
720 1150 754 1177 et
767 1146 864 1177 Grae-

165 1195 215 1227 cis
232 1195 418 1235 composito
432 1195 565 1226 nomine
576 1195 863 1227 Gallo-Graeciam

165 1245 489 1286 agnominaverunt!

210 1295 298 1326 CAP.
314 1304 372 1326 111.
404 1296 421 1336 ξ
439 1298 455 1326 1
490 1295 647 1336 Pyrrhus]
686 1296 862 1328 Quomodo

166 1346 316 1387 Pyrrhus
340 1347 441 1377 Italia
467 1351 502 1377 et
528 1346 645 1377 Sicilia
666 1347 863 1386 excesserit,

166 1400 215 1434 et,
231 1395 266 1426 in
280 1396 448 1427 Graeciam
463 1405 630 1436 reversus,
655 1395 861 1436 Antigonum

166 1449 202 1476 et
218 1444 335 1476 Gallos
352 1449 486 1476 strenue
510 1450 701 1485 pugnantes
726 1445 859 1485 vicerit,

164 1496 329 1536 legendus
346 1496 379 1526 in
402 1495 476 1536 ejus
490 1496 572 1526 Vita
589 1495 683 1526 Plut.
707 1499 742 1526 et
757 1495 860 1527 Paus.

163 1545 198 1576 in
214 1544 288 1576 Att.
312 1545 414 1584 Bong.

207 1597 258 1636 §3
283 1596 489 1636 Repentinum
502 1595 604 1636 fingit
625 1594 859 1636 profectionem]

162 1645 254 1678 Quid
267 1645 329 1676 hoc
340 1646 413 1676 est?
435 1646 444 1662 ‘
455 1644 582 1686 fingere
596 1644 838 1685 profectionem
849 1645 858 1659 '

160 1696 504 1737 siguificat‚sin1ulare
518 1705 553 1726 se
566 1695 807 1736 profecturum,
820 1701 858 1728 ut

158 1748 167 1764 ‘
183 1746 313 1787 fingere
337 1756 487 1777 somnum
499 1746 507 1758 ’
533 1755 584 1777 rx.
610 1749 640 1777 9.
671 1745 800 1786 fingere
830 1757 856 1778 s.

158 1797 317 1828 simulare
334 1806 370 1827 se
384 1796 539 1828 dormire.
583 1795 689 1837 Atqui
705 1797 857 1837 sequitur

159 1848 168 1864 ‘
185 1856 342 1878 reversus
359 1846 392 1877 in
404 1845 565 1886 Epirum!
609 1847 687 1877 Non
702 1856 783 1887 ergo
796 1846 856 1878 fin-

159 1896 273 1936 gebat,
289 1894 346 1926 sed
361 1905 396 1926 re
413 1905 491 1926 vera
503 1895 710 1936 suscipiebat
724 1896 856 1936 profec-

158 1947 297 1978 tionem.
357 1945 473 1978 Quare
500 1946 655 1986 suspicor
681 1946 855 1986 scripsisse

157 1997 321 2028 Nostrum
340 1997 393 2027 vel
408 1996 538 2035 indicat,
560 1997 615 2027 vel
631 1997 770 2027 instituit
783 2007 855 2038 pro-

145 2047 325 2084 sectionem.
347 2045 458 2078 Schef.
504 2046 617 2086 Fingit
634 2047 689 2078 hic
705 2057 770 2078 non
788 2053 853 2088 est,

154 2098 301 2137 simulat,
327 2102 366 2128 ut
382 2098 455 2129 vult
470 2097 511 2129 cl.
533 2096 654 2128 Scheff.
680 2098 738 2129 sed
756 2098 855 2129 ador-

154 2153 227 2187 nat,
253 2152 371 2188 parat;
403 2151 454 2187 ut,
482 2147 611 2188 fingere
643 2146 769 2188 fugam,
796 2158 851 2189 ap.

153 2198 267 2230 Plaut.
283 2198 416 2239 Captiv.
432 2207 474 2229 11.
499 2201 529 2229 1.
554 2198 564 2215 ‘
581 2197 628 2228 At
651 2197 766 2238 fugam
790 2198 852 2229 fin-

154 2250 245 2291 gitis,
259 2250 369 2281 sentio
382 2259 480 2291 quam
495 2259 564 2280 rem
579 2249 679 2289 agitis
693 2249 714 2280 :'
738 2253 773 2280 et
786 2250 850 2280 Lu-

152 2301 290 2332 cilium:
322 2301 331 2316 ‘
347 2300 414 2331 Sed
438 2299 519 2340 fuga
543 2299 703 2340 fingitur:
729 2300 848 2331 timido

151 2351 247 2383 vadit
262 2351 348 2392 pede
364 2350 541 2391 percitns‚’
557 2351 588 2383 h.
605 2359 635 2381 e.
653 2349 767 2391 fugam
782 2360 848 2381 mo-

149 2401 242 2442 litur,
265 2406 304 2432 ut
320 2405 413 2432 recte
429 2401 571 2442 politiss.
588 2401 776 2432 Gulielmus
790 2410 847 2431 ex-

150 2452 258 2493 ponit.
300 2452 355 2483 Sic
368 2455 414 2490 et,
426 2450 608 2492 parricidia
621 2450 761 2491 fingere,
772 2460 847 2491 pro,

151 2507 294 2542 struere,
309 2511 444 2542 parare,
459 2511 514 2542 ap.
527 2501 607 2532 Sen.
621 2501 662 2532 ad
677 2502 783 2532 Marc.
793 2504 845 2532 26.

150 2554 159 2570 ‘
179 2552 269 2586 Quid
285 2552 414 2583 dicam?
437 2552 529 2582 nulla
543 2551 598 2582 hic
613 2561 706 2582 arma
722 2552 844 2582 mutuis

150 2601 262 2633 furere
278 2601 507 2642 concursibus,
517 2611 581 2632 nec
596 2602 719 2633 classes
730 2602 844 2633 classi-

149 2651 211 2682 bus
238 2650 360 2692 frangi,
384 2661 447 2682 nec
475 2651 657 2691 parricidia
680 2656 738 2682 aut
762 2651 843 2692 fingi

149 2704 206 2731 aut
215 2700 437 2742 cogitari,nec
447 2700 520 2732 fora
529 2700 644 2732 litibus
656 2706 809 2743 strepere
819 2701 842 2732 ?'

150 2750 259 2781 Groev.

191 2801 209 2840 ᾧ
224 2803 245 2831 6
267 2800 307 2831 In
321 2800 504 2832 deditionem
518 2801 646 2842 accipit]
669 2800 730 2832 Ait
743 2801 840 2833 Grae-

148 2849 222 2880 vius
239 2849 387 2882 Gronov.
407 2851 540 2890 legend.
562 2856 682 2892 putare
697 2851 732 2882 in
746 2852 839 2882 ditio-

146 2909 235 2932 nem:
265 2899 353 2942 quod
377 2900 470 2933 nobis
493 2910 560 2934 non
587 2901 731 2934 videtur.
778 2902 840 2936 Est

916 340 1039 370 xxv.
1070 341 1176 370 CAP.
1205 332 1245 371 4.
1542 330 1627 372 933

923 442 1011 473 enim
1035 443 1070 473 in
1092 444 1277 475 deditionem
1298 444 1435 485 accipere
1459 443 1623 477 usitatiss.

924 493 1053 524 Nostro
1068 493 1211 534 phrasis.
1252 494 1356 525 Vorst.
1402 495 1481 526 Non
1506 495 1560 527 hic
1586 496 1621 527 in

923 542 1060 574 dubium
1079 549 1218 574 vocatur
1239 544 1400 585 loquendi
1424 544 1523 584 ratio,
1546 555 1621 586 quae

922 597 974 622 est
990 592 1222 631 usitatissima,
1238 593 1298 624 sed
1314 604 1387 624 res:
1414 604 1491 624 unm
1506 595 1623 625 Mace-

921 642 1024 672 donia
1039 651 1075 673 se
1092 642 1226 673 dederit
1242 643 1386 684 Pyrrho,
1403 653 1445 674 an
1462 645 1562 675 armis
1579 645 1621 676 ab

921 703 960 725 eo
977 694 1117 725 subacta
1132 695 1165 725 in
1189 695 1352 726 ditionem
1377 696 1447 737 ejus
1465 697 1621 736 venerit3

920 742 1010 783 quod
1021 743 1174 783 ignorare
1186 753 1251 774 non
1266 749 1418 784 possunt,
1430 745 1486 786 qui
1498 745 1621 786 Pyrrhi

919 791 1023 823 vitam
1040 793 1207 832 legerunt.
1233 794 1341 825 Groev.

967 843 1072 874 Veluti
1087 844 1209 881 damna,
1222 843 1288 884 ξω]
1302 845 1391 876 Saxo
1404 854 1481 876 XIV.
1497 855 1531 886 p.
1543 848 1617 878 264.

917 893 992 924 init.
1028 894 1037 910 ‘
1055 893 1098 924 Se
1123 899 1252 934 ereptae
1283 895 1467 935 Norvagiae
1497 895 1620 926 damna

918 942 1045 974 Suetici
1076 943 1242 983 primatus
1280 954 1419 976 munere
1459 950 1619 986 pensatu-

917 1003 989 1024 rum
1004 996 1025 1024 τ’
1058 1003 1137 1025 X1v.
1166 1003 1200 1034 p.
1215 997 1290 1034 268.
1316 997 1367 1026 34.
1397 996 1407 1012 ‘
1424 995 1617 1026 Incolarum

915 1042 1118 1075 fortitudine
1142 1043 1322 1084 parvitatis
1352 1044 1474 1076 damna
1496 1054 1617 1086 pensa·

915 1093 998 1125 bat!

958 1146 974 1185 ς
999 1147 1019 1175 7
1056 1143 1209 1184 Eventus]
1245 1144 1344 1176 Junt.
1375 1148 1465 1176 teste
1499 1145 1613 1177 Graev.

913 1199 1072 1226 eventum.-
1096 1195 1186 1236 quod
1202 1195 1328 1226 rectius
1346 1196 1490 1228 videtur.
1537 1197 1612 1229 Vor.

957 1246 973 1285 ξ
990 1248 1010 1275 8
1033 1245 1187 1276 Funditus
1201 1245 1315 1286 victus]
1337 1247 1427 1278 Saxo
1439 1255 1474 1278 x.
1492 1257 1526 1288 p.
1539 1250 1614 1280 204.

913 1298 944 1328 1.
966 1297 975 1313 ‘
993 1295 1181 1327 Caeduntur
1197 1294 1218 1326 f.
1236 1296 1376 1327 Sclavi.'

955 1345 1085 1385 Salutis,
1101 1345 1170 1386 tra]
1193 1345 1245 1377 Id.
1258 1354 1324 1377 ΧΠ.
1339 1355 1371 1386 p.
1381 1348 1433 1377 42.
1444 1349 1498 1378 44.
1521 1346 1531 1363 ‘
1543 1346 1613 1378 Ob-

912 1405 1028 1427 scuros
1041 1401 1270 1436 externosque
1284 1405 1436 1427 secessus
1449 1397 1614 1437 captent.’

954 1447 986 1478 F
987 1457 1055 1486 ugae
1079 1447 1258 1478 solitudines
1286 1447 1406 1487 captat]
1439 1449 1531 1481 Quid
1559 1453 1612 1480 est

910 1499 1034 1536 captare
1048 1497 1229 1527 solitudines
1243 1496 1363 1536 fugae?
1396 1502 1435 1529 ut
1459 1499 1534 1539 quis
1557 1498 1609 1530 fu-

911 1555 990 1586 gere
1007 1546 1111 1587 possit
1127 1547 1237 1577 solus?
1261 1552 1296 1578 at
1318 1547 1353 1577 id
1371 1547 1442 1588 jain
1459 1548 1610 1581 faciebat

909 1595 1112 1636 Antigonus.
1158 1597 1278 1638 Itaque
1294 1597 1387 1628 locus
1403 1598 1483 1629 mihi
1498 1609 1609 1641 neque

909 1648 1056 1688 integer,
1071 1657 1181 1688 neque
1199 1648 1246 1678 sic
1262 1652 1299 1678 ut
1316 1652 1454 1689 oportet
1469 1649 1608 1681 distinc-

910 1702 963 1728 tus
988 1697 1132 1728 videtur.
1178 1697 1217 1728 In
1244 1698 1327 1729 Mss.
1352 1699 1459 1738 Bong.
1482 1700 1607 1740 legitur

905 1747 1146 1788 solitudinisque.
1174 1748 1265 1779 Hinc
1273 1748 1395 1788 colligo
1406 1749 1453 1780 sic
1464 1750 1608 1790 legenda

908 1798 1217 1839 distinguendaque
1232 1799 1363 1829 onmia:
1387 1809 1448 1830 non
1464 1800 1534 1838 jam
1557 1811 1606 1832 re-

904 1858 971 1888 cup.
985 1858 1012 1879 r.
1028 1859 1124 1889 spem,
1139 1850 1190 1879 sed
1205 1859 1229 1880 s.
1247 1849 1382 1880 latebras
1395 1850 1542 1891 acfugoe,
1557 1861 1605 1882 so-

904 1899 1108 1939 litudinesque
1122 1910 1148 1930 c.
1188 1900 1381 1939 Eleganter.
1421 1901 1515 1932 Ordo
1530 1906 1603 1933 est:

904 1949 1031 1989 Captat
1046 1949 1195 1980 latebras
1211 1950 1329 1981 salutis
1345 1955 1380 1982 et
1396 1950 1498 1992 fugae,
1522 1962 1603 1993 cap-

902 2003 956 2030 tat
971 1999 1186 2040 solitudines,
1201 2010 1275 2041 quae
1293 2010 1417 2041 nempe
1434 2002 1551 2033 salutis
1568 2007 1604 2034 et

901 2049 993 2090 fugae
1004 2050 1143 2081 latebrae
1155 2050 1220 2091 ipsi
1231 2055 1327 2082 erant
1338 2050 1473 2083 futurae.
1496 2052 1602 2091 Schef.

903 2100 1003 2139 Fugae
1017 2100 1197 2131 solitudines
1211 2105 1337 2141 captare
1353 2107 1419 2140 est,
1442 2102 1514 2133 loca
1530 2104 1601 2134 sola

900 2154 937 2181 et
952 2150 1089 2181 deserta
1105 2160 1269 2191 quaerere,
1292 2161 1353 2192 per
1369 2161 1442 2192 quae
1461 2157 1535 2184 tuto
1553 2152 1603 2185 fu-

899 2201 983 2241 gias,
1007 2205 1041 2232 et
1058 2211 1077 2232 a
1100 2202 1191 2233 nullo
1209 2202 1309 2233 obvio
1325 2202 1600 2244 deprehendaris.

901 2251 1009 2282 Graev.

943 2300 1032 2331 CAP.
1048 2309 1099 2331 1v.
1134 2301 1185 2341 §1
1229 2301 1283 2333 Ad
1307 2304 1386 2343 quod
1413 2305 1504 2344 votis,
1529 2304 1598 2345 cisa]

899 2350 1104 2381 Consulendi
1118 2351 1256 2383 Gruter.
1273 2353 1462 2393 Suspicion.
1480 2364 1529 2386 vr.
1544 2358 1595 2386 14.

897 2405 933 2431 et
949 2400 1100 2432 Brisson.
1118 2401 1230 2432 Form.
1248 2411 1273 2432 1.
1292 2412 1325 2442 p.
1343 2406 1395 2434 82.
1430 2405 1531 2435 Bern.

939 2453 955 2492 ξ
974 2454 993 2482 2
1021 2453 1090 2487 Qun
1103 2452 1225 2483 tulisset
1236 2453 1399 2494 impetum]
1421 2456 1499 2487 Hoc
1513 2466 1594 2488 vero

894 2502 1009 2533 nescio
1025 2512 1067 2532 an
1092 2502 1135 2532 sit
1157 2502 1326 2535 Latinum.
1372 2505 1487 2536 Facere
1499 2506 1595 2547 impe-

894 2555 961 2582 tum
976 2552 1129 2591 dicimus,
1154 2561 1221 2583 nou
1240 2553 1340 2593 ferre,
1365 2564 1440 2585 cum
1468 2555 1531 2587 hoc
1548 2556 1593 2587 sit

894 2602 1039 2642 passivae
1072 2603 1186 2642 potius
1221 2602 1492 2643 significationis.
1549 2607 1592 2637 In

893 2653 974 2684 Mss.
991 2653 1115 2694 legitur
1133 2654 1306 2694 imperium.
1352 2656 1451 2688 Quod
1469 2667 1521 2697 ap.
1538 2668 1591 2689 me

892 2702 1010 2743 efficit,
1035 2708 1072 2734 ut
1089 2714 1202 2734 veram
1219 2705 1299 2736 lect.
1325 2706 1460 2738 credam
1487 2708 1590 2740 fuisse

891 2754 981 2791 olim,
995 2764 1051 2793 qua
1067 2754 1185 2784 tulisset
1200 2755 1331 2795 impetus
1343 2765 1420 2788 eum.
1466 2758 1518 2788 Ex
1533 2759 1590 2790 im-

885 2807 975 2844 petus
982 2814 1060 2842 eum,
1068 2805 1155 2845 quod
1165 2806 1371 2845 conjunctim
1382 2808 1474 2840 velut
1485 2819 1587 2842 unum

890 2853 1007 2884 vocab.
1023 2855 1131 2894 primo
1148 2856 1322 2898 scriptum,
1347 2857 1470 2891 deinde
1495 2860 1585 2894 fece-

888 2908 967 2935 runt
981 2904 1152 2946 imperium.
1174 2906 1286 2938 Schef.
