2174 3424
620 358 817 390 JUS'rlNI
857 360 951 388 mn.
988 360 1047 389 vi.
1082 361 1187 391 GAP.
1219 350 1260 391 6.
1572 349 1657 390 735

218 452 341 482 Verum
372 450 453 481 nihil
480 450 513 481 id
540 460 635 491 opus.
682 451 912 483 Confirmatur

215 501 298 532 lect.
315 501 404 540 vulg.
421 510 460 531 eo
477 501 566 540 quod
583 511 659 531 mox
675 502 830 542 seqnitur
846 502 855 519 ‘
870 511 912 532 ex

216 550 330 591 spoliis
378 550 711 581 Lacedaemoniorum
753 551 912 582 restitue-

214 601 353 632 rentur!
382 602 484 632 Vorst.
531 603 668 633 Nullam
686 602 762 633 huic
788 603 809 634 1.
832 612 910 633 con-

213 651 413 683 troversiam
438 661 559 682 moveo
590 652 808 683 renuentibus
835 653 910 684 libr.

213 711 302 732 omn.
319 701 479 742 antiquis.
515 702 644 732 Sumtus
653 703 831 741 proedarum
846 707 911 742 est,

214 753 272 793 qui
300 753 513 784 contrahitur
543 763 586 784 ex
615 753 756 785 vendita
787 754 911 794 praeda.

212 802 332 833 Latine
346 803 484 842 proprie
506 803 699 834 ‘manubias
713 803 722 817 ’
746 803 813 835 dici
830 814 911 835 con-

213 852 326 883 tendit
342 853 502 884 Favorin.
519 863 573 893 ap.
592 853 682 885 Gell.
726 853 793 884 Sed
819 854 828 869 ‘
842 864 910 884 ma-

212 901 351 933 nubias’
374 901 477 934 fuisse
502 903 681 943 pecuniam
705 913 748 934 ex
774 904 911 935 vendita

212 951 329 992 praeda
345 952 539 993 imperatori
557 953 676 984 victori
704 963 723 984 a
739 954 863 984 Senatu
875 954 910 984 iu

213 1002 390 1042 praemium
407 1002 542 1033 virtutis
560 1002 730 1043 donatam,
745 1013 844 1044 quam
862 1008 910 1034 ta-

212 1062 287 1083 men
303 1052 457 1093 plerique
481 1052 723 1092 impendebant
747 1054 781 1083 in
805 1062 910 1093 opera

212 1101 361 1142 publica,
377 1102 526 1133 Asconio
543 1103 695 1134 Pediano
711 1105 823 1143 potius
841 1113 910 1135 cre-

213 1152 268 1189 do,
285 1152 386 1193 idque
405 1152 486 1183 alibi
498 1152 629 1183 docebo
640 1153 805 1192 pluribus.
821 1154 908 1183 Prae-

211 1203 320 1233 darum
335 1205 436 1233 sumtu
459 1205 489 1233 et
509 1203 647 1233 exercitu
660 1203 829 1233 Persarum
841 1208 909 1234 sta-

213 1252 272 1283 tim
301 1253 349 1283 his
380 1253 493 1283 verbis
525 1253 678 1293 exponit,
699 1253 708 1269 ‘
725 1253 908 1283 Persarum

210 1303 363 1334 manibus
376 1307 411 1334 et
427 1303 543 1343 spoliis
556 1302 910 1334 Lacedaemoui01·um.’

214 1353 324 1385 Graev.

253 1406 270 1446 ᾧ
288 1408 326 1437 10
353 1405 512 1444 Manibus]
547 1406 668 1436 Recte.
681 1405 792 1445 Vulgo
805 1415 909 1436 manu-

213 1455 285 1495 biis,
299 1460 420 1486 contra
436 1455 538 1486 libros
563 1460 599 1486 et
617 1459 764 1485 mentem
781 1454 908 1486 Aucto-

212 1506 271 1536 ris.
318 1505 419 1536 Oros.
456 1506 465 1522 ‘
490 1505 607 1535 Persis
638 1503 910 1536 aedificantibus!

213 1555 365 1595 Legendi
381 1555 522 1586 Xen.1v.
538 1554 640 1585 Diod.
654 1563 727 1585 xiv.
740 1557 792 1586 86.
807 1555 909 1587 Paus.

211 1605 350 1637 Atticis.
374 1606 530 1644 Bongars.
586 1604 803 1635 ‘Manubiis’
828 1605 909 1636 reti-

212 1660 272 1687 net
305 1661 341 1687 et
373 1655 552 1686 confirmat
589 1655 707 1686 Justus
736 1655 907 1696 Rycquius

212 1707 311 1737 Cent.
325 1715 365 1736 11.
378 1707 440 1744 Ep.
456 1708 508 1736 25.
553 1705 700 1735 Manibus
713 1708 821 1735 tamen
839 1715 910 1736 rec-

211 1755 279 1786 tius
306 1755 442 1786 videtur
468 1764 511 1785 ex
529 1755 593 1785 illis
610 1754 720 1785 verbis
744 1764 777 1785 n.
802 1764 907 1795 praec.

210 1804 219 1821 ‘
233 1804 414 1835 Exercitus
441 1804 536 1835 Pers.
565 1803 659 1834 rest.'
692 1804 791 1835 Bern.
845 1805 908 1835 Le-

210 1853 311 1894 gend.
329 1854 462 1884 omuino
478 1854 641 1891 manibus;
659 1864 724 1884 non
741 1859 779 1885 ut
793 1854 906 1895 Rycq.

210 1904 341 1944 vult,et
357 1903 389 1934 in
406 1903 648 1944 antiquioribus
663 1903 752 1944 typis
766 1912 907 1943 expres-

210 1953 255 1984 sis
271 1958 337 1993 est,
350 1953 511 1984 manubiis.
538 1954 664 1984 Firmat
679 1959 713 1984 et
728 1953 812 1984 hanc
827 1954 906 1985 lect.

211 2009 406 2043 contextus,
427 2004 582 2046 quodque
597 2003 785 2043 antecedit,
808 2005 817 2021 ‘
832 2014 906 2045 quae

208 2055 346 2085 incensa
368 2053 515 2093 fuerant,
543 2053 699 2084 exercitu
724 2053 907 2085 Persarum

211 2104 384 2136 restituit.'
427 2104 494 2135 Sed
510 2107 546 2134 et
562 2102 662 2134 codd.
680 2103 764 2134 Mss.
780 2103 828 2134 ita
850 2103 906 2134 ha-

212 2154 305 2185 bent.
334 2154 436 2186 Vorst.

256 2205 309 2234 Ex
319 2204 436 2244 spoliis,
450 2202 517 2243 ἐξα]
541 2204 656 2235 Simile
669 2204 838 2236 oraculum
851 2214 906 2244 ap.

210 2253 345 2284 Esaiam
361 2261 462 2284 XLIX.
481 2256 530 2285 17.
577 2253 635 2284 Καὶ
650 2253 732 2293 ταχὺ
747 2253 904 2293 οἰκοδομη-

210 2303 298 2346 eho-37,
316 2305 364 2344 ὑφ’
380 2303 420 2335 ὧν
435 2304 607 2346 καθῃρέθης.
633 2306 735 2336 Gron-

253 2356 341 2387 CAP.
354 2365 406 2387 vl.
430 2357 447 2396 ξ
466 2360 481 2387 1
500 2357 707 2396 Artaxerxes]
730 2357 738 2374 ‘
754 2356 827 2387 Pax
838 2355 905 2386 Au-

211 2407 364 2438 taleidae’
388 2407 491 2446 dieta,
507 2408 594 2448 quod
609 2413 698 2439 esset
714 2408 785 2448 ejus
802 2418 907 2448 opera

210 2457 405 2497 impetrata.
443 2458 531 2488 Xen.
547 2468 579 2489 v.
610 2459 715 2489 Diod.
732 2468 808 2490 xrv.
834 2462 905 2490 lll.

210 2507 304 2539 Plut.
318 2508 352 2538 in
364 2507 526 2548 Agesilao
542 2514 577 2540 et
592 2509 797 2541 Artaxerxe.
819 2510 905 2540 Bon-

208 2567 293 2595 gars.
338 2558 498 2597 Similem,
527 2559 586 2589 sed
603 2557 731 2590 effectu
744 2559 906 2598 dissimili,

211 2607 465 2644 Tarentinorum
486 2609 692 2648 legationem
710 2607 814 2638 refert
829 2607 903 2639 Liv.

213 2664 267 2687 rx.
283 2660 332 2688 14.
346 2661 376 2689 l.
390 2657 480 2689 Add.
496 2657 589 2699 App.
606 2668 638 2698 p.
655 2661 707 2689 10.
725 2659 845 2689 2.Tac.
860 2658 903 2690 A.

213 2714 239 2737 1.
252 2710 304 2739 23.
320 2710 351 2740 7.
375 2708 448 2740 Liv.
464 2717 563 2740 xuv.
581 2711 632 2740 14.
649 2711 679 2740 7.
702 2709 803 2739 Rern.

252 2758 440 2800 Jubet,85c.]
472 2761 560 2792 Saxo
576 2770 637 2793 xv.
670 2772 702 2802 p.
726 2763 800 2792 369.
827 2760 903 2792 init.

208 2807 217 2824 ‘
231 2808 334 2839 Plebs
358 2810 400 2841 ab
416 2811 517 2842 armis
533 2821 569 2843 se
586 2812 806 2843 discessuram
831 2820 905 2851 pro-

212 2859 341 2891 mittit!

254 2909 271 2948 ἕ
287 2911 307 2940 2
329 2910 529 2953 Assiduisque
544 2912 687 2944 bellorum
704 2911 903 2944 interneciris

961 453 1054 493 odiis]
1078 454 1154 484 Nou
1183 455 1264 485 satis
1291 458 1408 494 aptum
1426 453 1558 484 videtur
1574 453 1655 484 illud

960 503 1092 533 assiduis
1104 504 1303 534 internecivis
1312 505 1361 535 od.
1385 504 1565 535 Rarissime
1581 513 1656 544 pro-

961 551 1053 583 fecto
1069 553 1241 593 adjectiva
1256 554 1304 584 sic
1313 554 1504 594 junguntur
1519 553 1589 584 sine
1602 564 1656 584 co-

962 602 1051 641 pula.
1097 601 1138 632 In
1161 603 1246 633 Mss.
1272 602 1390 632 interne
1412 603 1500 641 civis,
1524 612 1565 633 ex
1590 613 1656 643 quo

959 651 1112 691 impressi
1138 652 1272 692 quidam
1300 650 1457 682 fecerunt
1471 652 1655 683 inter-cives.

960 701 1009 732 At
1025 711 1088 741 ego
1111 711 1234 732 censeo
1249 702 1339 734 Just.
1363 701 1538 741 scripsisse
1561 702 1656 732 inter-

958 752 1109 782 renecz'vis
1122 761 1182 792 per
1193 751 1329 790 tmesin,
1342 761 1408 782 non
1419 751 1585 782 insolitam
1597 761 1655 791 op-

960 802 1050 832 timis
1066 802 1288 842 scriptoribus
1301 800 1453 841 figuram.
1489 801 1658 841 Conjunc-

961 851 1085 882 tionem
1112 862 1160 890 ve,
1187 862 1262 893 quae
1292 851 1344 882 hic
1373 852 1463 882 valet
1492 852 1578 882 idem
1605 862 1657 891 ac,

961 911 1038 942 que,
1051 902 1213 933 absumsit
1228 912 1278 945 ne,
1295 902 1385 943 quod
1409 902 1442 932 in
1468 902 1583 932 necitis
1609 911 1658 933 se-

959 952 1084 992 quitur.
1108 951 1212 990 Schef.

1001 1002 1018 1041 ς
1037 1003 1055 1031 3
1078 1002 1229 1042 AEgyplio
1245 1001 1334 1043 bello]
1377 1000 1549 1042 Κυπριακὸν
1562 1001 1655 1032 πόλε-

957 1062 1016 1089 μον
1031 1056 1272 1082 commemorat
1295 1051 1400 1082 Diod.
1417 1051 1450 1081 in
1466 1051 1553 1092 quod
1571 1061 1656 1091 pace

959 1103 1145 1133 constituta
1190 1101 1384 1133 incubuerit
1430 1101 1654 1134 Artaxerxes.

958 1152 1033 1183 Nisi
1049 1152 1121 1183 haec
1138 1152 1180 1183 de
1197 1161 1237 1182 ea
1253 1162 1336 1192 pace
1352 1152 1512 1192 accipias,
1533 1152 1574 1182 de
1590 1163 1656 1193 qua

958 1202 1062 1234 Diod.
1078 1211 1138 1233 xv.
1152 1205 1204 1233 38.
1222 1199 1417 1242 Ἀρταξέρξης
1430 1199 1555 1239 μέλλων
1564 1207 1655 1232 πολε-

956 1254 1024 1292 μεῖν
1047 1252 1121 1293 πρὸς
1135 1251 1330 1292 Αἰγυπτίους,
1353 1251 1403 1282 καὶ
1429 1250 1568 1282 σπεύδων
1581 1255 1655 1291 ξενι-

957 1303 1014 1340 κὴν
1041 1302 1163 1341 δύναμιν
1187 1301 1346 1342 ἀξιόλογον
1368 1301 1592 1340 συστήσασθαι,
1616 1305 1657 1333 δι-

957 1352 1035 1391 έγνω
1050 1351 1264 1383 συλλύσασθαι
1278 1351 1349 1383 τοὺς
1364 1352 1444 1382 κατὰ
1459 1351 1518 1389 τὴν
1538 1352 1653 1383 Ἑλλά-

958 1405 995 1434 δα
1019 1403 1180 1442 πολέμους,
1202 1405 1266 1433 &c.
1292 1412 1367 1443 quae
1394 1412 1553 1442 compara
1578 1413 1655 1434 cum

957 1453 1085 1485 Justini
1102 1453 1223 1483 verbis.
1268 1452 1333 1482 Sed
1351 1453 1392 1482 de
1406 1452 1568 1492 AEgyptio
1585 1452 1654 1482 bel-

958 1504 989 1534 lo
1001 1504 1069 1535 vid.
1081 1504 1283 1543 Gemistum,
1295 1508 1331 1533 et
1346 1503 1439 1534 Plut.
1451 1502 1654 1534 Artaxerxe.

961 1555 1062 1593 Bong.
1106 1553 1354 1585 Lacedaemonii
1377 1554 1419 1584 ab
1435 1553 1653 1593 Hercynione

958 1604 1096 1644 AEgypti
1119 1613 1199 1644 rege
1216 1604 1341 1634 auxilia
1355 1603 1482 1634 navalis
1501 1603 1579 1633 belli
1596 1613 1655 1643 pe-

959 1655 1098 1692 tierant,
1125 1654 1167 1684 ab
1183 1653 1371 1693 eodemque
1397 1655 1470 1683 100.
1498 1653 1653 1683 triremes

958 1708 994 1734 et
1008 1706 1080 1734 600.
1096 1704 1145 1734 M.
1160 1703 1344 1734 modiorum
1368 1702 1529 1733 frumenti
1551 1703 1654 1743 impe.

959 1757 1101 1785 trarant.
1144 1754 1223 1784 Vid.
1237 1764 1312 1793 sup.
1330 1763 1377 1784 VI.
1394 1756 1425 1784 2.
1444 1756 1472 1784 l.
1501 1753 1603 1784 Vorst.

1000 1806 1240 1847 Detinerentur]
1284 1806 1305 1837 J
1311 1810 1379 1837 unt.
1418 1806 1524 1836 distin.
1562 1804 1652 1846 quod

958 1854 1161 1895 praefereud.
1188 1866 1261 1886 esse
1289 1856 1437 1895 vulgato,
1461 1864 1559 1885 nemo
1586 1864 1654 1886 non

959 1905 1053 1936 videt
1082 1906 1182 1945 paulo
1198 1906 1384 1936 humanior.
1419 1906 1498 1936 Tac.
1515 1914 1589 1936 xiv.
1608 1904 1650 1936 A.

956 1957 1011 1985 26.
1027 1954 1035 1969 ‘
1049 1955 1134 1986 Quae
1152 1954 1285 1986 facilius
1300 1954 1561 1994 proveniebant,
1574 1954 1652 1994 quia

960 2005 1079 2036 Parthi
1097 2005 1257 2046 Hyrcano
1275 2005 1362 2035 bello
1380 2004 1653 2035 distinebantur.’

957 2056 1002 2085 Et
1019 2064 1068 2085 1v.
1085 2056 1130 2087 H.
1146 2058 1199 2086 56.
1224 2057 1232 2072 ‘
1245 2055 1373 2086 Omnes
1397 2055 1568 2085 exercitus
1584 2055 1652 2085 suis

956 2115 1122 2146 quemque
1139 2105 1235 2136 bellis
1252 2104 1433 2136 distineri?
1451 2105 1556 2136 Groev.
1579 2105 1654 2135 Me·

956 2155 1019 2185 lius
1036 2160 1132 2185 certe
1149 2161 1184 2186 et
1196 2155 1284 2185 haud
1302 2156 1400 2195 paulo
1417 2154 1604 2194 elegantius
1619 2155 1653 2185 in

956 2205 1011 2236 ed.
1026 2205 1123 2236 Junt.
1139 2214 1236 2246 quam
1263 2205 1382 2235 habuit
1409 2204 1442 2236 J.
1459 2205 1573 2236 Graev.
1591 2206 1653 2235 dis-

956 2256 1014 2287 tin.
1045 2256 1128 2287 Fal).
1174 2257 1259 2287 Mihi
1296 2257 1410 2297 placet
1447 2257 1527 2287 lect.
1558 2256 1650 2295 vulg.

956 2308 965 2323 ‘
979 2307 1160 2337 Distineri’
1184 2316 1247 2337 non
1265 2307 1313 2338 ita
1329 2307 1417 2337 nude
1444 2311 1480 2337 et
1501 2305 1575 2336 sine
1597 2315 1652 2336 vo-

956 2356 1076 2387 cabulo
1091 2356 1204 2396 quarti
1221 2366 1318 2387 casus
1336 2357 1414 2397 poni
1431 2357 1528 2388 solet.
1551 2357 1651 2387 Vorst.

999 2407 1016 2446 ς
1033 2410 1050 2436 5
1083 2406 1149 2436 Hic
1175 2406 1286 2446 annus]
1332 2406 1366 2437 Is
1393 2405 1458 2436 fuit
1485 2406 1651 2437 secundus

957 2455 1172 2496 Olpmpiadis
1188 2459 1240 2486 98.
1258 2457 1300 2487 ab
1317 2456 1361 2487 U.
1379 2457 1417 2487 C.
1434 2459 1508 2486 366.
1526 2457 1627 2486 Beru.

1002 2505 1083 2536 Urbs
1099 2506 1254 2545 Romana]
1296 2506 1410 2537 Strab.
1435 2510 1504 2537 ext.
1531 2506 1586 2536 lib.
1604 2514 1652 2535 w.

956 2557 1060 2595 Bong.
1108 2555 1229 2596 Polyb.
1247 2565 1270 2586 1.
1287 2558 1319 2586 6.
1344 2556 1417 2586 Liv.
1434 2565 1467 2587 v.
1482 2558 1534 2586 41.
1560 2556 1652 2586 Flor.

955 2617 979 2639 1.
997 2609 1049 2638 13.
1072 2607 1166 2637 Plut.
1178 2606 1331 2646 Camillo,
1343 2610 1379 2637 et
1393 2606 1515 2646 plures.
1530 2606 1629 2636 Bern.

998 2658 1015 2698 ς
1033 2659 1052 2687 6
1075 2657 1302 2687 Lacedaemonii
1317 2656 1432 2687 securis
1457 2656 1651 2696 insidiantes,

953 2707 1022 2748 ξω]
1047 2707 1158 2738 Lubet
1171 2717 1214 2737 ex
1226 2706 1295 2737 Ms.
1309 2715 1409 2737 voces
1424 2706 1552 2746 aliquot
1564 2704 1651 2736 Oro-

956 2759 1005 2789 sio
1022 2767 1076 2789 111.
1089 2761 1119 2789 2.
1136 2758 1328 2789 restituere.
1350 2756 1360 2773 ‘
1373 2755 1649 2795 Lacedaemonii,'

954 2808 1076 2849 inquit,
1096 2809 1105 2824 ‘
1121 2807 1264 2848 inquieti
1288 2806 1391 2846 magis
1420 2805 1537 2847 (quam
1563 2811 1650 2837 stre·

954 2859 1023 2898 nui,
1052 2863 1087 2889 et
1112 2856 1222 2889 furore
1240 2856 1372 2898 potius)
1400 2866 1497 2898 quam
1522 2856 1649 2888 virtute

954 2908 1195 2949 intolerabiles,
1217 2914 1292 2950 post
1315 2907 1404 2940 bella
1430 2907 1552 2949 posita,
1579 2912 1650 2939 ten·
