2101 3419
611 343 808 374 JUSTINI
844 345 941 375 Lm.
975 344 1185 376 xxxvu.
1218 347 1324 377 cAP.
1356 337 1394 377 1.
1643 340 1730 381 989

314 438 331 478 ξ
344 439 363 468 4
390 437 530 477 Namque
544 436 692 477 Laodice]
716 437 887 469 Femineae
902 448 975 480 reg-

272 487 375 518 nandi
388 487 599 528 cupiditatis,
612 497 676 519 nec
693 487 770 518 filiis
786 490 974 530 parcentis,

272 538 380 570 simile
401 539 592 579 exemplum
609 542 661 570 est
683 547 818 571 XXXIX.
835 543 866 571 2.
885 543 916 572 9.
939 545 975 572 et

271 588 481 620 luculentum
497 588 588 620 aliud
613 599 667 629 ap.
692 590 816 621 Zonar.
845 591 879 621 in
892 591 975 622 Vita

271 637 390 670 Irenes
404 638 529 680 filiique
544 639 771 670 Constantini.
794 640 896 672 Bern.

315 689 367 720 Ne
380 699 440 719 non
453 688 606 720 diutinam
619 689 710 728 regni
725 690 974 721 administratio-

270 748 339 770 nem
354 739 469 770 adultis
483 739 664 780 quibusdam
678 740 849 780 potiretur]
895 741 973 773 Hoc

267 789 423 829 potiretur
438 794 635 830 suspectum
645 790 737 830 milii,
748 800 816 821 non
833 795 975 832 propter

271 847 385 870 casum
398 839 603 879 appositum,
618 840 677 871 sed
690 840 974 882 significationem

269 898 337 920 nou
354 889 437 920 satis
450 893 565 930 aptam
585 890 662 921 huic
687 891 710 921 l.
754 891 845 923 Nam
867 891 877 909 ‘
890 893 976 933 poti-

271 939 323 971 ri’
346 940 389 971 de
405 939 529 972 futuris
551 947 761 982 usurpatur;
778 942 851 983 jam
878 943 975 984 regui

271 989 509 1022 adminstratio
522 1001 576 1022 res
600 996 674 1023 erat
697 1001 764 1023 non
787 991 905 1024 futura
919 1003 974 1034 ap.

270 1040 468 1080 Laudicem‚
482 1040 541 1071 sed
557 1050 719 1082 praesens,
733 1042 811 1083 quia
823 1043 974 1084 eamjam

270 1094 353 1122 tune
365 1091 516 1123 habebat
528 1091 562 1122 in
579 1092 744 1133 manibus,
757 1097 902 1125 nectam
915 1104 975 1135 po-

270 1140 422 1172 tiebatur
443 1151 483 1173 ea
507 1152 606 1183 seqq.
631 1142 859 1183 temporibus,
877 1153 975 1184 quam

269 1192 503 1224 continuabat.
529 1192 570 1223 In
585 1193 668 1224 Mss.
687 1198 785 1225 extat
798 1198 973 1234 pateretur.

272 1242 387 1275 Quare
403 1243 556 1283 suspicor
572 1244 653 1275 lect.
670 1253 784 1275 veram
802 1254 875 1276 esse
887 1249 976 1286 pate·

271 1294 392 1332 rentur,
407 1296 445 1323 ut
459 1292 503 1323 sit
517 1292 620 1324 ordo:
647 1293 794 1325 Necavit
811 1294 975 1336 quinque,

272 1342 397 1374 timeus
413 1352 455 1373 ne
468 1351 533 1373 non
547 1347 748 1383 paterentur
761 1343 976 1376 administra-

273 1392 402 1423 tionem
428 1393 525 1433 regni
553 1393 733 1433 diutinam,
756 1394 882 1426 adultis
904 1395 976 1436 qui-

274 1442 426 1482 busdam,
443 1443 464 1474 i.
480 1453 510 1475 e.
527 1444 606 1484 quia
618 1449 718 1475 erant
733 1444 853 1476 adulti.
869 1445 975 1484 Schef.

276 1492 383 1532 Num,
395 1493 451 1534 qui
464 1503 574 1524 rerum
586 1495 728 1534 potitur,
740 1494 888 1526 futuram
904 1506 976 1527 rem

275 1543 366 1584 agit?
411 1543 518 1585 Atqui
534 1544 568 1575 in
590 1544 655 1575 hac
684 1544 870 1585 locutione,
898 1545 907 1562 ‘
925 1555 976 1577 re-

276 1602 350 1624 rum
368 1594 492 1634 potiri,'
527 1603 663 1635 semper
687 1595 858 1626 omittitur
879 1596 977 1626 admi-

274 1644 501 1675 nistrationem.
536 1644 631 1675 Nihil
647 1645 678 1676 h.
697 1646 718 1677 l.
729 1646 853 1679 sanius.
870 1646 976 1678 Groev.

317 1694 334 1733 ᾧ
359 1696 379 1724 6
412 1694 635 1734 Mithridates]
679 1695 749 1726 Hic
787 1697 977 1736 Euergetes

275 1742 410 1774 dictus:
435 1743 523 1775 filius
555 1749 668 1776 autem
695 1745 781 1786 ejus,
807 1755 907 1786 quem
923 1749 975 1777 ll.

275 1803 380 1825 annos
397 1797 508 1825 natum
527 1795 623 1835 regni
646 1805 874 1827 successorem
902 1796 976 1828 reli-

276 1843 362 1884 quit,
376 1844 546 1885 Eupator.
589 1845 701 1877 Strab.
728 1855 763 1877 x.
799 1846 877 1878 Vid.
902 1846 976 1887 Ap·

275 1895 367 1935 pian.
395 1895 591 1928 Mithridat.
635 1897 843 1929 Mithridates
863 1902 915 1930 est
940 1899 974 1929 in

274 1946 398 1977 nostris
411 1946 492 1978 Mss.
506 1947 546 1977 In
558 1956 624 1978 uno
635 1948 851 1981 Metlzriaatis.
874 1948 975 1981 Quod

274 1996 410 2038 quidam
437 1997 651 2028 Mithradates
692 1998 860 2030 scribend.
895 2008 974 2030 cen-

275 2050 364 2086 sent,
389 2055 431 2077 ex
453 2047 710 2079 numismatibus
724 2048 882 2089 antiquis,
907 2059 974 2081 non

275 2096 396 2137 probo.
419 2096 610 2138 Μιθραδάτης
625 2099 713 2129 enim
731 2099 892 2131 Graecum
908 2103 975 2140 est,

275 2146 541 2178 ‘Mithridates'
571 2148 753 2187 Latinum3
777 2160 798 2179 α
824 2148 858 2180 in
883 2160 911 2182 ιε
936 2154 975 2182 ut

274 2196 458 2238 Μασσαλία,
479 2197 654 2229 ‘Massilia
667 2198 687 2228 :²
720 2197 861 2238 Κατάνῃ,
887 2199 897 2217 ‘
914 2200 976 2231 Ca-

274 2246 382 2278 tina:'
403 2245 553 2288 Νομάδες,
573 2247 582 2264 ‘
600 2247 792 2279 Numidae:'
807 2248 977 2291 Ἄκραγας,

274 2295 522 2337 ‘Agrigentum
540 2297 560 2328 :'
582 2301 618 2328 et
644 2297 669 2328 f.
690 2298 794 2329 etiam
818 2299 977 2330 Μασανίσ·

276 2356 346 2385 σης,
362 2346 419 2387 qui
434 2347 468 2377 in
482 2347 618 2387 Eclogis
635 2347 779 2378 Diodori
795 2348 916 2380 vitiose
930 2350 978 2381 di·

279 2397 371 2428 citur
382 2398 563 2436 Μανασσῆς,
584 2398 594 2414 ⁴
607 2398 815 2429 Masinissa!
859 2400 926 2431 Sed
941 2404 977 2432 et

276 2447 312 2478 iu
329 2447 460 2479 Latinis
475 2447 614 2479 vocibus
629 2446 667 2478 τὸ
685 2457 705 2478 a
719 2448 753 2478 in
774 2448 785 2479 i
812 2450 975 2482 vertitur:

274 2498 284 2514 ‘
299 2497 458 2538 sapiens,'
481 2499 490 2516 ‘
505 2497 699 2538 iusipiensz’
723 2497 732 2514 ‘
744 2498 853 2538 cano,'
876 2500 885 2517 ‘
898 2499 977 2531 tibi-

277 2546 392 2587 cines,'
407 2548 471 2578 &c.
495 2547 652 2587 Bongars.
695 2546 788 2579 Add.
805 2551 921 2579 notam
934 2548 977 2580 ad

277 2605 327 2628 xv.
345 2599 376 2628 3.
390 2600 421 2629 4.
443 2597 545 2629 Ber-n.

321 2647 497 2688 Repentina
512 2650 612 2680 morte
637 2647 841 2690 interceptus]
885 2647 978 2680 Ami-

278 2706 394 2728 corum
409 2696 487 2728 dolo
502 2701 659 2729 necatum
683 2698 792 2729 tradit
811 2698 923 2730 Strab.
940 2707 977 2731 x.

280 2756 314 2787 p.
331 2749 406 2778 329.
422 2750 474 2778 15.
496 2747 593 2779 Idem.
638 2747 857 2779 Mithridates
874 2748 979 2779 Euer-

282 2801 378 2837 getes
390 2795 606 2828 familiarium
626 2797 757 2829 insidiis
773 2798 902 2830 occisus
914 2798 981 2831 fuit

282 2851 371 2878 teste
385 2846 499 2879 strab.
512 2856 549 2879 x.
564 2857 599 2888 p.
611 2850 688 2880 447.

325 2897 344 2936 ξ
366 2898 386 2927 7
410 2896 558 2939 Bellaque
572 2907 640 2930 cum
664 2897 814 2931 Romanis
836 2908 893 2940 per
907 2909 980 2942 qua·

1025 439 1175 478 draginta
1190 450 1246 471 sex
1258 440 1370 481 annos]
1392 441 1449 472 De
1474 440 1570 473 annis
1593 441 1730 474 Mithri-

1025 487 1133 521 datici
1152 490 1233 521 belli
1251 491 1334 521 nihil
1361 492 1521 522 convenit
1535 501 1591 533 ap.
1614 498 1732 525 aucto·

1024 548 1090 571 res,
1137 541 1228 572 Flor.
1257 541 1291 571 in
1314 551 1376 572 sua
1402 542 1498 581 Epit.
1522 551 1578 574 111.
1605 543 1654 574 ait
1675 546 1730 575 40.

1026 589 1122 620 annis
1152 590 1388 622 Mithridatem
1413 592 1586 624 obstitisse
1608 594 1731 624 Roma-

1024 639 1097 677 nis;
1114 639 1167 670 hic
1182 643 1236 671 46.
1254 640 1334 671 anni
1350 641 1554 681 produntur.
1599 642 1639 673 Iu
1655 643 1728 675 Liv.

1023 690 1118 729 Epit.
1135 692 1188 721 30.
1213 691 1292 721 anni
1315 690 1519 731 produntur.
1563 692 1617 723 De
1641 692 1728 732 regi-

1024 740 1159 781 onibus,
1186 751 1270 782 quas
1300 740 1513 780 possederat,
1536 751 1580 772 ex
1600 741 1730 773 Latinis

1024 791 1220 823 auctoribus
1248 792 1332 823 nihil
1357 792 1446 824 certi
1482 794 1729 833 propemodum

1022 841 1179 881 habetur,
1199 852 1276 874 cum
1301 843 1451 874 Pontum
1475 847 1512 874 et
1532 843 1730 884 Bithyniam

1023 890 1344 933 confunduut3jam
1361 892 1593 933 sinistra,jam
1606 893 1731 924 dextra

1023 942 1128 974 Ponti
1150 943 1343 983 possedisse
1363 947 1553 974 memorant
1573 952 1616 974 ex
1635 943 1730 975 Stra-

1023 991 1136 1031 bone;
1162 992 1287 1024 dextra
1307 993 1413 1024 Ponti
1433 997 1470 1025 et
1490 993 1614 1025 vicinae
1641 994 1729 1026 nati-

1023 1051 1106 1073 ones
1123 1043 1354 1084 Cappadociae
1378 1053 1418 1075 ac
1434 1043 1606 1076 Armeniae
1622 1045 1731 1076 mino-

1023 1092 1070 1123 ris
1094 1098 1211 1133 partes
1233 1094 1276 1125 ad
1308 1094 1507 1126 Colchidem
1531 1105 1639 1137 usque
1666 1096 1728 1128 sub
1782 1094 1785 1096 ’

1023 1141 1097 1182 ejus
1112 1142 1256 1183 imperio
1269 1152 1344 1174 esse
1358 1143 1576 1184 colliguntur.
1611 1146 1678 1177 Sed
1695 1146 1730 1177 id

1022 1193 1163 1224 alterius
1189 1193 1473 1226 considerationis
1496 1199 1561 1235 est,
1575 1206 1676 1237 quam
1693 1200 1731 1228 ut

1024 1251 1063 1273 ea
1078 1242 1181 1273 latius
1194 1252 1449 1285 prosequamur.
1476 1245 1569 1277 Glar.

1067 1293 1134 1323 Per
1148 1293 1358 1333 quadraginta
1368 1303 1423 1324 sex
1434 1294 1544 1334 annos]
1569 1294 1669 1327 Oros.
1680 1304 1731 1327 vr.

1025 1344 1055 1373 1.
1068 1341 1126 1372 fin.
1148 1343 1157 1358 ‘
1170 1343 1324 1383 Triginta
1348 1344 1487 1384 gerendi
1502 1344 1583 1375 belli
1598 1345 1730 1376 inveni-

1024 1397 1128 1423 untur
1156 1393 1247 1425 anni.
1293 1393 1449 1426 Qualiter
1480 1399 1595 1425 autem
1625 1404 1682 1426 xx..
1709 1406 1730 1427 a

1024 1442 1197 1482 plerisque
1210 1442 1294 1474 dicti
1309 1443 1391 1484 siut,
1402 1453 1469 1475 non
1479 1443 1582 1476 facile
1600 1444 1730 1477 discer-

1024 1492 1141 1524 nitur!
1186 1493 1306 1524 Florus
1336 1503 1393 1525 111.
1417 1497 1450 1525 5.
1479 1496 1510 1526 3.
1541 1503 1646 1526 annos
1674 1498 1730 1527 40.

1025 1541 1204 1582 Appianus
1230 1545 1284 1574 42.
1338 1543 1373 1574 Si
1403 1543 1570 1575 rationem
1597 1544 1730 1585 inieris,

1024 1594 1079 1624 29.
1096 1602 1200 1624 annos
1225 1593 1378 1624 invenies
1402 1593 1445 1624 ab
1472 1598 1550 1625 ortu
1573 1594 1647 1635 ipso
1663 1596 1731 1627 Mi·

1025 1644 1203 1676 thridatici
1229 1644 1309 1676 belli
1332 1644 1375 1676 ad
1410 1645 1570 1687 Pompeii
1608 1647 1729 1678 trium-

1024 1695 1138 1735 phum.
1160 1696 1268 1735 Bong.

1069 1745 1086 1785 ᾧ
1105 1747 1124 1776 8
1149 1745 1341 1786 Damnisque
1350 1745 1537 1787 terribilior]
1547 1746 1604 1778 Ita
1615 1747 1625 1764 ‘
1635 1747 1731 1778 Sam·

1024 1794 1112 1826 nites
1149 1795 1303 1827 cladibus
1347 1796 1431 1836 ipsis
1468 1796 1688 1828 animosiores
1708 1797 1730 1829 :'

1024 1845 1115 1877 Flor.
1138 1854 1164 1877 1.
1189 1848 1241 1878 16.
1262 1849 1315 1877 15.
1360 1846 1430 1877 Sed
1454 1847 1561 1878 multo
1583 1848 1729 1880 maxime

1024 1894 1137 1935 prisca
1152 1894 1211 1926 illa
1223 1896 1342 1934 Roma,
1357 1905 1448 1936 quae,
1459 1896 1647 1928 secuudum
1659 1898 1730 1929 Ho-

1025 1948 1089 1976 rat.
1115 1953 1165 1976 ιν.
1191 1945 1261 1977 Od.
1282 1947 1315 1976 4.
1336 1945 1346 1962 ⁴
1364 1945 1466 1976 Duris
1491 1950 1529 1977 ut
1548 1946 1616 1978 ilex
1632 1952 1731 1979 tonsa

1025 1994 1242 2036 bipennibus,
1265 1995 1385 2036 Nigrae
1412 1994 1521 2027 feraci
1542 1996 1674 2029 frondis
1694 1998 1729 2030 in

1024 2044 1164 2086 Algido,
1186 2046 1256 2078 Per
1278 2046 1413 2086 damna,
1437 2056 1501 2088 per
1522 2049 1661 2089 caedeis,
1685 2050 1728 2081 ab

1024 2095 1100 2136 ipso
1129 2097 1239 2128 Ducit
1266 2107 1350 2138 opes
1375 2097 1591 2140 animumque
1614 2099 1730 2133 ferro.’

1024 2147 1081 2187 Et,
1103 2151 1143 2178 ut
1166 2148 1215 2179 ait
1239 2147 1420 2180 Claudian.
1446 2148 1556 2180 Laud.
1574 2150 1732 2184 stilicon.

1024 2206 1083 2228 111.
1107 2199 1181 2228 144.
1203 2198 1213 2214 ⁴
1227 2197 1412 2239 Nunquam
1438 2199 1620 2232 succubuit
1636 2200 1731 2233 dam-

1024 2248 1089 2288 nis,
1116 2253 1153 2280 et
1187 2249 1311 2280 territa
1339 2249 1434 2280 nullo
1463 2250 1628 2292 Vulnere,
1652 2258 1731 2292 post

1026 2299 1161 2330 Cannas
1178 2299 1285 2339 major
1299 2299 1521 2341 Trebiamque
1538 2299 1731 2335 fremebat?

1026 2347 1118 2379 Add.
1133 2349 1244 2380 Notas
1260 2348 1304 2379 ad
1320 2357 1444 2380 xxvn.
1457 2351 1489 2381 2.
1506 2353 1536 2381 4.
1570 2352 1672 2384 Bern.

1069 2399 1087 2439 ᾧ
1110 2401 1131 2429 9
1159 2399 1300 2439 Denique
1323 2400 1364 2430 ad
1382 2401 1584 2441 postremum]
1607 2402 1731 2434 Liben-

1026 2451 1081 2479 ter
1109 2447 1238 2478 deleam
1264 2448 1389 2488 isthuc,
1419 2449 1573 2489 Denique.
1609 2451 1731 2484 Faber.

1026 2496 1076 2528 At
1089 2507 1171 2529 vero
1187 2498 1314 2529 Noster
1331 2498 1372 2529 ad
1389 2499 1490 2530 eund.
1503 2500 1639 2531 modum
1660 2510 1731 2534 ΧΠ.

1028 2550 1081 2579 16.
1103 2548 1246 2580 ‘Victus
1272 2547 1417 2590 denique
1444 2549 1486 2580 ad
1517 2555 1730 2590 postremum

1028 2602 1082 2629 est
1103 2607 1171 2629 non
1197 2598 1324 2629 virtute
1350 2598 1480 2639 hostili,
1504 2600 1563 2631 sed
1595 2600 1729 2634 insidiis

1029 2648 1186 2680 suorum!
1229 2648 1296 2681 Qui
1317 2649 1412 2680 locus
1431 2649 1541 2681 Fabro
1555 2652 1728 2684 transmis-

1029 2709 1085 2731 sus
1107 2703 1160 2730 est
1175 2699 1247 2730 sine
1264 2708 1418 2730 censura.
1462 2700 1509 2731 Et
1531 2699 1643 2732 solent
1659 2702 1731 2742 huj.

1029 2749 1162 2790 generis
1173 2749 1273 2790 jungi
1287 2749 1363 2781 alia.
1382 2749 1456 2781 Cic.
1473 2759 1534 2790 pro
1550 2750 1624 2783 Mil.
1640 2752 1730 2783 ‘De-

1029 2799 1108 2831 inde
1121 2804 1239 2841 postea
1255 2809 1290 2831 se
1307 2799 1419 2840 gladio
1431 2801 1620 2840 perculsum
1633 2803 1732 2834 esse.’

1030 2849 1135 2891 Apul.
1161 2859 1218 2882 111.
1244 2849 1364 2882 Asini:
1387 2849 1561 2882 ‘Tandem
1582 2851 1729 2894 denique

1030 2909 1186 2934 reversus
1199 2899 1241 2933 ad
1258 2910 1391 2934 sensum
1413 2900 1659 2943 praesentium:
1690 2904 1729 2934 F,
