2174 3424
635 351 832 382 sussum
867 349 961 380 ΜΒ.
994 350 1080 379 νυ.
1113 351 1218 380 mr.
1248 340 1290 381 2.

233 451 340 492 ipsam
356 448 539 491 regionem,
554 447 564 465 ⁴
582 447 726 488 populus
740 446 748 460 ’
771 455 849 477 vero
865 444 934 476 fre-

235 501 445 542 quentiorem
461 499 582 529 vicum.
606 497 684 528 Vid.
702 497 783 528 Not.
799 496 841 527 ad
859 496 933 526 Liv.

235 560 271 582 v.
289 554 341 582 34.
366 550 503 580 Gronov.
547 546 626 578 Vid.
652 545 765 577 Avum
794 545 835 576 ad
860 545 933 576 Liv.

263 622 272 630 .
287 603 338 631 34.

235 609 258 631 v
279 649 382 681 Veluti
401 658 494 680 unum
516 646 638 688 corpus]
665 646 752 677 Flor.
781 654 805 676 1.
831 647 861 675 1.
880 646 931 675 16.

230 701 362 782 Bega-1¹.
380 759 420 781 11.
443 751 460 790 ξ
478 752 495 780 1
520 748 684 788 Perdicca]
707 745 837 778 Herod.
853 754 933 777 vm.

232 802 306 832 139.
329 799 506 841 Περδίκκης,
521 800 536 829 ὃ
550 797 737 837 κτησάμενος
747 796 807 834 τὴν
821 795 931 837 ἀρχὴν,

227 850 348 893 inquit,
365 851 444 892 quia
461 850 587 891 primus
604 859 664 881 rex
678 849 711 880 in
724 848 931 880 Macedonia

227 902 420 932 nominatus
436 905 499 932 est.
529 900 633 931 Solin.
650 909 726 940 cap.
742 902 773 931 9.
804 898 929 930 Euseb.

226 951 316 983 hunc
342 955 497 992 quartum
529 950 623 981 facit.
668 948 846 982 Quomodo
872 948 928 980 hic

227 1002 270 1033 ad
295 1012 436 1042 regnum
461 1001 667 1042 pervenerit,
697 1000 764 1032 vid.
794 999 926 1031 Herod.

225 1062 309 1084 vm.
326 1056 378 1084 37.
402 1052 562 1083 Meminit
583 1057 618 1082 et
632 1050 784 1092 Thucyd.
808 1059 849 1081 11.
874 1052 926 1081 21.

226 1105 258 1134 8.
288 1103 393 1142 Bong.

267 1154 399 1195 Mortis]
421 1154 459 1185 F.
473 1153 642 1184 morientis.
666 1153 721 1183 Fr.

267 1204 284 1244 ς
301 1207 321 1234 2
337 1204 468 1244 Argoeo]
486 1203 632 1234 Eusebio
650 1202 839 1233 ‘Archeus’
854 1205 923 1234 est:

224 1253 354 1284 Herod.
385 1263 466 1284 vm.
496 1256 568 1284 139.
605 1252 735 1293 Ἀραΐος.
766 1252 924 1291 Bongars.

223 1303 331 1335 Recte
341 1303 477 1335 Justino
491 1303 617 1334 dicitur
630 1304 638 1319 ‘
648 1301 804 1342 Argeus.’
826 1301 925 1333 Unde

222 1353 258 1385 in
289 1355 443 1385 Nummis
473 1358 586 1385 exstat
620 1357 785 1384 ΑΡΓΕΙΟΤ
820 1355 925 1385 ΒΑΣΙ-

222 1409 336 1438 ΛΕΩΣ.
373 1406 452 1438 Vid.
477 1406 551 1439 JOS.
577 1405 702 1446 Scalig.
729 1405 770 1436 ad
798 1405 925 1438 Euseb.

222 1465 256 1496 p.
275 1459 347 1486 122.
375 1456 474 1487 Gron.

267 1507 284 1546 ᾧ
308 1508 326 1536 3
355 1505 495 1545 Regnum
523 1505 557 1536 in
571 1504 700 1542 familia
729 1504 921 1545 mansurum]

222 1555 303 1587 Mss.
330 1557 425 1587 multi
454 1555 579 1586 habent
609 1565 675 1594 reg.
706 1554 854 1593 familiae.
883 1556 922 1587 F.

222 1605 358 1646 scripsit
370 1606 463 1638 Just.
476 1616 543 1644 reg.
557 1606 585 1636 ei
593 1605 729 1644 familia>
739 1616 833 1638 muns.
846 1606 878 1638 h.
890 1615 922 1637 e.

220 1656 331 1696 ipsam
361 1660 584 1695 servaturam,
615 1655 820 1696 habituram,
846 1666 921 1697 reg-

220 1717 311 1739 num.
337 1707 441 1746 Sches.

263 1759 280 1799 ξ
297 1762 316 1789 4
332 1758 404 1789 Hac
412 1757 644 1799 superstitione]
660 1757 743 1787 Mss.
755 1757 852 1788 multi
865 1758 920 1789 ha·

218 1807 301 1840 bent
315 1809 392 1839 hanc
404 1809 662 1849 superstitionem,
676 1808 766 1849 quod
780 1807 864 1839 facit
880 1813 917 1840 ut

217 1863 334 1899 putem
352 1859 383 1889 in
409 1859 573 1899 aliquibus
596 1857 698 1889 fuisse
723 1868 779 1898 per
802 1859 856 1889 vel
880 1859 915 1890 ob

215 1908 294 1940 hanc
322 1910 580 1950 superstitionem.
626 1908 773 1939 Videtur
802 1915 916 1940 autem

215 1968 257 1990 ex
274 1960 336 1990 hac
353 1960 425 1999 ipsa
448 1958 635 1990 variatione
659 1958 800 1998 liquere,
826 1959 916 2000 quod

214 2009 258 2041 sit
281 2014 437 2041 neutrum
458 2009 597 2048 Justini‚
616 2018 732 2040 verum
757 2009 915 2048 glossato-

215 2069 301 2092 rum.
346 2060 434 2091 Sane
451 2059 727 2100 superstitionem
741 2060 914 2099 appellare

213 2110 290 2149 hoc,
303 2110 493 2141 Christiano
509 2110 614 2150 magis
628 2109 798 2148 convenit,
814 2120 914 2151 quam

213 2160 351 2192 ethnico
367 2165 424 2191 aut
439 2161 589 2199 Justino,
605 2170 704 2201 quam
724 2161 913 2200 praesertim

213 2211 312 2251 paulo
336 2216 414 2242 ante
436 2221 511 2243 cum
538 2211 675 2242 oraculo
699 2220 913 2252 comparave-

212 2261 270 2292 rit.
295 2262 393 2294 Idem.

255 2312 296 2343 [η
305 2312 481 2343 Alexandro
489 2312 631 2352 stirpem]
647 2311 815 2350 Praefem,
824 2311 912 2353 quod

211 2361 338 2393 habent
361 2362 499 2403 quidam
526 2363 657 2403 scripti,
679 2363 714 2393 in
739 2362 912 2394 Alemandrz‘

210 2411 320 2453 stirpe.
366 2413 497 2445 Habuit
523 2413 624 2453 enim,
650 2413 711 2444 sed
739 2413 795 2454 qui
819 2414 909 2454 patri

211 2462 396 2494 succedere
418 2473 483 2494 non
508 2463 631 2504 potuit.
653 2463 770 2504 Scheff.
817 2463 910 2494 Nihil

211 2516 318 2543 muta.
350 2513 437 2543 Nam
450 2513 603 2554 quamvis
615 2512 811 2544 Alexander
822 2512 909 2545 filius

211 2560 315 2593 filium
338 2563 508 2602 habuerit,
532 2573 597 2594 non
620 2566 733 2594 tamen
758 2573 816 2594 rex
843 2563 910 2595 fuit

211 2611 439 2644 Macedoniae.
469 2613 579 2653 Stirps
595 2612 711 2653 itaque
722 2612 823 2653 regiae
837 2614 910 2644 Ma-

211 2661 376 2693 cedonum
402 2661 539 2694 familiae
564 2662 597 2693 in
619 2662 817 2694 Alexandro
841 2662 908 2695 fuit

210 2711 333 2742 deleta.
361 2711 470 2742 Groev.

253 2762 271 2802 ξ
294 2765 312 2792 5
336 2762 530 2802 Philippum,
546 2763 598 2803 qui
620 2762 789 2794 immatura
811 2766 908 2795 morte

208 2810 330 2850 raptus]
348 2812 473 2842 Euseb.
486 2812 532 2842 ait
544 2812 631 2843 hunc
644 2813 841 2854 Philippum
855 2816 907 2845 38.

210 2870 370 2901 regnasse
395 2871 517 2893 annos:
543 2872 610 2893 non
635 2863 740 2903 igitur
765 2864 774 2880 ‘
790 2863 906 2894 imma-

209 2913 287 2941 tura
299 2915 406 2942 morte
417 2911 544 2952 raptus'
555 2911 662 2943 videri
674 2917 800 2953 potest.
824 2913 907 2944 Por-

208 2969 245 2991 ro
258 2960 331 3002 ejus
341 2960 445 2992 filium
457 2961 581 2995 Herod.
597 2972 679 2994 vm.
702 2963 710 2980 ‘
726 2961 907 3005 Aeropum’

1601 338 1685 379 ‘743

984 449 1098 483 vocat,
1111 454 1177 475 uon
1196 445 1363 484 Europum.
1403 442 1480 474 Hoc
1497 443 1599 474 etiam
1615 443 1684 474 lec-

984 499 1038 526 tor
1054 495 1257 535 perpendat,
1273 504 1371 535 quam
1394 492 1567 525 ἀκολούθως
1590 495 1685 526 dicat

984 544 1134 577 Auctor:
1159 555 1235 576 cum
1258 544 1466 575 Macedones
1490 545 1532 575 ob
1549 544 1683 575 assidua

983 605 1058 627 cum
1074 595 1265 626 Thracibus
1285 600 1320 626 et
1345 595 1472 635 Illyriis
1497 595 1684 626 certamina

982 646 1133 678 indurati
1164 649 1293 683 essent,
1329 650 1367 676 ut
1406 644 1512 683 gloria
1549 645 1681 676 bellicae

981 697 1091 728 laudis
1107 696 1267 728 finitimos
1282 699 1467 732 terrerent3
1485 693 1588 734 igitur
1601 694 1682 734 Illy—

982 746 1060 784 rios,
1077 747 1134 787 qui
1149 745 1326 776 infantiam
1351 744 1441 783 regis
1465 744 1586 784 pupilli
1603 754 1681 775 con-

981 802 1185 838 temnerent,
1194 797 1337 829 movisse
1350 796 1599 827 Macedonibus
1611 796 1681 827 bel—

980 848 1060 879 lum.
1087 847 1236 879 Glarean.
1282 845 1457 880 Quomodo
1482 846 1681 877 ‘immatura

977 902 1088 929 morte
1111 897 1250 938 raptus,’
1274 907 1349 929 cum
1375 906 1479 928 annos
1494 899 1546 927 38.
1562 906 1681 937 regna-

977 949 1045 980 rit?
1078 949 1165 981 Voss.

1014 999 1185 1040 Europum]
1203 999 1332 1030 Herod.
1347 1008 1426 1029 vni.
1440 1001 1511 1029 139.
1533 996 1680 1038 Ἀέροπον

976 1055 1088 1090 vocat,
1115 1054 1153 1082 ut
1179 1050 1280 1081 Diod.
1305 1058 1386 1081 xiv.
1402 1052 1454 1080 38.
1501 1049 1546 1080 Et
1572 1049 1620 1080 ita
1644 1049 1678 1080 in

976 1101 1100 1133 Euseb.
1126 1101 1264 1142 legend.
1295 1110 1337 1131 ex
1367 1098 1520 1139 vestigiis
1551 1100 1678 1130 veteris

976 1151 1167 1192 scripturae,
1177 1160 1241 1181 non
1257 1151 1387 1190 Europs.
1400 1149 1565 1189 Bongars.
1580 1148 1678 1182 Junt.

974 1201 1145 1242 Aiiropum,
1160 1205 1197 1232 ut
1214 1200 1343 1232 Herod.
1365 1205 1401 1232 et
1425 1199 1528 1231 Diod.
1553 1199 1676 1240 quibus

975 1252 1102 1284 dicitur
1133 1251 1287 1294 Ἀέροπος.
1329 1253 1435 1284 Groev.
1491 1252 1601 1291 Bong.
1633 1261 1677 1282 ex

974 1303 1104 1336 Herod.
1134 1308 1169 1335 et
1200 1304 1298 1335 Diod.
1327 1302 1504 1343 Aer-opimi,-
1532 1302 1675 1342 optime.

974 1353 1085 1386 Faber.
1131 1354 1256 1385 Editur
1280 1354 1381 1394 vulgo
1399 1354 1568 1393 Europum.
1605 1353 1675 1384 Sed

973 1403 1104 1436 Herod.
1128 1413 1209 1435 vut.
1240 1402 1386 1444 Ἀέροπον
1404 1408 1516 1435 vocat.
1549 1403 1595 1434 Et
1619 1403 1674 1434 ed.

971 1453 1068 1485 Junt.
1082 1459 1118 1485 ut
1130 1454 1246 1486 Graev.
1260 1459 1416 1492 testatur,
1428 1454 1502 1485 itid.
1518 1454 1675 1494 Aeropum

970 1504 1084 1536 habet.
1131 1506 1247 1538 Quare
1267 1514 1332 1535 non
1358 1503 1476 1535 dubito
1492 1504 1671 1544 genuinam

972 1554 1056 1585 hauc
1073 1555 1213 1586 nominis
1237 1554 1455 1595 scriptionem
1479 1564 1570 1585 esse:
1595 1564 1671 1595 quae

972 1608 1008 1636 et
1031 1605 1246 1645 Panegyrico
1272 1603 1411 1635 Nazarii
1428 1603 1601 1635 reddenda
1617 1604 1673 1645 sit,

971 1655 1029 1686 ubi
1044 1657 1143 1696 vulgo
1160 1655 1303 1696 legitur:
1332 1656 1340 1672 ‘
1356 1655 1486 1695 Illyrici
1502 1655 1669 1696 quondam

970 1705 1199 1747 despicientes
1228 1705 1332 1745 Eropi
1362 1705 1451 1745 regis
1490 1704 1670 1738 infantiam

968 1756 1177 1788 Macedones
1198 1756 1288 1787 bello
1304 1756 1538 1787 lacesserunt.'
1567 1755 1640 1787 Vor.

1011 1807 1132 1838 Part-ul
1146 1806 1243 1846 adm]
1269 1807 1357 1837 Saxo
1371 1815 1457 1837 vn1.
1476 1816 1508 1846 p.
1524 1809 1596 1838 154.
1612 1810 1667 1838 20.

967 1859 976 1874 ‘
987 1857 1196 1889 Jarmericus
1209 1866 1284 1887 cum
1298 1856 1468 1887 sororibus
1486 1857 1575 1888 adm.
1591 1867 1669 1898 par-

967 1908 1052 1938 vulis
1066 1906 1086 1938 :'
1112 1916 1188 1938 xiv.
1208 1917 1241 1947 p.
1259 1910 1333 1938 275.
1356 1909 1407 1937 15.
1453 1907 1463 1924 ‘
1478 1907 1562 1938 Filia
1577 1907 1668 1938 adm.

967 1959 1109 1998 parvula
1121 1957 1142 1989 :’
1175 1968 1208 1998 p.
1226 1959 1300 1988 331.
1317 1959 1369 1988 57.
1407 1957 1416 1974 ‘
1432 1957 1667 1989 Waldemarus

965 2008 1055 2040 adm.
1071 2008 1252 2049 parvulus!

1009 2061 1026 2100 ξ
1050 2062 1070 2090 6
1095 2060 1233 2095 Quorum
1248 2058 1359 2098 armis]
1376 2059 1433 2090 Ita
1446 2059 1536 2092 Flor.
1550 2069 1665 2092 verum

965 2109 1066 2150 longe
1079 2109 1264 2150 venustius,
1276 2119 1315 2140 11.
1330 2112 1358 2141 3.
1375 2114 1405 2141 5.
1429 2110 1526 2141 Rern.

1008 2161 1025 2200 ξ
1049 2163 1068 2191 8
1092 2160 1179 2199 Rege
1191 2170 1244 2190 suo
1260 2160 1293 2191 in
1314 2160 1403 2191 cunis
1415 2160 1550 2201 prolato]
1572 2161 1665 2192 Mar-

963 2211 1075 2242 cellin.
1089 2219 1188 2242 xxvr.
1201 2214 1254 2242 26.
1272 2211 1428 2250 Bongars.
1452 2211 1583 2252 Paneg.
1597 2213 1665 2244 Na-

964 2260 1044 2290 zarii
1061 2270 1137 2300 cap.
1153 2263 1205 2292 20.
1240 2262 1249 2278 ‘
1264 2260 1392 2301 Illyrici
1410 2261 1590 2302 quondam,
1605 2261 1664 2292 de-

962 2310 1146 2350 spicientes
1162 2311 1266 2350 Eropi
1284 2310 1402 2351 [scrib.
1419 2312 1554 2352 Europi]
1573 2313 1662 2353 regis

961 2360 1152 2400 infantiam,
1177 2361 1386 2392 Macedones
1407 2362 1497 2393 bello
1518 2363 1662 2394 lacesse-

961 2416 1051 2441 runt.
1097 2412 1141 2442 Et
1169 2411 1276 2451 prima
1304 2412 1438 2453 quidem
1469 2414 1661 2452 congressio

960 2460 1145 2492 secundum
1176 2461 1249 2491 illos
1279 2460 1365 2492 fuit:
1396 2472 1512 2493 verum
1543 2463 1660 2494 Mace-

960 2510 1077 2550 dones,
1092 2520 1167 2541 cum
1193 2511 1319 2541 bellum
1335 2510 1528 2551 reficerent,
1542 2522 1658 2553 regem

960 2570 1055 2591 sunm
1080 2561 1113 2591 in
1138 2561 1232 2591 cunis
1256 2561 1298 2591 ad
1320 2562 1426 2592 aciem
1449 2562 1658 2595 detulerunt.

960 2612 1043 2643 Cum
1059 2612 1132 2642 illos
1147 2612 1209 2651 ira,
1224 2612 1285 2642 hos
1299 2611 1479 2651 miseratio,
1494 2612 1568 2643 illos
1590 2614 1658 2653 sig-

959 2673 1077 2694 norum
1094 2667 1224 2702 cantus,
1246 2663 1305 2693 hos
1329 2662 1424 2702 pueri
1440 2664 1585 2703 vagitus,
1601 2674 1656 2695 ac-

958 2713 1132 2752 cenderet,
1144 2716 1274 2743 mutata
1287 2718 1340 2743 est
1352 2712 1439 2743 ratio
1450 2713 1654 2745 certaminis:

957 2763 1188 2804 vicerunt,qui
1201 2772 1313 2793 amore
1325 2762 1542 2802 pugnabant!
1569 2763 1653 2794 Eod-

957 2814 1114 2853 exemplo
1130 2813 1252 2843 Franci
1269 2821 1330 2852 pro
1345 2811 1519 2842 clothario
1534 2817 1654 2844 contra

956 2863 1213 2896 Childebertum
1220 2867 1356 2893 strenue
1365 2867 1568 2904 pugnarunt,
1576 2874 1652 2895 cnm

956 2914 1114 2946 viderent
1130 2913 1339 2945 Clotharium
1359 2913 1470 2946 adhuc
1490 2915 1524 2946 in
1545 2917 1652 2956 cunis,

958 2970 992 2997 et
1021 2975 1041 2996 a
1067 2964 1184 2996 matris
1219 2963 1453 3005 Fredegundis
1490 2965 1649 2999 uberibus
