<?xml version="1.0" encoding="UTF-8"?>
<!DOCTYPE html PUBLIC "-//W3C//DTD XHTML 1.0 Transitional//EN"
    "http://www.w3.org/TR/xhtml1/DTD/xhtml1-transitional.dtd">
<html xmlns="http://www.w3.org/1999/xhtml" xml:lang="en" lang="en">
 <head>
  <title>
</title>
<meta http-equiv="Content-Type" content="text/html;charset=utf-8" />
  <meta name='ocr-system' content='tesseract 3.04.00' />
  <meta name='ocr-capabilities' content='ocr_page ocr_carea ocr_par ocr_line ocrx_word'/>
</head>
<body>
  <div class='ocr_page' id='page_1' title='image "./historiaephilipp02just/historiaephilipp02just_0523.png"; bbox 0 0 2101 3419; ppageno 0'>
   <div class='ocr_carea' id='block_1_1' title="bbox 718 364 1074 400">
    <p class='ocr_par' dir='ltr' id='par_1_1' title="bbox 718 364 1074 400">
     <span class='ocr_line' id='line_1_1' title="bbox 718 364 1074 400; baseline 0.006 -6"><span class='ocrx_word' id='word_1_1' title='bbox 718 364 768 394; x_wconf 81' lang='grc' dir='ltr'>ΙΝ</span> <span class='ocrx_word' id='word_1_2' title='bbox 804 364 1074 400; x_wconf 73' lang='lat' dir='ltr'><strong>JUSTINUM.</strong></span> 
     </span>
    </p>
   </div>
   <div class='ocr_carea' id='block_1_2' title="bbox 167 459 871 2962">
    <p class='ocr_par' dir='ltr' id='par_1_2' title="bbox 219 459 532 500">
     <span class='ocr_line' id='line_1_2' title="bbox 219 459 532 500; baseline 0.013 -9"><span class='ocrx_word' id='word_1_3' title='bbox 219 459 382 493; x_wconf 75' lang='lat' dir='ltr'>Enimvero</span> <span class='ocrx_word' id='word_1_4' title='bbox 398 472 427 498; x_wconf 84' lang='lat' dir='ltr'>v,</span> <span class='ocrx_word' id='word_1_5' title='bbox 443 464 477 500; x_wconf 90' lang='lat'>4,</span> <span class='ocrx_word' id='word_1_6' title='bbox 493 465 532 495; x_wconf 85' lang='grc'>12</span> 
     </span>
    </p>

    <p class='ocr_par' dir='ltr' id='par_1_3' title="bbox 174 504 871 630">
     <span class='ocr_line' id='line_1_3' title="bbox 218 504 871 548; baseline 0.005 -14"><span class='ocrx_word' id='word_1_7' title='bbox 218 504 403 535; x_wconf 85' lang='lat' dir='ltr'>Enituerunt</span> <span class='ocrx_word' id='word_1_8' title='bbox 416 506 447 535; x_wconf 85' lang='lat' dir='ltr'>in</span> <span class='ocrx_word' id='word_1_9' title='bbox 464 511 583 536; x_wconf 78' lang='lat' dir='ltr'>tantum</span> <span class='ocrx_word' id='word_1_10' title='bbox 598 505 734 546; x_wconf 87' lang='lat' dir='ltr'>pericula</span> <span class='ocrx_word' id='word_1_11' title='bbox 747 506 871 548; x_wconf 85' lang='lat' dir='ltr'>propul-</span> 
     </span>
     <span class='ocr_line' id='line_1_4' title="bbox 174 547 870 584; baseline 0.006 -8"><span class='ocrx_word' id='word_1_12' title='bbox 174 547 272 577; x_wconf 85' lang='lat' dir='ltr'>sando</span> <span class='ocrx_word' id='word_1_13' title='bbox 288 547 362 582; x_wconf 82' lang='lat' dir='ltr'>xliii,</span> <span class='ocrx_word' id='word_1_14' title='bbox 378 550 409 584; x_wconf 86' lang='lat'>3,</span> <span class='ocrx_word' id='word_1_15' title='bbox 427 550 465 579; x_wconf 84' lang='lat'>13</span> <span class='ocrx_word' id='word_1_16' title='bbox 489 547 601 579; x_wconf 84' lang='lat' dir='ltr'><strong>enituit</strong></span> <span class='ocrx_word' id='word_1_17' title='bbox 616 548 736 580; x_wconf 83' lang='lat' dir='ltr'>virtutis</span> <span class='ocrx_word' id='word_1_18' title='bbox 751 550 870 580; x_wconf 82' lang='lat' dir='ltr'>indoles</span> 
     </span>
     <span class='ocr_line' id='line_1_5' title="bbox 174 589 579 630; baseline 0.005 -10"><span class='ocrx_word' id='word_1_19' title='bbox 174 589 206 620; x_wconf 81' lang='lat' dir='ltr'>in</span> <span class='ocrx_word' id='word_1_20' title='bbox 222 590 268 618; x_wconf 86' lang='lat' dir='ltr'>his</span> <span class='ocrx_word' id='word_1_21' title='bbox 283 590 404 630; x_wconf 79' lang='lat' dir='ltr'>regibus</span> <span class='ocrx_word' id='word_1_22' title='bbox 417 590 496 627; x_wconf 90' lang='lat' dir='ltr'>xxix,</span> <span class='ocrx_word' id='word_1_23' title='bbox 514 593 544 626; x_wconf 90' lang='lat'>1,</span> <span class='ocrx_word' id='word_1_24' title='bbox 559 593 579 622; x_wconf 87' lang='grc'>8</span> 
     </span>
    </p>

    <p class='ocr_par' dir='ltr' id='par_1_4' title="bbox 174 631 870 754">
     <span class='ocr_line' id='line_1_6' title="bbox 218 631 870 673; baseline 0.005 -13"><span class='ocrx_word' id='word_1_25' title='bbox 218 631 316 662; x_wconf 78' lang='lat' dir='ltr'>Enixe</span> <span class='ocrx_word' id='word_1_26' title='bbox 338 633 413 671; x_wconf 90' lang='lat' dir='ltr'>(hoc</span> <span class='ocrx_word' id='word_1_27' title='bbox 429 638 485 668; x_wconf 84' lang='lat' dir='ltr'>est,</span> <span class='ocrx_word' id='word_1_28' title='bbox 499 643 615 663; x_wconf 88' lang='lat' dir='ltr'>summo</span> <span class='ocrx_word' id='word_1_29' title='bbox 627 632 747 673; x_wconf 78' lang='lat' dir='ltr'>studio)</span> <span class='ocrx_word' id='word_1_30' title='bbox 770 644 800 669; x_wconf 88' lang='lat' dir='ltr'>v,</span> <span class='ocrx_word' id='word_1_31' title='bbox 817 636 870 669; x_wconf 82' lang='lat' dir='ltr'>ll,</span> 
     </span>
     <span class='ocr_line' id='line_1_7' title="bbox 174 674 870 716; baseline 0.001 -11"><span class='ocrx_word' id='word_1_32' title='bbox 174 677 207 705; x_wconf 90' lang='grc'>6.</span> <span class='ocrx_word' id='word_1_33' title='bbox 229 684 279 709; x_wconf 90' lang='lat' dir='ltr'>xv,</span> <span class='ocrx_word' id='word_1_34' title='bbox 297 677 325 708; x_wconf 93' lang='lat' dir='ltr'>l,</span> <span class='ocrx_word' id='word_1_35' title='bbox 340 677 360 705; x_wconf 87' lang='lat'>4</span> <span class='ocrx_word' id='word_1_36' title='bbox 386 674 520 705; x_wconf 87' lang='lat' dir='ltr'>Freinsh.</span> <span class='ocrx_word' id='word_1_37' title='bbox 549 685 607 706; x_wconf 89' lang='lat' dir='ltr'>nec</span> <span class='ocrx_word' id='word_1_38' title='bbox 621 676 738 705; x_wconf 82' lang='lat' dir='ltr'>auxiliis</span> <span class='ocrx_word' id='word_1_39' title='bbox 756 675 870 716; x_wconf 90' lang='lat' dir='ltr'>juvan-</span> 
     </span>
     <span class='ocr_line' id='line_1_8' title="bbox 174 716 855 754; baseline 0.006 -9"><span class='ocrx_word' id='word_1_40' title='bbox 174 716 231 746; x_wconf 88' lang='lat' dir='ltr'>dos</span> <span class='ocrx_word' id='word_1_41' title='bbox 248 716 498 747; x_wconf 67' lang='lat' dir='ltr'>Lacedaemonios</span> <span class='ocrx_word' id='word_1_42' title='bbox 512 716 602 748; x_wconf 77' lang='lat' dir='ltr'>nimis</span> <span class='ocrx_word' id='word_1_43' title='bbox 617 718 706 748; x_wconf 86' lang='lat' dir='ltr'>enixe</span> <span class='ocrx_word' id='word_1_44' title='bbox 721 729 750 753; x_wconf 88' lang='lat' dir='ltr'>v,</span> <span class='ocrx_word' id='word_1_45' title='bbox 767 722 798 754; x_wconf 82' lang='lat'>2,</span> <span class='ocrx_word' id='word_1_46' title='bbox 815 721 855 749; x_wconf 93' lang='grc'>10</span> 
     </span>
    </p>

    <p class='ocr_par' dir='ltr' id='par_1_5' title="bbox 172 757 869 926">
     <span class='ocr_line' id='line_1_9' title="bbox 218 757 869 800; baseline 0.006 -13"><span class='ocrx_word' id='word_1_47' title='bbox 218 757 334 788; x_wconf 85' lang='lat' dir='ltr'>Enixus</span> <span class='ocrx_word' id='word_1_48' title='bbox 357 759 505 798; x_wconf 80' lang='lat' dir='ltr'>(passive,</span> <span class='ocrx_word' id='word_1_49' title='bbox 526 769 581 800; x_wconf 93' lang='lat' dir='ltr'>pro</span> <span class='ocrx_word' id='word_1_50' title='bbox 604 760 693 800; x_wconf 79' lang='lat' dir='ltr'>nato)</span> <span class='ocrx_word' id='word_1_51' title='bbox 715 760 789 796; x_wconf 88' lang='lat' dir='ltr'>xliii,</span> <span class='ocrx_word' id='word_1_52' title='bbox 802 763 833 796; x_wconf 85' lang='lat'>2,</span> <span class='ocrx_word' id='word_1_53' title='bbox 849 763 869 791; x_wconf 81' lang='lat'>8</span> 
     </span>
     <span class='ocr_line' id='line_1_10' title="bbox 176 799 868 842; baseline 0.004 -13"><span class='ocrx_word' id='word_1_54' title='bbox 176 799 311 830; x_wconf 86' lang='lat' dir='ltr'>Freinsh.</span> <span class='ocrx_word' id='word_1_55' title='bbox 342 801 458 841; x_wconf 90' lang='lat' dir='ltr'>(Cujus</span> <span class='ocrx_word' id='word_1_56' title='bbox 489 801 607 842; x_wconf 86' lang='lat' dir='ltr'>generis</span> <span class='ocrx_word' id='word_1_57' title='bbox 633 802 720 842; x_wconf 88' lang='lat' dir='ltr'>plura</span> <span class='ocrx_word' id='word_1_58' title='bbox 743 802 807 833; x_wconf 81' lang='lat' dir='ltr'>vid.</span> <span class='ocrx_word' id='word_1_59' title='bbox 837 802 868 832; x_wconf 91' lang='lat' dir='ltr'>in</span> 
     </span>
     <span class='ocr_line' id='line_1_11' title="bbox 172 842 868 883; baseline 0.006 -12"><span class='ocrx_word' id='word_1_60' title='bbox 172 842 358 883; x_wconf 84' lang='lat' dir='ltr'>Participia)</span> <span class='ocrx_word' id='word_1_61' title='bbox 382 844 484 874; x_wconf 85' lang='lat' dir='ltr'>Vorst.</span> <span class='ocrx_word' id='word_1_62' title='bbox 517 844 613 874; x_wconf 88' lang='lat' dir='ltr'>filium</span> <span class='ocrx_word' id='word_1_63' title='bbox 637 845 728 875; x_wconf 85' lang='lat' dir='ltr'>enixa</span> <span class='ocrx_word' id='word_1_64' title='bbox 757 845 868 882; x_wconf 85' lang='lat' dir='ltr'>xxxvii,</span> 
     </span>
     <span class='ocr_line' id='line_1_12' title="bbox 173 886 641 926; baseline 0.004 -10"><span class='ocrx_word' id='word_1_65' title='bbox 173 887 205 920; x_wconf 85' lang='lat'>3,</span> <span class='ocrx_word' id='word_1_66' title='bbox 221 888 241 915; x_wconf 88' lang='lat'><strong>6</strong></span> <span class='ocrx_word' id='word_1_67' title='bbox 265 886 342 915; x_wconf 86' lang='lat' dir='ltr'>duos</span> <span class='ocrx_word' id='word_1_68' title='bbox 360 896 468 926; x_wconf 86' lang='lat' dir='ltr'>pueros</span> <span class='ocrx_word' id='word_1_69' title='bbox 483 886 559 923; x_wconf 85' lang='lat' dir='ltr'>xliii,</span> <span class='ocrx_word' id='word_1_70' title='bbox 574 890 606 922; x_wconf 84' lang='lat'>2,</span> <span class='ocrx_word' id='word_1_71' title='bbox 623 889 641 918; x_wconf 78' lang='lat'><em>3</em></span> 
     </span>
    </p>

    <p class='ocr_par' dir='ltr' id='par_1_6' title="bbox 174 926 866 1001">
     <span class='ocr_line' id='line_1_13' title="bbox 216 926 866 971; baseline 0.008 -15"><span class='ocrx_word' id='word_1_72' title='bbox 216 926 385 958; x_wconf 83' lang='lat' dir='ltr'>Enuntiare</span> <span class='ocrx_word' id='word_1_73' title='bbox 407 929 482 970; x_wconf 85' lang='lat' dir='ltr'>(hoc</span> <span class='ocrx_word' id='word_1_74' title='bbox 496 934 554 966; x_wconf 88' lang='lat' dir='ltr'>est,</span> <span class='ocrx_word' id='word_1_75' title='bbox 573 928 732 971; x_wconf 86' lang='lat' dir='ltr'>evulgare)</span> <span class='ocrx_word' id='word_1_76' title='bbox 755 940 785 966; x_wconf 86' lang='lat' dir='ltr'>v,</span> <span class='ocrx_word' id='word_1_77' title='bbox 802 932 832 965; x_wconf 91' lang='lat' dir='ltr'>l,</span> <span class='ocrx_word' id='word_1_78' title='bbox 849 932 866 961; x_wconf 90' lang='lat'>1</span> 
     </span>
     <span class='ocr_line' id='line_1_14' title="bbox 174 968 313 1001; baseline 0.014 -2"><span class='ocrx_word' id='word_1_79' title='bbox 174 968 313 1001; x_wconf 82' lang='lat' dir='ltr'>Freinsh.</span> 
     </span>
    </p>

    <p class='ocr_par' dir='ltr' id='par_1_7' title="bbox 171 1011 871 1392">
     <span class='ocr_line' id='line_1_15' title="bbox 216 1011 869 1054; baseline 0.005 -13"><span class='ocrx_word' id='word_1_80' title='bbox 216 1011 275 1047; x_wconf 86' lang='lat' dir='ltr'>Eo,</span> <span class='ocrx_word' id='word_1_81' title='bbox 290 1022 353 1053; x_wconf 91' lang='lat' dir='ltr'>quo</span> <span class='ocrx_word' id='word_1_82' title='bbox 375 1011 448 1053; x_wconf 88' lang='lat' dir='ltr'>(pro</span> <span class='ocrx_word' id='word_1_83' title='bbox 464 1013 545 1050; x_wconf 88' lang='lat' dir='ltr'>ideo,</span> <span class='ocrx_word' id='word_1_84' title='bbox 561 1011 650 1054; x_wconf 87' lang='lat' dir='ltr'>quia)</span> <span class='ocrx_word' id='word_1_85' title='bbox 673 1013 716 1050; x_wconf 89' lang='lat' dir='ltr'>iii,</span> <span class='ocrx_word' id='word_1_86' title='bbox 733 1017 764 1050; x_wconf 84' lang='lat'>5,</span> <span class='ocrx_word' id='word_1_87' title='bbox 781 1016 799 1045; x_wconf 87' lang='grc'>3</span> <span class='ocrx_word' id='word_1_88' title='bbox 831 1024 869 1044; x_wconf 89' lang='lat' dir='ltr'>eo</span> 
     </span>
     <span class='ocr_line' id='line_1_16' title="bbox 173 1053 870 1097; baseline 0.004 -14"><span class='ocrx_word' id='word_1_89' title='bbox 173 1053 396 1094; x_wconf 77' lang='lat' dir='ltr'>desperationis</span> <span class='ocrx_word' id='word_1_90' title='bbox 425 1056 497 1096; x_wconf 87' lang='lat' dir='ltr'>(pro</span> <span class='ocrx_word' id='word_1_91' title='bbox 523 1056 555 1085; x_wconf 87' lang='lat' dir='ltr'>in</span> <span class='ocrx_word' id='word_1_92' title='bbox 581 1061 697 1086; x_wconf 85' lang='lat' dir='ltr'>tantam</span> <span class='ocrx_word' id='word_1_93' title='bbox 727 1057 870 1097; x_wconf 84' lang='lat' dir='ltr'>despera-</span> 
     </span>
     <span class='ocr_line' id='line_1_17' title="bbox 173 1095 871 1139; baseline 0.006 -14"><span class='ocrx_word' id='word_1_94' title='bbox 173 1095 305 1133; x_wconf 82' lang='lat' dir='ltr'>tionem)</span> <span class='ocrx_word' id='word_1_95' title='bbox 329 1097 372 1133; x_wconf 89' lang='lat' dir='ltr'>iii,</span> <span class='ocrx_word' id='word_1_96' title='bbox 389 1101 419 1134; x_wconf 87' lang='lat'>5,</span> <span class='ocrx_word' id='word_1_97' title='bbox 436 1101 456 1129; x_wconf 88' lang='grc'><strong>6</strong></span> <span class='ocrx_word' id='word_1_98' title='bbox 478 1098 616 1129; x_wconf 86' lang='lat' dir='ltr'>Freinsh.</span> <span class='ocrx_word' id='word_1_99' title='bbox 644 1108 682 1128; x_wconf 89' lang='lat' dir='ltr'>eo</span> <span class='ocrx_word' id='word_1_100' title='bbox 704 1109 735 1128; x_wconf 89' lang='lat' dir='ltr'>se</span> <span class='ocrx_word' id='word_1_101' title='bbox 751 1109 871 1139; x_wconf 83' lang='lat' dir='ltr'>semper</span> 
     </span>
     <span class='ocr_line' id='line_1_18' title="bbox 173 1137 869 1178; baseline 0.009 -11"><span class='ocrx_word' id='word_1_102' title='bbox 173 1137 332 1178; x_wconf 85' lang='lat' dir='ltr'>ingerebat</span> <span class='ocrx_word' id='word_1_103' title='bbox 352 1139 393 1175; x_wconf 85' lang='lat' dir='ltr'>xi,</span> <span class='ocrx_word' id='word_1_104' title='bbox 413 1143 462 1176; x_wconf 83' lang='lat'>14,</span> <span class='ocrx_word' id='word_1_105' title='bbox 478 1145 496 1172; x_wconf 88' lang='lat'><em>5</em></span> <span class='ocrx_word' id='word_1_106' title='bbox 526 1151 564 1172; x_wconf 88' lang='lat' dir='ltr'>eo</span> <span class='ocrx_word' id='word_1_107' title='bbox 587 1145 709 1171; x_wconf 80' lang='lat' dir='ltr'>secutus</span> <span class='ocrx_word' id='word_1_108' title='bbox 731 1141 764 1177; x_wconf 86' lang='lat' dir='ltr'>ii,</span> <span class='ocrx_word' id='word_1_109' title='bbox 780 1143 832 1177; x_wconf 89' lang='lat'>14,</span> <span class='ocrx_word' id='word_1_110' title='bbox 848 1144 869 1173; x_wconf 96' lang='lat'>4</span> 
     </span>
     <span class='ocr_line' id='line_1_19' title="bbox 172 1181 870 1223; baseline 0.006 -13"><span class='ocrx_word' id='word_1_111' title='bbox 172 1190 211 1210; x_wconf 91' lang='lat' dir='ltr'>eo</span> <span class='ocrx_word' id='word_1_112' title='bbox 226 1181 333 1211; x_wconf 85' lang='lat' dir='ltr'>missus</span> <span class='ocrx_word' id='word_1_113' title='bbox 356 1181 427 1217; x_wconf 84' lang='lat' dir='ltr'>xxii,</span> <span class='ocrx_word' id='word_1_114' title='bbox 443 1185 474 1218; x_wconf 89' lang='lat'>8,</span> <span class='ocrx_word' id='word_1_115' title='bbox 491 1185 510 1214; x_wconf 90' lang='grc'>2</span> <span class='ocrx_word' id='word_1_116' title='bbox 540 1193 577 1214; x_wconf 92' lang='lat' dir='ltr'>eo</span> <span class='ocrx_word' id='word_1_117' title='bbox 599 1193 696 1223; x_wconf 92' lang='lat' dir='ltr'>usque</span> <span class='ocrx_word' id='word_1_118' title='bbox 718 1183 870 1214; x_wconf 84' lang='lat' dir='ltr'>discordia</span> 
     </span>
     <span class='ocr_line' id='line_1_20' title="bbox 171 1223 869 1263; baseline 0.006 -11"><span class='ocrx_word' id='word_1_119' title='bbox 171 1232 227 1252; x_wconf 79' lang='lat' dir='ltr'>sua</span> <span class='ocrx_word' id='word_1_120' title='bbox 240 1223 357 1253; x_wconf 86' lang='lat' dir='ltr'>redacti</span> <span class='ocrx_word' id='word_1_121' title='bbox 378 1223 443 1260; x_wconf 89' lang='lat' dir='ltr'>viii,</span> <span class='ocrx_word' id='word_1_122' title='bbox 457 1227 490 1260; x_wconf 85' lang='lat'>4,</span> <span class='ocrx_word' id='word_1_123' title='bbox 507 1228 526 1256; x_wconf 77' lang='lat'>8</span> <span class='ocrx_word' id='word_1_124' title='bbox 556 1236 593 1256; x_wconf 94' lang='lat' dir='ltr'>eo</span> <span class='ocrx_word' id='word_1_125' title='bbox 609 1236 655 1256; x_wconf 89' lang='lat' dir='ltr'>res</span> <span class='ocrx_word' id='word_1_126' title='bbox 671 1225 806 1256; x_wconf 92' lang='lat' dir='ltr'>deducta</span> <span class='ocrx_word' id='word_1_127' title='bbox 827 1227 869 1263; x_wconf 80' lang='lat' dir='ltr'>xi,</span> 
     </span>
     <span class='ocr_line' id='line_1_21' title="bbox 171 1265 869 1308; baseline 0.004 -13"><span class='ocrx_word' id='word_1_128' title='bbox 171 1267 204 1300; x_wconf 85' lang='lat'>4,</span> <span class='ocrx_word' id='word_1_129' title='bbox 221 1267 259 1296; x_wconf 89' lang='grc'>11</span> <span class='ocrx_word' id='word_1_130' title='bbox 291 1276 328 1296; x_wconf 90' lang='lat' dir='ltr'>eo</span> <span class='ocrx_word' id='word_1_131' title='bbox 344 1265 432 1306; x_wconf 89' lang='lat' dir='ltr'>plura</span> <span class='ocrx_word' id='word_1_132' title='bbox 445 1267 606 1308; x_wconf 80' lang='lat' dir='ltr'>cupientes</span> <span class='ocrx_word' id='word_1_133' title='bbox 629 1278 690 1308; x_wconf 92' lang='lat' dir='ltr'>quo</span> <span class='ocrx_word' id='word_1_134' title='bbox 707 1268 791 1308; x_wconf 88' lang='lat' dir='ltr'>plura</span> <span class='ocrx_word' id='word_1_135' title='bbox 815 1269 869 1298; x_wconf 87' lang='lat' dir='ltr'>ha-</span> 
     </span>
     <span class='ocr_line' id='line_1_22' title="bbox 172 1307 868 1351; baseline 0.006 -15"><span class='ocrx_word' id='word_1_136' title='bbox 172 1307 247 1336; x_wconf 86' lang='lat' dir='ltr'>bent</span> <span class='ocrx_word' id='word_1_137' title='bbox 261 1307 303 1344; x_wconf 88' lang='lat' dir='ltr'>vi,</span> <span class='ocrx_word' id='word_1_138' title='bbox 320 1312 350 1344; x_wconf 88' lang='grc'>1,</span> <span class='ocrx_word' id='word_1_139' title='bbox 367 1311 384 1339; x_wconf 93' lang='grc'>1</span> <span class='ocrx_word' id='word_1_140' title='bbox 414 1319 451 1339; x_wconf 93' lang='lat' dir='ltr'>eo</span> <span class='ocrx_word' id='word_1_141' title='bbox 466 1310 615 1349; x_wconf 87' lang='lat' dir='ltr'>promtius</span> <span class='ocrx_word' id='word_1_142' title='bbox 629 1311 725 1351; x_wconf 89' lang='lat' dir='ltr'>quod,</span> <span class='ocrx_word' id='word_1_143' title='bbox 747 1311 805 1341; x_wconf 78' lang='lat' dir='ltr'>&amp;c-</span> <span class='ocrx_word' id='word_1_144' title='bbox 828 1311 868 1346; x_wconf 88' lang='lat' dir='ltr'>ix,</span> 
     </span>
     <span class='ocr_line' id='line_1_23' title="bbox 171 1350 850 1392; baseline 0.004 -12"><span class='ocrx_word' id='word_1_145' title='bbox 171 1352 205 1386; x_wconf 91' lang='grc'>2,</span> <span class='ocrx_word' id='word_1_146' title='bbox 219 1352 240 1380; x_wconf 88' lang='grc'>6</span> <span class='ocrx_word' id='word_1_147' title='bbox 263 1361 300 1380; x_wconf 87' lang='lat' dir='ltr'>eo</span> <span class='ocrx_word' id='word_1_148' title='bbox 314 1350 471 1392; x_wconf 85' lang='lat' dir='ltr'>indignius</span> <span class='ocrx_word' id='word_1_149' title='bbox 485 1353 582 1392; x_wconf 92' lang='lat' dir='ltr'>quod,</span> <span class='ocrx_word' id='word_1_150' title='bbox 598 1352 656 1383; x_wconf 85' lang='lat' dir='ltr'>&amp;c.</span> <span class='ocrx_word' id='word_1_151' title='bbox 671 1353 769 1388; x_wconf 83' lang='lat' dir='ltr'>xxxix,</span> <span class='ocrx_word' id='word_1_152' title='bbox 786 1356 817 1389; x_wconf 88' lang='lat'>4,</span> <span class='ocrx_word' id='word_1_153' title='bbox 837 1356 850 1384; x_wconf 87' lang='lat'>1</span> 
     </span>
    </p>

    <p class='ocr_par' dir='ltr' id='par_1_8' title="bbox 171 1391 869 1515">
     <span class='ocr_line' id='line_1_24' title="bbox 214 1391 869 1436; baseline 0.006 -14"><span class='ocrx_word' id='word_1_154' title='bbox 214 1391 440 1433; x_wconf 82' lang='lat' dir='ltr'>Epaminondae</span> <span class='ocrx_word' id='word_1_155' title='bbox 452 1394 544 1425; x_wconf 87' lang='lat' dir='ltr'>virtus</span> <span class='ocrx_word' id='word_1_156' title='bbox 557 1395 597 1430; x_wconf 89' lang='lat' dir='ltr'>vi,</span> <span class='ocrx_word' id='word_1_157' title='bbox 609 1398 641 1431; x_wconf 95' lang='lat'>4,</span> <span class='ocrx_word' id='word_1_158' title='bbox 654 1398 674 1426; x_wconf 89' lang='grc'>4</span> <span class='ocrx_word' id='word_1_159' title='bbox 696 1395 722 1425; x_wconf 88' lang='lat' dir='ltr'>is</span> <span class='ocrx_word' id='word_1_160' title='bbox 730 1395 869 1436; x_wconf 87' lang='lat' dir='ltr'>Spartam</span> 
     </span>
     <span class='ocr_line' id='line_1_25' title="bbox 171 1435 869 1478; baseline 0.007 -15"><span class='ocrx_word' id='word_1_161' title='bbox 171 1438 272 1465; x_wconf 88' lang='lat' dir='ltr'>tentat</span> <span class='ocrx_word' id='word_1_162' title='bbox 292 1435 334 1472; x_wconf 87' lang='lat' dir='ltr'>vi,</span> <span class='ocrx_word' id='word_1_163' title='bbox 349 1439 381 1471; x_wconf 89' lang='grc'>7,</span> <span class='ocrx_word' id='word_1_164' title='bbox 400 1439 416 1467; x_wconf 88' lang='lat'><em>1</em></span> <span class='ocrx_word' id='word_1_165' title='bbox 447 1436 572 1467; x_wconf 82' lang='lat' dir='ltr'>mon‘tur</span> <span class='ocrx_word' id='word_1_166' title='bbox 586 1438 628 1474; x_wconf 87' lang='lat' dir='ltr'>vi,</span> <span class='ocrx_word' id='word_1_167' title='bbox 643 1440 675 1473; x_wconf 83' lang='lat'>8,</span> <span class='ocrx_word' id='word_1_168' title='bbox 692 1440 708 1468; x_wconf 91' lang='lat'>1</span> <span class='ocrx_word' id='word_1_169' title='bbox 733 1438 800 1478; x_wconf 88' lang='lat' dir='ltr'>ejus</span> <span class='ocrx_word' id='word_1_170' title='bbox 815 1449 869 1468; x_wconf 91' lang='lat' dir='ltr'>en-</span> 
     </span>
     <span class='ocr_line' id='line_1_26' title="bbox 171 1477 686 1515; baseline 0.008 -8"><span class='ocrx_word' id='word_1_171' title='bbox 171 1477 305 1507; x_wconf 87' lang='lat' dir='ltr'>comium</span> <span class='ocrx_word' id='word_1_172' title='bbox 321 1478 362 1514; x_wconf 89' lang='lat' dir='ltr'>vi,</span> <span class='ocrx_word' id='word_1_173' title='bbox 379 1481 410 1514; x_wconf 89' lang='grc'>8,</span> <span class='ocrx_word' id='word_1_174' title='bbox 427 1481 447 1510; x_wconf 97' lang='grc'>2</span> <span class='ocrx_word' id='word_1_175' title='bbox 470 1479 536 1510; x_wconf 87' lang='lat' dir='ltr'>laus</span> <span class='ocrx_word' id='word_1_176' title='bbox 550 1479 602 1515; x_wconf 89' lang='lat' dir='ltr'>vii,</span> <span class='ocrx_word' id='word_1_177' title='bbox 619 1483 650 1515; x_wconf 87' lang='lat'>5,</span> <span class='ocrx_word' id='word_1_178' title='bbox 668 1483 686 1511; x_wconf 85' lang='lat'>3</span> 
     </span>
    </p>

    <p class='ocr_par' dir='ltr' id='par_1_9' title="bbox 214 1519 820 1562">
     <span class='ocr_line' id='line_1_27' title="bbox 214 1519 820 1562; baseline 0.007 -13"><span class='ocrx_word' id='word_1_179' title='bbox 214 1519 318 1560; x_wconf 84' lang='lat' dir='ltr'>Epeos</span> <span class='ocrx_word' id='word_1_180' title='bbox 334 1521 552 1562; x_wconf 88' lang='lat' dir='ltr'>Metapontum</span> <span class='ocrx_word' id='word_1_181' title='bbox 568 1523 675 1553; x_wconf 90' lang='lat' dir='ltr'>condit</span> <span class='ocrx_word' id='word_1_182' title='bbox 689 1533 737 1558; x_wconf 79' lang='lat' dir='ltr'>xx,</span> <span class='ocrx_word' id='word_1_183' title='bbox 753 1525 785 1559; x_wconf 90' lang='grc'>2,</span> <span class='ocrx_word' id='word_1_184' title='bbox 803 1525 820 1554; x_wconf 89' lang='lat'>1</span> 
     </span>
    </p>

    <p class='ocr_par' dir='ltr' id='par_1_10' title="bbox 214 1561 663 1604">
     <span class='ocr_line' id='line_1_28' title="bbox 214 1561 663 1604; baseline 0.013 -13"><span class='ocrx_word' id='word_1_185' title='bbox 214 1561 349 1602; x_wconf 88' lang='lat' dir='ltr'>Ephesia</span> <span class='ocrx_word' id='word_1_186' title='bbox 364 1563 465 1604; x_wconf 80' lang='lat' dir='ltr'>pellex</span> <span class='ocrx_word' id='word_1_187' title='bbox 480 1564 578 1601; x_wconf 88' lang='lat' dir='ltr'>xxxvi,</span> <span class='ocrx_word' id='word_1_188' title='bbox 594 1568 627 1602; x_wconf 91' lang='lat'>4,</span> <span class='ocrx_word' id='word_1_189' title='bbox 642 1569 663 1597; x_wconf 89' lang='grc'><strong>6</strong></span> 
     </span>
    </p>

    <p class='ocr_par' dir='ltr' id='par_1_11' title="bbox 171 1604 868 1684">
     <span class='ocr_line' id='line_1_29' title="bbox 214 1604 868 1645; baseline 0.006 -11"><span class='ocrx_word' id='word_1_190' title='bbox 214 1604 356 1645; x_wconf 82' lang='lat' dir='ltr'>Ephesus</span> <span class='ocrx_word' id='word_1_191' title='bbox 385 1607 423 1637; x_wconf 86' lang='lat' dir='ltr'>ab</span> <span class='ocrx_word' id='word_1_192' title='bbox 445 1606 656 1638; x_wconf 85' lang='lat' dir='ltr'>Amazonibus</span> <span class='ocrx_word' id='word_1_193' title='bbox 681 1607 807 1638; x_wconf 83' lang='lat' dir='ltr'>condita</span> <span class='ocrx_word' id='word_1_194' title='bbox 834 1607 868 1645; x_wconf 87' lang='lat' dir='ltr'>ii,</span> 
     </span>
     <span class='ocr_line' id='line_1_30' title="bbox 171 1648 259 1684; baseline 0 -6"><span class='ocrx_word' id='word_1_195' title='bbox 171 1648 203 1684; x_wconf 86' lang='lat'>4,</span> <span class='ocrx_word' id='word_1_196' title='bbox 221 1650 259 1678; x_wconf 89' lang='grc'>15</span> 
     </span>
    </p>

    <p class='ocr_par' dir='ltr' id='par_1_12' title="bbox 170 1688 868 1861">
     <span class='ocr_line' id='line_1_31' title="bbox 213 1688 868 1733; baseline 0.006 -15"><span class='ocrx_word' id='word_1_197' title='bbox 213 1688 351 1730; x_wconf 85' lang='lat' dir='ltr'>Epigoni</span> <span class='ocrx_word' id='word_1_198' title='bbox 370 1689 424 1726; x_wconf 80' lang='lat' dir='ltr'>xii,</span> <span class='ocrx_word' id='word_1_199' title='bbox 441 1693 473 1727; x_wconf 91' lang='lat'>4,</span> <span class='ocrx_word' id='word_1_200' title='bbox 488 1693 526 1722; x_wconf 89' lang='grc'>11</span> <span class='ocrx_word' id='word_1_201' title='bbox 552 1690 641 1732; x_wconf 91' lang='lat' dir='ltr'>(Hoc</span> <span class='ocrx_word' id='word_1_202' title='bbox 656 1692 793 1733; x_wconf 87' lang='lat' dir='ltr'>primitus</span> <span class='ocrx_word' id='word_1_203' title='bbox 808 1692 868 1723; x_wconf 79' lang='lat' dir='ltr'>fuit</span> 
     </span>
     <span class='ocr_line' id='line_1_32' title="bbox 170 1732 867 1774; baseline 0.006 -13"><span class='ocrx_word' id='word_1_204' title='bbox 170 1741 283 1762; x_wconf 88' lang='lat' dir='ltr'>nomen</span> <span class='ocrx_word' id='word_1_205' title='bbox 306 1732 354 1769; x_wconf 90' lang='lat' dir='ltr'>iis,</span> <span class='ocrx_word' id='word_1_206' title='bbox 376 1743 506 1774; x_wconf 89' lang='lat' dir='ltr'>quorum</span> <span class='ocrx_word' id='word_1_207' title='bbox 529 1740 671 1773; x_wconf 87' lang='lat' dir='ltr'>parentes</span> <span class='ocrx_word' id='word_1_208' title='bbox 693 1736 730 1765; x_wconf 82' lang='lat' dir='ltr'>ad</span> <span class='ocrx_word' id='word_1_209' title='bbox 746 1735 867 1765; x_wconf 86' lang='lat' dir='ltr'>Thebas</span> 
     </span>
     <span class='ocr_line' id='line_1_33' title="bbox 170 1775 868 1808; baseline 0.006 -4"><span class='ocrx_word' id='word_1_210' title='bbox 170 1775 354 1806; x_wconf 89' lang='lat' dir='ltr'>occubuere.</span> <span class='ocrx_word' id='word_1_211' title='bbox 411 1775 493 1807; x_wconf 86' lang='lat' dir='ltr'>Vide</span> <span class='ocrx_word' id='word_1_212' title='bbox 521 1776 700 1807; x_wconf 88' lang='lat' dir='ltr'>Strabonem</span> <span class='ocrx_word' id='word_1_213' title='bbox 735 1777 788 1808; x_wconf 84' lang='lat' dir='ltr'>lib.</span> <span class='ocrx_word' id='word_1_214' title='bbox 815 1778 868 1808; x_wconf 88' lang='lat' dir='ltr'>vii.</span> 
     </span>
     <span class='ocr_line' id='line_1_34' title="bbox 170 1818 816 1861; baseline 0.008 -15"><span class='ocrx_word' id='word_1_215' title='bbox 170 1826 241 1857; x_wconf 87' lang='lat' dir='ltr'>pag.</span> <span class='ocrx_word' id='word_1_216' title='bbox 256 1819 331 1849; x_wconf 89' lang='grc'><strong>225.</strong></span> <span class='ocrx_word' id='word_1_217' title='bbox 347 1823 378 1848; x_wconf 89' lang='lat' dir='ltr'>et</span> <span class='ocrx_word' id='word_1_218' title='bbox 392 1818 433 1854; x_wconf 85' lang='lat' dir='ltr'>ix,</span> <span class='ocrx_word' id='word_1_219' title='bbox 448 1821 511 1850; x_wconf 86' lang='grc'>284</span> <span class='ocrx_word' id='word_1_220' title='bbox 527 1823 558 1848; x_wconf 90' lang='lat' dir='ltr'>et</span> <span class='ocrx_word' id='word_1_221' title='bbox 572 1820 654 1861; x_wconf 86' lang='lat'>285)</span> <span class='ocrx_word' id='word_1_222' title='bbox 678 1819 816 1851; x_wconf 70' lang='lat' dir='ltr'>Freinsh-</span> 
     </span>
    </p>

    <p class='ocr_par' dir='ltr' id='par_1_13' title="bbox 210 1859 608 1899">
     <span class='ocr_line' id='line_1_35' title="bbox 210 1859 608 1899; baseline 0.013 -11"><span class='ocrx_word' id='word_1_223' title='bbox 210 1859 298 1899; x_wconf 87' lang='lat' dir='ltr'>Epiri</span> <span class='ocrx_word' id='word_1_224' title='bbox 313 1860 439 1890; x_wconf 85' lang='lat' dir='ltr'>historia</span> <span class='ocrx_word' id='word_1_225' title='bbox 452 1861 525 1896; x_wconf 86' lang='lat' dir='ltr'>xvii,</span> <span class='ocrx_word' id='word_1_226' title='bbox 541 1863 572 1896; x_wconf 89' lang='lat'>3,</span> <span class='ocrx_word' id='word_1_227' title='bbox 592 1865 608 1893; x_wconf 96' lang='lat' dir='ltr'>l</span> 
     </span>
    </p>

    <p class='ocr_par' dir='ltr' id='par_1_14' title="bbox 168 1900 865 1984">
     <span class='ocr_line' id='line_1_36' title="bbox 213 1900 865 1944; baseline 0.006 -13"><span class='ocrx_word' id='word_1_228' title='bbox 213 1900 349 1942; x_wconf 77' lang='lat' dir='ltr'>Epirota:</span> <span class='ocrx_word' id='word_1_229' title='bbox 364 1908 454 1933; x_wconf 87' lang='lat' dir='ltr'>antea</span> <span class='ocrx_word' id='word_1_230' title='bbox 470 1903 631 1944; x_wconf 74' lang='lat' dir='ltr'>Pyrrhidae</span> <span class='ocrx_word' id='word_1_231' title='bbox 646 1903 723 1934; x_wconf 82' lang='lat' dir='ltr'>dicti</span> <span class='ocrx_word' id='word_1_232' title='bbox 745 1905 817 1941; x_wconf 87' lang='lat' dir='ltr'>xvii,</span> <span class='ocrx_word' id='word_1_233' title='bbox 834 1908 865 1941; x_wconf 84' lang='lat'>3,</span> 
     </span>
     <span class='ocr_line' id='line_1_37' title="bbox 168 1943 844 1984; baseline 0.009 -11"><span class='ocrx_word' id='word_1_234' title='bbox 168 1947 188 1976; x_wconf 86' lang='lat'><em>3</em></span> <span class='ocrx_word' id='word_1_235' title='bbox 212 1943 346 1984; x_wconf 86' lang='lat' dir='ltr'>Epirotis</span> <span class='ocrx_word' id='word_1_236' title='bbox 362 1946 452 1976; x_wconf 86' lang='lat' dir='ltr'>diffisi</span> <span class='ocrx_word' id='word_1_237' title='bbox 466 1945 644 1977; x_wconf 86' lang='lat' dir='ltr'>Acarnanes</span> <span class='ocrx_word' id='word_1_238' title='bbox 659 1947 761 1983; x_wconf 85' lang='lat' dir='ltr'>xxviii,</span> <span class='ocrx_word' id='word_1_239' title='bbox 779 1950 809 1984; x_wconf 92' lang='lat'>1,</span> <span class='ocrx_word' id='word_1_240' title='bbox 825 1952 844 1979; x_wconf 97' lang='grc'>5</span> 
     </span>
    </p>

    <p class='ocr_par' dir='ltr' id='par_1_15' title="bbox 167 1986 866 2149">
     <span class='ocr_line' id='line_1_38' title="bbox 211 1986 866 2029; baseline 0.006 -13"><span class='ocrx_word' id='word_1_241' title='bbox 211 1986 352 2026; x_wconf 88' lang='lat' dir='ltr'>Epistola</span> <span class='ocrx_word' id='word_1_242' title='bbox 374 1993 550 2018; x_wconf 87' lang='lat' dir='ltr'>exenterato</span> <span class='ocrx_word' id='word_1_243' title='bbox 567 1989 662 2029; x_wconf 87' lang='lat' dir='ltr'>lepori</span> <span class='ocrx_word' id='word_1_244' title='bbox 681 1989 823 2020; x_wconf 80' lang='lat' dir='ltr'>inseritur</span> <span class='ocrx_word' id='word_1_245' title='bbox 845 1990 866 2025; x_wconf 92' lang='lat' dir='ltr'>i,</span> 
     </span>
     <span class='ocr_line' id='line_1_39' title="bbox 167 2030 865 2072; baseline 0.006 -13"><span class='ocrx_word' id='word_1_246' title='bbox 167 2032 200 2064; x_wconf 89' lang='lat'><em>5,</em></span> <span class='ocrx_word' id='word_1_247' title='bbox 218 2032 257 2060; x_wconf 91' lang='lat'>10</span> <span class='ocrx_word' id='word_1_248' title='bbox 280 2030 417 2070; x_wconf 86' lang='lat' dir='ltr'>epistolae</span> <span class='ocrx_word' id='word_1_249' title='bbox 434 2031 505 2071; x_wconf 89' lang='lat' dir='ltr'>(pro</span> <span class='ocrx_word' id='word_1_250' title='bbox 520 2031 668 2072; x_wconf 90' lang='lat' dir='ltr'>epistola)</span> <span class='ocrx_word' id='word_1_251' title='bbox 685 2032 704 2068; x_wconf 88' lang='lat' dir='ltr'>i,</span> <span class='ocrx_word' id='word_1_252' title='bbox 722 2036 755 2068; x_wconf 79' lang='lat'>6,</span> <span class='ocrx_word' id='word_1_253' title='bbox 772 2036 800 2063; x_wconf 90' lang='grc'>1.</span> <span class='ocrx_word' id='word_1_254' title='bbox 824 2033 865 2068; x_wconf 84' lang='lat' dir='ltr'>xi,</span> 
     </span>
     <span class='ocr_line' id='line_1_40' title="bbox 169 2071 865 2111; baseline 0.007 -10"><span class='ocrx_word' id='word_1_255' title='bbox 169 2073 221 2107; x_wconf 91' lang='grc'>12,</span> <span class='ocrx_word' id='word_1_256' title='bbox 245 2074 276 2103; x_wconf 90' lang='grc'><strong>9.</strong></span> <span class='ocrx_word' id='word_1_257' title='bbox 304 2071 357 2108; x_wconf 86' lang='lat' dir='ltr'>xii,</span> <span class='ocrx_word' id='word_1_258' title='bbox 381 2076 411 2109; x_wconf 89' lang='lat'>1,</span> <span class='ocrx_word' id='word_1_259' title='bbox 427 2076 458 2104; x_wconf 85' lang='lat'>4.</span> <span class='ocrx_word' id='word_1_260' title='bbox 487 2073 559 2109; x_wconf 80' lang='lat' dir='ltr'>xvii,</span> <span class='ocrx_word' id='word_1_261' title='bbox 582 2077 614 2111; x_wconf 89' lang='grc'>2,</span> <span class='ocrx_word' id='word_1_262' title='bbox 632 2077 663 2106; x_wconf 88' lang='grc'>9.</span> <span class='ocrx_word' id='word_1_263' title='bbox 692 2086 742 2111; x_wconf 85' lang='lat' dir='ltr'>xx,</span> <span class='ocrx_word' id='word_1_264' title='bbox 766 2078 865 2111; x_wconf 84' lang='lat'><em>5,12.</em></span> 
     </span>
     <span class='ocr_line' id='line_1_41' title="bbox 167 2114 490 2149; baseline 0.003 -5"><span class='ocrx_word' id='word_1_265' title='bbox 167 2114 246 2149; x_wconf 84' lang='lat' dir='ltr'>xxix,</span> <span class='ocrx_word' id='word_1_266' title='bbox 262 2117 293 2149; x_wconf 88' lang='grc'><strong>4,</strong></span> <span class='ocrx_word' id='word_1_267' title='bbox 310 2118 330 2146; x_wconf 90' lang='grc'><strong>2</strong></span> <span class='ocrx_word' id='word_1_268' title='bbox 353 2114 490 2146; x_wconf 87' lang='lat' dir='ltr'>Freinsh.</span> 
     </span>
    </p>

    <p class='ocr_par' dir='ltr' id='par_1_16' title="bbox 167 2157 867 2326">
     <span class='ocr_line' id='line_1_42' title="bbox 211 2157 866 2200; baseline 0.006 -14"><span class='ocrx_word' id='word_1_269' title='bbox 211 2157 338 2197; x_wconf 88' lang='lat' dir='ltr'>Epulari</span> <span class='ocrx_word' id='word_1_270' title='bbox 353 2158 528 2198; x_wconf 86' lang='lat' dir='ltr'>opulentius</span> <span class='ocrx_word' id='word_1_271' title='bbox 542 2158 586 2196; x_wconf 89' lang='lat' dir='ltr'>iii,</span> <span class='ocrx_word' id='word_1_272' title='bbox 602 2162 633 2196; x_wconf 87' lang='lat'>3,</span> <span class='ocrx_word' id='word_1_273' title='bbox 650 2163 668 2191; x_wconf 90' lang='lat'><strong>5</strong></span> <span class='ocrx_word' id='word_1_274' title='bbox 692 2159 866 2200; x_wconf 81' lang='lat' dir='ltr'>epulandus</span> 
     </span>
     <span class='ocr_line' id='line_1_43' title="bbox 167 2198 867 2243; baseline 0.003 -14"><span class='ocrx_word' id='word_1_275' title='bbox 167 2198 245 2239; x_wconf 91' lang='lat' dir='ltr'>(hoc</span> <span class='ocrx_word' id='word_1_276' title='bbox 258 2204 315 2235; x_wconf 80' lang='lat' dir='ltr'>est,</span> <span class='ocrx_word' id='word_1_277' title='bbox 331 2200 542 2242; x_wconf 88' lang='lat' dir='ltr'>devorandus)</span> <span class='ocrx_word' id='word_1_278' title='bbox 557 2202 578 2237; x_wconf 89' lang='lat' dir='ltr'>i,</span> <span class='ocrx_word' id='word_1_279' title='bbox 594 2206 626 2238; x_wconf 88' lang='lat'>5,</span> <span class='ocrx_word' id='word_1_280' title='bbox 642 2205 662 2234; x_wconf 88' lang='grc'>6</span> <span class='ocrx_word' id='word_1_281' title='bbox 685 2203 752 2243; x_wconf 80' lang='lat' dir='ltr'>(Ita</span> <span class='ocrx_word' id='word_1_282' title='bbox 767 2202 867 2243; x_wconf 88' lang='lat' dir='ltr'>Virgi-</span> 
     </span>
     <span class='ocr_line' id='line_1_44' title="bbox 169 2240 867 2286; baseline 0.006 -15"><span class='ocrx_word' id='word_1_283' title='bbox 169 2240 228 2272; x_wconf 90' lang='lat' dir='ltr'>lius</span> <span class='ocrx_word' id='word_1_284' title='bbox 243 2242 318 2272; x_wconf 78' lang='lat' dir='ltr'>AEn.</span> <span class='ocrx_word' id='word_1_285' title='bbox 328 2242 370 2278; x_wconf 90' lang='lat' dir='ltr'>iv,</span> <span class='ocrx_word' id='word_1_286' title='bbox 387 2247 460 2274; x_wconf 84' lang='grc'><strong>602.</strong></span> <span class='ocrx_word' id='word_1_287' title='bbox 477 2249 485 2262; x_wconf 89' lang='lat'><em>‘</em></span> <span class='ocrx_word' id='word_1_288' title='bbox 495 2244 662 2285; x_wconf 84' lang='lat' dir='ltr'>patriisque</span> <span class='ocrx_word' id='word_1_289' title='bbox 677 2245 867 2286; x_wconf 85' lang='lat' dir='ltr'>epulandum</span> 
     </span>
     <span class='ocr_line' id='line_1_45' title="bbox 167 2285 639 2326; baseline 0.006 -12"><span class='ocrx_word' id='word_1_290' title='bbox 167 2294 323 2324; x_wconf 87' lang='lat' dir='ltr'>apponere</span> <span class='ocrx_word' id='word_1_291' title='bbox 339 2285 478 2326; x_wconf 82' lang='lat' dir='ltr'>inensis’)</span> <span class='ocrx_word' id='word_1_292' title='bbox 501 2286 639 2318; x_wconf 88' lang='lat' dir='ltr'>Freinsh.</span> 
     </span>
    </p>

    <p class='ocr_par' dir='ltr' id='par_1_17' title="bbox 168 2326 868 2622">
     <span class='ocr_line' id='line_1_46' title="bbox 212 2326 866 2370; baseline 0.005 -14"><span class='ocrx_word' id='word_1_293' title='bbox 212 2326 380 2367; x_wconf 87' lang='lat' dir='ltr'>Epularum</span> <span class='ocrx_word' id='word_1_294' title='bbox 393 2328 557 2358; x_wconf 89' lang='lat' dir='ltr'>immodico</span> <span class='ocrx_word' id='word_1_295' title='bbox 570 2334 718 2370; x_wconf 89' lang='lat' dir='ltr'>apparatu</span> <span class='ocrx_word' id='word_1_296' title='bbox 732 2329 866 2359; x_wconf 89' lang='lat' dir='ltr'>delecta-</span> 
     </span>
     <span class='ocr_line' id='line_1_47' title="bbox 169 2369 866 2411; baseline 0.006 -13"><span class='ocrx_word' id='word_1_297' title='bbox 169 2373 218 2399; x_wconf 87' lang='lat' dir='ltr'>tus</span> <span class='ocrx_word' id='word_1_298' title='bbox 233 2369 408 2400; x_wconf 85' lang='lat' dir='ltr'>Alexander</span> <span class='ocrx_word' id='word_1_299' title='bbox 421 2371 473 2406; x_wconf 83' lang='lat' dir='ltr'>xii,</span> <span class='ocrx_word' id='word_1_300' title='bbox 487 2374 518 2407; x_wconf 83' lang='lat'>3,</span> <span class='ocrx_word' id='word_1_301' title='bbox 532 2374 570 2402; x_wconf 89' lang='lat'>11</span> <span class='ocrx_word' id='word_1_302' title='bbox 594 2372 689 2402; x_wconf 88' lang='lat' dir='ltr'>veluti</span> <span class='ocrx_word' id='word_1_303' title='bbox 706 2373 744 2401; x_wconf 92' lang='lat' dir='ltr'>ad</span> <span class='ocrx_word' id='word_1_304' title='bbox 760 2372 866 2411; x_wconf 87' lang='lat' dir='ltr'>epulas</span> 
     </span>
     <span class='ocr_line' id='line_1_48' title="bbox 169 2412 868 2452; baseline 0.004 -11"><span class='ocrx_word' id='word_1_305' title='bbox 169 2421 233 2441; x_wconf 88' lang='lat' dir='ltr'>non</span> <span class='ocrx_word' id='word_1_306' title='bbox 255 2412 293 2442; x_wconf 86' lang='lat' dir='ltr'>ad</span> <span class='ocrx_word' id='word_1_307' title='bbox 318 2412 455 2452; x_wconf 82' lang='lat' dir='ltr'>praelium</span> <span class='ocrx_word' id='word_1_308' title='bbox 479 2413 613 2444; x_wconf 88' lang='lat' dir='ltr'>venisset</span> <span class='ocrx_word' id='word_1_309' title='bbox 640 2414 662 2449; x_wconf 88' lang='lat' dir='ltr'>i,</span> <span class='ocrx_word' id='word_1_310' title='bbox 686 2417 716 2449; x_wconf 82' lang='lat'>8,</span> <span class='ocrx_word' id='word_1_311' title='bbox 741 2417 761 2445; x_wconf 88' lang='grc'><strong>6</strong></span> <span class='ocrx_word' id='word_1_312' title='bbox 790 2414 868 2444; x_wconf 88' lang='lat' dir='ltr'>inter</span> 
     </span>
     <span class='ocr_line' id='line_1_49' title="bbox 168 2454 868 2494; baseline 0.004 -11"><span class='ocrx_word' id='word_1_313' title='bbox 168 2454 277 2494; x_wconf 85' lang='lat' dir='ltr'>epulas</span> <span class='ocrx_word' id='word_1_314' title='bbox 292 2454 438 2485; x_wconf 76' lang='lat' dir='ltr'>ebrietate</span> <span class='ocrx_word' id='word_1_315' title='bbox 452 2460 608 2486; x_wconf 89' lang='lat' dir='ltr'>crescente</span> <span class='ocrx_word' id='word_1_316' title='bbox 623 2456 675 2491; x_wconf 83' lang='lat' dir='ltr'>vii,</span> <span class='ocrx_word' id='word_1_317' title='bbox 690 2458 722 2491; x_wconf 91' lang='lat'>3,</span> <span class='ocrx_word' id='word_1_318' title='bbox 735 2459 754 2486; x_wconf 87' lang='lat'><em>3</em></span> <span class='ocrx_word' id='word_1_319' title='bbox 778 2456 868 2486; x_wconf 89' lang='lat' dir='ltr'>ludos</span> 
     </span>
     <span class='ocr_line' id='line_1_50' title="bbox 169 2495 868 2538; baseline 0.003 -12"><span class='ocrx_word' id='word_1_320' title='bbox 169 2495 249 2527; x_wconf 85' lang='lat' dir='ltr'>inter</span> <span class='ocrx_word' id='word_1_321' title='bbox 261 2497 367 2536; x_wconf 84' lang='lat' dir='ltr'>epulas</span> <span class='ocrx_word' id='word_1_322' title='bbox 379 2497 519 2528; x_wconf 86' lang='lat' dir='ltr'>adhibuit</span> <span class='ocrx_word' id='word_1_323' title='bbox 533 2497 574 2534; x_wconf 90' lang='lat' dir='ltr'>ix,</span> <span class='ocrx_word' id='word_1_324' title='bbox 586 2501 618 2534; x_wconf 85' lang='lat'>4,</span> <span class='ocrx_word' id='word_1_325' title='bbox 629 2501 647 2530; x_wconf 92' lang='grc'>1</span> <span class='ocrx_word' id='word_1_326' title='bbox 671 2498 750 2528; x_wconf 84' lang='lat' dir='ltr'>inter</span> <span class='ocrx_word' id='word_1_327' title='bbox 761 2499 868 2538; x_wconf 85' lang='lat' dir='ltr'>epulas</span> 
     </span>
     <span class='ocr_line' id='line_1_51' title="bbox 169 2539 867 2582; baseline 0.004 -14"><span class='ocrx_word' id='word_1_328' title='bbox 169 2545 202 2569; x_wconf 90' lang='lat' dir='ltr'>et</span> <span class='ocrx_word' id='word_1_329' title='bbox 230 2539 344 2579; x_wconf 86' lang='lat' dir='ltr'>pocula</span> <span class='ocrx_word' id='word_1_330' title='bbox 371 2540 489 2570; x_wconf 90' lang='lat' dir='ltr'>occisus</span> <span class='ocrx_word' id='word_1_331' title='bbox 518 2539 571 2578; x_wconf 77' lang='lat' dir='ltr'>xii,</span> <span class='ocrx_word' id='word_1_332' title='bbox 598 2544 630 2576; x_wconf 89' lang='grc'>6,</span> <span class='ocrx_word' id='word_1_333' title='bbox 656 2544 674 2572; x_wconf 93' lang='grc'><strong>5</strong></span> <span class='ocrx_word' id='word_1_334' title='bbox 713 2541 867 2582; x_wconf 84' lang='lat' dir='ltr'>apparatis</span> 
     </span>
     <span class='ocr_line' id='line_1_52' title="bbox 169 2581 387 2622; baseline 0.009 -11"><span class='ocrx_word' id='word_1_335' title='bbox 169 2581 270 2622; x_wconf 86' lang='lat' dir='ltr'>epulis</span> <span class='ocrx_word' id='word_1_336' title='bbox 285 2581 305 2617; x_wconf 89' lang='lat' dir='ltr'>i,</span> <span class='ocrx_word' id='word_1_337' title='bbox 322 2585 353 2616; x_wconf 83' lang='lat'>6,</span> <span class='ocrx_word' id='word_1_338' title='bbox 369 2586 387 2613; x_wconf 89' lang='grc'><strong>5</strong></span> 
     </span>
    </p>

    <p class='ocr_par' dir='ltr' id='par_1_18' title="bbox 213 2623 644 2665">
     <span class='ocr_line' id='line_1_53' title="bbox 213 2623 644 2665; baseline 0.007 -12"><span class='ocrx_word' id='word_1_339' title='bbox 213 2623 312 2664; x_wconf 79' lang='lat' dir='ltr'>Equae</span> <span class='ocrx_word' id='word_1_340' title='bbox 327 2623 482 2665; x_wconf 76' lang='lat' dir='ltr'>Scythicae</span> <span class='ocrx_word' id='word_1_341' title='bbox 497 2624 538 2661; x_wconf 82' lang='lat' dir='ltr'>ix,</span> <span class='ocrx_word' id='word_1_342' title='bbox 554 2628 586 2661; x_wconf 82' lang='lat'>2,</span> <span class='ocrx_word' id='word_1_343' title='bbox 602 2628 644 2657; x_wconf 90' lang='grc'><strong>16</strong></span> 
     </span>
    </p>

    <p class='ocr_par' dir='ltr' id='par_1_19' title="bbox 211 2666 802 2706">
     <span class='ocr_line' id='line_1_54' title="bbox 211 2666 802 2706; baseline 0.007 -10"><span class='ocrx_word' id='word_1_344' title='bbox 211 2666 366 2706; x_wconf 87' lang='lat' dir='ltr'>Equidem</span> <span class='ocrx_word' id='word_1_345' title='bbox 380 2667 503 2704; x_wconf 83' lang='lat' dir='ltr'>xxxviii,</span> <span class='ocrx_word' id='word_1_346' title='bbox 518 2671 549 2704; x_wconf 88' lang='lat'>5,</span> <span class='ocrx_word' id='word_1_347' title='bbox 566 2671 597 2699; x_wconf 87' lang='grc'>3.</span> <span class='ocrx_word' id='word_1_348' title='bbox 619 2667 718 2702; x_wconf 84' lang='lat' dir='ltr'>xxxix,</span> <span class='ocrx_word' id='word_1_349' title='bbox 734 2669 765 2703; x_wconf 90' lang='lat'>3,</span> <span class='ocrx_word' id='word_1_350' title='bbox 782 2671 802 2700; x_wconf 87' lang='lat'>8</span> 
     </span>
    </p>

    <p class='ocr_par' dir='ltr' id='par_1_20' title="bbox 212 2708 757 2749">
     <span class='ocr_line' id='line_1_55' title="bbox 212 2708 757 2749; baseline 0.006 -11"><span class='ocrx_word' id='word_1_351' title='bbox 212 2708 359 2749; x_wconf 87' lang='lat' dir='ltr'>Equitare</span> <span class='ocrx_word' id='word_1_352' title='bbox 373 2710 485 2746; x_wconf 85' lang='lat' dir='ltr'>xxxvii,</span> <span class='ocrx_word' id='word_1_353' title='bbox 501 2713 533 2746; x_wconf 87' lang='grc'>2,</span> <span class='ocrx_word' id='word_1_354' title='bbox 548 2713 578 2741; x_wconf 83' lang='lat'>4.</span> <span class='ocrx_word' id='word_1_355' title='bbox 602 2711 675 2747; x_wconf 83' lang='lat' dir='ltr'>xliv,</span> <span class='ocrx_word' id='word_1_356' title='bbox 691 2712 722 2745; x_wconf 88' lang='grc'>2,</span> <span class='ocrx_word' id='word_1_357' title='bbox 739 2714 757 2741; x_wconf 90' lang='grc'><strong>5</strong></span> 
     </span>
    </p>

    <p class='ocr_par' dir='ltr' id='par_1_21' title="bbox 170 2751 865 2831">
     <span class='ocr_line' id='line_1_56' title="bbox 211 2751 865 2794; baseline 0.002 -13"><span class='ocrx_word' id='word_1_358' title='bbox 211 2751 390 2792; x_wconf 86' lang='lat' dir='ltr'>Equitatum</span> <span class='ocrx_word' id='word_1_359' title='bbox 408 2752 509 2783; x_wconf 88' lang='lat' dir='ltr'>delere</span> <span class='ocrx_word' id='word_1_360' title='bbox 525 2753 588 2790; x_wconf 87' lang='lat' dir='ltr'>xiii,</span> <span class='ocrx_word' id='word_1_361' title='bbox 604 2756 634 2789; x_wconf 88' lang='lat'>3,</span> <span class='ocrx_word' id='word_1_362' title='bbox 651 2756 671 2785; x_wconf 89' lang='grc'><strong>4</strong></span> <span class='ocrx_word' id='word_1_363' title='bbox 694 2763 763 2783; x_wconf 88' lang='lat' dir='ltr'>cum</span> <span class='ocrx_word' id='word_1_364' title='bbox 779 2752 865 2794; x_wconf 88' lang='lat' dir='ltr'>equi-</span> 
     </span>
     <span class='ocr_line' id='line_1_57' title="bbox 170 2794 519 2831; baseline 0.009 -7"><span class='ocrx_word' id='word_1_365' title='bbox 170 2799 235 2824; x_wconf 87' lang='lat' dir='ltr'>tatu</span> <span class='ocrx_word' id='word_1_366' title='bbox 251 2795 368 2831; x_wconf 77' lang='lat' dir='ltr'>ingenti</span> <span class='ocrx_word' id='word_1_367' title='bbox 382 2794 415 2831; x_wconf 93' lang='lat' dir='ltr'>ii,</span> <span class='ocrx_word' id='word_1_368' title='bbox 430 2798 461 2830; x_wconf 88' lang='lat'>4,</span> <span class='ocrx_word' id='word_1_369' title='bbox 477 2798 519 2826; x_wconf 85' lang='grc'>28</span> 
     </span>
    </p>

    <p class='ocr_par' dir='ltr' id='par_1_22' title="bbox 168 2836 865 2962">
     <span class='ocr_line' id='line_1_58' title="bbox 211 2836 865 2878; baseline 0 -12"><span class='ocrx_word' id='word_1_370' title='bbox 211 2836 340 2876; x_wconf 85' lang='lat' dir='ltr'>Equites</span> <span class='ocrx_word' id='word_1_371' title='bbox 355 2839 436 2878; x_wconf 82' lang='lat' dir='ltr'>sugae</span> <span class='ocrx_word' id='word_1_372' title='bbox 451 2837 578 2868; x_wconf 86' lang='lat' dir='ltr'>comites</span> <span class='ocrx_word' id='word_1_373' title='bbox 600 2848 670 2873; x_wconf 78' lang='lat' dir='ltr'>xxV,</span> <span class='ocrx_word' id='word_1_374' title='bbox 681 2840 711 2871; x_wconf 82' lang='lat'>3,</span> <span class='ocrx_word' id='word_1_375' title='bbox 725 2840 744 2868; x_wconf 88' lang='grc'>7</span> <span class='ocrx_word' id='word_1_376' title='bbox 770 2837 865 2867; x_wconf 85' lang='lat' dir='ltr'>Thes-</span> 
     </span>
     <span class='ocr_line' id='line_1_59' title="bbox 168 2878 865 2921; baseline 0.003 -13"><span class='ocrx_word' id='word_1_377' title='bbox 168 2878 298 2908; x_wconf 83' lang='lat' dir='ltr'>salorum</span> <span class='ocrx_word' id='word_1_378' title='bbox 312 2879 449 2920; x_wconf 82' lang='lat' dir='ltr'>equitum</span> <span class='ocrx_word' id='word_1_379' title='bbox 463 2881 554 2911; x_wconf 90' lang='lat' dir='ltr'>robur</span> <span class='ocrx_word' id='word_1_380' title='bbox 576 2880 627 2917; x_wconf 89' lang='lat' dir='ltr'>vii,</span> <span class='ocrx_word' id='word_1_381' title='bbox 638 2883 669 2918; x_wconf 86' lang='lat'>6,</span> <span class='ocrx_word' id='word_1_382' title='bbox 682 2883 701 2912; x_wconf 89' lang='grc'>8</span> <span class='ocrx_word' id='word_1_383' title='bbox 727 2880 865 2921; x_wconf 85' lang='lat' dir='ltr'>equitum</span> 
     </span>
     <span class='ocr_line' id='line_1_60' title="bbox 168 2922 438 2962; baseline 0.007 -10"><span class='ocrx_word' id='word_1_384' title='bbox 168 2931 277 2962; x_wconf 88' lang='lat' dir='ltr'>corpus</span> <span class='ocrx_word' id='word_1_385' title='bbox 303 2922 356 2959; x_wconf 82' lang='lat' dir='ltr'>vii,</span> <span class='ocrx_word' id='word_1_386' title='bbox 370 2925 403 2960; x_wconf 88' lang='grc'>6,</span> <span class='ocrx_word' id='word_1_387' title='bbox 417 2925 438 2954; x_wconf 84' lang='grc'><strong>9</strong></span> 
     </span>
    </p>
   </div>
   <div class='ocr_carea' id='block_1_3' title="bbox 1539 357 1617 398">
    <p class='ocr_par' dir='ltr' id='par_1_23' title="bbox 1539 357 1617 398">
     <span class='ocr_line' id='line_1_61' title="bbox 1539 357 1617 398; baseline 0 0"><span class='ocrx_word' id='word_1_388' title='bbox 1539 357 1617 398; x_wconf 85' lang='lat' dir='ltr'>xlv</span> 
     </span>
    </p>
   </div>
   <div class='ocr_carea' id='block_1_4' title="bbox 914 460 1621 2963">
    <p class='ocr_par' dir='ltr' id='par_1_24' title="bbox 917 460 1620 964">
     <span class='ocr_line' id='line_1_62' title="bbox 961 460 1619 505; baseline 0 -11"><span class='ocrx_word' id='word_1_389' title='bbox 961 463 1068 504; x_wconf 83' lang='lat' dir='ltr'>Equus</span> <span class='ocrx_word' id='word_1_390' title='bbox 1112 460 1252 504; x_wconf 86' lang='lat' dir='ltr'>Philippi</span> <span class='ocrx_word' id='word_1_391' title='bbox 1299 472 1353 504; x_wconf 88' lang='lat' dir='ltr'>per</span> <span class='ocrx_word' id='word_1_392' title='bbox 1398 473 1509 505; x_wconf 81' lang='lat' dir='ltr'>corpus</span> <span class='ocrx_word' id='word_1_393' title='bbox 1551 464 1619 504; x_wconf 80' lang='lat' dir='ltr'>ejus</span> 
     </span>
     <span class='ocr_line' id='line_1_63' title="bbox 918 504 1618 542; baseline 0.001 -5"><span class='ocrx_word' id='word_1_394' title='bbox 918 505 1099 537; x_wconf 88' lang='lat' dir='ltr'>interficitur</span> <span class='ocrx_word' id='word_1_395' title='bbox 1120 504 1162 541; x_wconf 86' lang='lat' dir='ltr'>ix,</span> <span class='ocrx_word' id='word_1_396' title='bbox 1179 508 1209 541; x_wconf 86' lang='lat'>3,</span> <span class='ocrx_word' id='word_1_397' title='bbox 1225 508 1245 536; x_wconf 84' lang='grc'>2</span> <span class='ocrx_word' id='word_1_398' title='bbox 1268 504 1437 536; x_wconf 87' lang='lat' dir='ltr'>Alexandri</span> <span class='ocrx_word' id='word_1_399' title='bbox 1469 506 1521 542; x_wconf 80' lang='lat' dir='ltr'>xii,</span> <span class='ocrx_word' id='word_1_400' title='bbox 1545 510 1576 542; x_wconf 88' lang='lat'>8,</span> <span class='ocrx_word' id='word_1_401' title='bbox 1598 509 1618 538; x_wconf 76' lang='lat'>4</span> 
     </span>
     <span class='ocr_line' id='line_1_64' title="bbox 919 548 1620 589; baseline 0 -10"><span class='ocrx_word' id='word_1_402' title='bbox 919 548 986 589; x_wconf 88' lang='lat' dir='ltr'>ejus</span> <span class='ocrx_word' id='word_1_403' title='bbox 1001 548 1141 579; x_wconf 86' lang='lat' dir='ltr'>celeritas</span> <span class='ocrx_word' id='word_1_404' title='bbox 1163 558 1212 582; x_wconf 84' lang='lat' dir='ltr'>xv,</span> <span class='ocrx_word' id='word_1_405' title='bbox 1229 551 1260 583; x_wconf 82' lang='lat'>3,</span> <span class='ocrx_word' id='word_1_406' title='bbox 1276 551 1314 579; x_wconf 92' lang='lat'>11</span> <span class='ocrx_word' id='word_1_407' title='bbox 1339 559 1376 579; x_wconf 87' lang='lat' dir='ltr'>ex</span> <span class='ocrx_word' id='word_1_408' title='bbox 1402 549 1470 589; x_wconf 85' lang='lat' dir='ltr'>ejus</span> <span class='ocrx_word' id='word_1_409' title='bbox 1496 550 1620 579; x_wconf 90' lang='lat' dir='ltr'>nomine</span> 
     </span>
     <span class='ocr_line' id='line_1_65' title="bbox 918 589 1620 631; baseline 0 -10"><span class='ocrx_word' id='word_1_410' title='bbox 918 591 989 621; x_wconf 88' lang='lat' dir='ltr'>urbs</span> <span class='ocrx_word' id='word_1_411' title='bbox 1014 590 1158 621; x_wconf 88' lang='lat' dir='ltr'>conditur</span> <span class='ocrx_word' id='word_1_412' title='bbox 1179 589 1231 626; x_wconf 81' lang='lat' dir='ltr'>xii,</span> <span class='ocrx_word' id='word_1_413' title='bbox 1248 593 1280 626; x_wconf 88' lang='grc'>8,</span> <span class='ocrx_word' id='word_1_414' title='bbox 1295 593 1315 621; x_wconf 84' lang='grc'>8</span> <span class='ocrx_word' id='word_1_415' title='bbox 1349 601 1446 631; x_wconf 89' lang='lat' dir='ltr'>equus</span> <span class='ocrx_word' id='word_1_416' title='bbox 1469 591 1620 631; x_wconf 77' lang='lat' dir='ltr'>Trojanus</span> 
     </span>
     <span class='ocr_line' id='line_1_66' title="bbox 918 632 1620 672; baseline 0.006 -12"><span class='ocrx_word' id='word_1_417' title='bbox 918 643 968 668; x_wconf 85' lang='lat' dir='ltr'>xx,</span> <span class='ocrx_word' id='word_1_418' title='bbox 984 635 1016 669; x_wconf 87' lang='grc'>2,</span> <span class='ocrx_word' id='word_1_419' title='bbox 1033 636 1050 664; x_wconf 91' lang='grc'>1</span> <span class='ocrx_word' id='word_1_420' title='bbox 1075 642 1156 672; x_wconf 88' lang='lat' dir='ltr'>equo</span> <span class='ocrx_word' id='word_1_421' title='bbox 1171 632 1266 662; x_wconf 78' lang='lat' dir='ltr'>feroci</span> <span class='ocrx_word' id='word_1_422' title='bbox 1281 632 1480 664; x_wconf 84' lang='lat' dir='ltr'>Mithridates</span> <span class='ocrx_word' id='word_1_423' title='bbox 1495 644 1513 663; x_wconf 87' lang='lat' dir='ltr'>a</span> <span class='ocrx_word' id='word_1_424' title='bbox 1537 639 1620 664; x_wconf 89' lang='lat' dir='ltr'>tuto-</span> 
     </span>
     <span class='ocr_line' id='line_1_67' title="bbox 917 674 1619 716; baseline 0.003 -12"><span class='ocrx_word' id='word_1_425' title='bbox 917 674 1001 704; x_wconf 89' lang='lat' dir='ltr'>ribus</span> <span class='ocrx_word' id='word_1_426' title='bbox 1030 674 1197 714; x_wconf 88' lang='lat' dir='ltr'>imponitur</span> <span class='ocrx_word' id='word_1_427' title='bbox 1232 675 1345 710; x_wconf 85' lang='lat' dir='ltr'>xxxvii,</span> <span class='ocrx_word' id='word_1_428' title='bbox 1361 678 1393 711; x_wconf 92' lang='grc'>2,</span> <span class='ocrx_word' id='word_1_429' title='bbox 1413 680 1434 708; x_wconf 86' lang='grc'>4</span> <span class='ocrx_word' id='word_1_430' title='bbox 1470 686 1619 716; x_wconf 89' lang='lat' dir='ltr'>equorum</span> 
     </span>
     <span class='ocr_line' id='line_1_68' title="bbox 919 716 1620 758; baseline 0.001 -12"><span class='ocrx_word' id='word_1_431' title='bbox 919 727 990 746; x_wconf 90' lang='lat' dir='ltr'>usus</span> <span class='ocrx_word' id='word_1_432' title='bbox 1006 716 1127 746; x_wconf 85' lang='lat' dir='ltr'>Parthis</span> <span class='ocrx_word' id='word_1_433' title='bbox 1142 716 1281 746; x_wconf 89' lang='lat' dir='ltr'>assiduus</span> <span class='ocrx_word' id='word_1_434' title='bbox 1304 717 1356 753; x_wconf 87' lang='lat' dir='ltr'>xli,</span> <span class='ocrx_word' id='word_1_435' title='bbox 1372 721 1404 753; x_wconf 81' lang='lat'>3,</span> <span class='ocrx_word' id='word_1_436' title='bbox 1419 721 1440 749; x_wconf 86' lang='grc'>4</span> <span class='ocrx_word' id='word_1_437' title='bbox 1471 728 1620 758; x_wconf 83' lang='lat' dir='ltr'>equorum</span> 
     </span>
     <span class='ocr_line' id='line_1_69' title="bbox 918 758 1620 800; baseline 0.003 -12"><span class='ocrx_word' id='word_1_438' title='bbox 918 759 950 788; x_wconf 89' lang='lat' dir='ltr'>in</span> <span class='ocrx_word' id='word_1_439' title='bbox 966 758 1120 799; x_wconf 87' lang='lat' dir='ltr'>Hispania</span> <span class='ocrx_word' id='word_1_440' title='bbox 1135 759 1225 798; x_wconf 88' lang='lat' dir='ltr'>copia</span> <span class='ocrx_word' id='word_1_441' title='bbox 1247 759 1320 795; x_wconf 75' lang='lat' dir='ltr'>xliv,</span> <span class='ocrx_word' id='word_1_442' title='bbox 1338 762 1369 796; x_wconf 94' lang='lat' dir='ltr'>l,</span> <span class='ocrx_word' id='word_1_443' title='bbox 1390 763 1409 790; x_wconf 88' lang='grc'><strong>7</strong></span> <span class='ocrx_word' id='word_1_444' title='bbox 1443 761 1620 800; x_wconf 61' lang='lat' dir='ltr'>praestantia</span> 
     </span>
     <span class='ocr_line' id='line_1_70' title="bbox 918 801 1619 842; baseline 0.004 -12"><span class='ocrx_word' id='word_1_445' title='bbox 918 801 990 837; x_wconf 79' lang='lat' dir='ltr'>xliv,</span> <span class='ocrx_word' id='word_1_446' title='bbox 1006 803 1038 837; x_wconf 90' lang='grc'>4,</span> <span class='ocrx_word' id='word_1_447' title='bbox 1052 804 1072 832; x_wconf 90' lang='grc'>2</span> <span class='ocrx_word' id='word_1_448' title='bbox 1095 801 1167 841; x_wconf 89' lang='lat' dir='ltr'>equi</span> <span class='ocrx_word' id='word_1_449' title='bbox 1179 811 1215 831; x_wconf 88' lang='lat' dir='ltr'>ex</span> <span class='ocrx_word' id='word_1_450' title='bbox 1228 806 1321 831; x_wconf 88' lang='lat' dir='ltr'>vento</span> <span class='ocrx_word' id='word_1_451' title='bbox 1334 803 1479 842; x_wconf 90' lang='lat' dir='ltr'>concepti</span> <span class='ocrx_word' id='word_1_452' title='bbox 1501 803 1574 838; x_wconf 82' lang='lat' dir='ltr'>xliv,</span> <span class='ocrx_word' id='word_1_453' title='bbox 1587 806 1619 838; x_wconf 82' lang='lat'>3,</span> 
     </span>
     <span class='ocr_line' id='line_1_71' title="bbox 918 843 1618 884; baseline 0.001 -9"><span class='ocrx_word' id='word_1_454' title='bbox 918 846 935 875; x_wconf 90' lang='lat'>1</span> <span class='ocrx_word' id='word_1_455' title='bbox 961 853 1058 884; x_wconf 92' lang='lat' dir='ltr'>equus</span> <span class='ocrx_word' id='word_1_456' title='bbox 1073 843 1138 873; x_wconf 88' lang='lat' dir='ltr'>Soli</span> <span class='ocrx_word' id='word_1_457' title='bbox 1153 853 1239 874; x_wconf 90' lang='lat' dir='ltr'>sacer</span> <span class='ocrx_word' id='word_1_458' title='bbox 1252 844 1335 881; x_wconf 90' lang='lat' dir='ltr'>apud</span> <span class='ocrx_word' id='word_1_459' title='bbox 1361 844 1469 874; x_wconf 89' lang='lat' dir='ltr'>Persas</span> <span class='ocrx_word' id='word_1_460' title='bbox 1492 845 1514 880; x_wconf 91' lang='lat' dir='ltr'>i,</span> <span class='ocrx_word' id='word_1_461' title='bbox 1532 848 1583 880; x_wconf 91' lang='grc'>10,</span> <span class='ocrx_word' id='word_1_462' title='bbox 1600 849 1618 876; x_wconf 88' lang='grc'><strong>5</strong></span> 
     </span>
     <span class='ocr_line' id='line_1_72' title="bbox 917 885 1619 928; baseline 0.001 -12"><span class='ocrx_word' id='word_1_463' title='bbox 917 885 988 926; x_wconf 90' lang='lat' dir='ltr'>equi</span> <span class='ocrx_word' id='word_1_464' title='bbox 1013 890 1108 926; x_wconf 88' lang='lat' dir='ltr'>caput</span> <span class='ocrx_word' id='word_1_465' title='bbox 1130 885 1162 915; x_wconf 89' lang='lat' dir='ltr'>in</span> <span class='ocrx_word' id='word_1_466' title='bbox 1187 886 1397 917; x_wconf 84' lang='lat' dir='ltr'>fundamentis</span> <span class='ocrx_word' id='word_1_467' title='bbox 1424 887 1619 928; x_wconf 80' lang='lat' dir='ltr'>Carthaginis</span> 
     </span>
     <span class='ocr_line' id='line_1_73' title="bbox 917 927 1286 964; baseline 0.003 -6"><span class='ocrx_word' id='word_1_468' title='bbox 917 927 1076 958; x_wconf 87' lang='lat' dir='ltr'>inventurn</span> <span class='ocrx_word' id='word_1_469' title='bbox 1099 927 1184 964; x_wconf 87' lang='lat' dir='ltr'>xviii,</span> <span class='ocrx_word' id='word_1_470' title='bbox 1198 932 1230 964; x_wconf 90' lang='lat'>5,</span> <span class='ocrx_word' id='word_1_471' title='bbox 1247 931 1286 959; x_wconf 89' lang='lat'>15</span> 
     </span>
    </p>

    <p class='ocr_par' dir='ltr' id='par_1_25' title="bbox 959 969 1319 1006">
     <span class='ocr_line' id='line_1_74' title="bbox 959 969 1319 1006; baseline 0.008 -7"><span class='ocrx_word' id='word_1_472' title='bbox 959 969 1053 1000; x_wconf 89' lang='lat' dir='ltr'>Erasa</span> <span class='ocrx_word' id='word_1_473' title='bbox 1067 981 1137 1001; x_wconf 89' lang='lat' dir='ltr'>cera</span> <span class='ocrx_word' id='word_1_474' title='bbox 1159 970 1192 1006; x_wconf 91' lang='lat' dir='ltr'>ii,</span> <span class='ocrx_word' id='word_1_475' title='bbox 1210 974 1261 1006; x_wconf 93' lang='grc'>10,</span> <span class='ocrx_word' id='word_1_476' title='bbox 1278 973 1319 1002; x_wconf 88' lang='grc'><strong>17</strong></span> 
     </span>
    </p>

    <p class='ocr_par' dir='ltr' id='par_1_26' title="bbox 961 1012 1618 1049">
     <span class='ocr_line' id='line_1_75' title="bbox 961 1012 1618 1049; baseline 0.005 -7"><span class='ocrx_word' id='word_1_477' title='bbox 961 1012 1152 1043; x_wconf 85' lang='lat' dir='ltr'>Erechtheus</span> <span class='ocrx_word' id='word_1_478' title='bbox 1163 1012 1400 1043; x_wconf 82' lang='lat' dir='ltr'>Atheniensium</span> <span class='ocrx_word' id='word_1_479' title='bbox 1413 1024 1464 1044; x_wconf 88' lang='lat' dir='ltr'>rex</span> <span class='ocrx_word' id='word_1_480' title='bbox 1479 1013 1514 1049; x_wconf 88' lang='lat' dir='ltr'>ii,</span> <span class='ocrx_word' id='word_1_481' title='bbox 1530 1017 1562 1049; x_wconf 90' lang='grc'>6,</span> <span class='ocrx_word' id='word_1_482' title='bbox 1577 1017 1618 1045; x_wconf 90' lang='grc'>12</span> 
     </span>
    </p>

    <p class='ocr_par' dir='ltr' id='par_1_27' title="bbox 917 1054 1621 1138">
     <span class='ocr_line' id='line_1_76' title="bbox 961 1054 1621 1097; baseline 0.005 -13"><span class='ocrx_word' id='word_1_483' title='bbox 961 1054 1154 1094; x_wconf 87' lang='lat' dir='ltr'>Ergastulum</span> <span class='ocrx_word' id='word_1_484' title='bbox 1178 1056 1200 1090; x_wconf 89' lang='lat' dir='ltr'>i.</span> <span class='ocrx_word' id='word_1_485' title='bbox 1215 1059 1247 1091; x_wconf 88' lang='lat'>6,</span> <span class='ocrx_word' id='word_1_486' title='bbox 1262 1058 1282 1086; x_wconf 88' lang='lat'>2</span> <span class='ocrx_word' id='word_1_487' title='bbox 1305 1055 1394 1096; x_wconf 90' lang='lat' dir='ltr'>(vide</span> <span class='ocrx_word' id='word_1_488' title='bbox 1418 1056 1503 1097; x_wconf 86' lang='lat' dir='ltr'>Lips.</span> <span class='ocrx_word' id='word_1_489' title='bbox 1519 1056 1621 1088; x_wconf 87' lang='lat' dir='ltr'>Elect.</span> 
     </span>
     <span class='ocr_line' id='line_1_77' title="bbox 917 1095 1380 1138; baseline 0.002 -11"><span class='ocrx_word' id='word_1_490' title='bbox 917 1095 960 1132; x_wconf 86' lang='lat' dir='ltr'>xi,</span> <span class='ocrx_word' id='word_1_491' title='bbox 977 1100 1028 1128; x_wconf 87' lang='grc'><strong>15.</strong></span> <span class='ocrx_word' id='word_1_492' title='bbox 1051 1108 1121 1138; x_wconf 83' lang='lat' dir='ltr'>pag.</span> <span class='ocrx_word' id='word_1_493' title='bbox 1138 1097 1220 1138; x_wconf 87' lang='lat'><em>483)</em></span> <span class='ocrx_word' id='word_1_494' title='bbox 1243 1098 1380 1129; x_wconf 77' lang='lat' dir='ltr'>Freinsh-</span> 
     </span>
    </p>

    <p class='ocr_par' dir='ltr' id='par_1_28' title="bbox 917 1138 1619 1473">
     <span class='ocr_line' id='line_1_78' title="bbox 960 1138 1618 1180; baseline 0.003 -11"><span class='ocrx_word' id='word_1_495' title='bbox 960 1138 1085 1180; x_wconf 83' lang='lat' dir='ltr'>Erigere</span> <span class='ocrx_word' id='word_1_496' title='bbox 1101 1151 1133 1170; x_wconf 90' lang='lat' dir='ltr'>se</span> <span class='ocrx_word' id='word_1_497' title='bbox 1149 1141 1187 1170; x_wconf 92' lang='lat' dir='ltr'>ad</span> <span class='ocrx_word' id='word_1_498' title='bbox 1203 1151 1289 1180; x_wconf 88' lang='lat' dir='ltr'>spem</span> <span class='ocrx_word' id='word_1_499' title='bbox 1311 1140 1459 1171; x_wconf 86' lang='lat' dir='ltr'>libertatis</span> <span class='ocrx_word' id='word_1_500' title='bbox 1492 1140 1534 1177; x_wconf 87' lang='lat' dir='ltr'>xi,</span> <span class='ocrx_word' id='word_1_501' title='bbox 1551 1143 1581 1177; x_wconf 87' lang='lat'>1,</span> <span class='ocrx_word' id='word_1_502' title='bbox 1598 1144 1618 1172; x_wconf 91' lang='grc'>2</span> 
     </span>
     <span class='ocr_line' id='line_1_79' title="bbox 917 1180 1617 1223; baseline 0.001 -11"><span class='ocrx_word' id='word_1_503' title='bbox 917 1180 993 1221; x_wconf 84' lang='lat' dir='ltr'>erigi</span> <span class='ocrx_word' id='word_1_504' title='bbox 1007 1183 1047 1212; x_wconf 86' lang='lat' dir='ltr'>ad</span> <span class='ocrx_word' id='word_1_505' title='bbox 1063 1193 1149 1223; x_wconf 86' lang='lat' dir='ltr'>spem</span> <span class='ocrx_word' id='word_1_506' title='bbox 1164 1181 1283 1223; x_wconf 90' lang='lat' dir='ltr'>imperii</span> <span class='ocrx_word' id='word_1_507' title='bbox 1315 1182 1357 1219; x_wconf 90' lang='lat' dir='ltr'>vi,</span> <span class='ocrx_word' id='word_1_508' title='bbox 1381 1186 1413 1219; x_wconf 92' lang='grc'>4,</span> <span class='ocrx_word' id='word_1_509' title='bbox 1436 1186 1456 1214; x_wconf 93' lang='grc'>4</span> <span class='ocrx_word' id='word_1_510' title='bbox 1487 1184 1617 1214; x_wconf 81' lang='lat' dir='ltr'>fortunae</span> 
     </span>
     <span class='ocr_line' id='line_1_80' title="bbox 917 1224 1619 1265; baseline 0.003 -12"><span class='ocrx_word' id='word_1_511' title='bbox 917 1224 1024 1265; x_wconf 87' lang='lat' dir='ltr'>prioris</span> <span class='ocrx_word' id='word_1_512' title='bbox 1045 1235 1076 1261; x_wconf 93' lang='lat' dir='ltr'>v,</span> <span class='ocrx_word' id='word_1_513' title='bbox 1092 1229 1124 1261; x_wconf 92' lang='lat'>5,</span> <span class='ocrx_word' id='word_1_514' title='bbox 1141 1228 1156 1256; x_wconf 86' lang='lat'>1</span> <span class='ocrx_word' id='word_1_515' title='bbox 1191 1225 1339 1256; x_wconf 87' lang='lat' dir='ltr'>libertatis</span> <span class='ocrx_word' id='word_1_516' title='bbox 1370 1225 1411 1261; x_wconf 86' lang='lat' dir='ltr'>xi,</span> <span class='ocrx_word' id='word_1_517' title='bbox 1428 1229 1458 1262; x_wconf 91' lang='lat'>1,</span> <span class='ocrx_word' id='word_1_518' title='bbox 1474 1229 1506 1257; x_wconf 92' lang='grc'>2.</span> <span class='ocrx_word' id='word_1_519' title='bbox 1538 1225 1619 1261; x_wconf 85' lang='lat' dir='ltr'>xxiv,</span> 
     </span>
     <span class='ocr_line' id='line_1_81' title="bbox 919 1267 1618 1307; baseline 0.001 -10"><span class='ocrx_word' id='word_1_520' title='bbox 919 1270 949 1301; x_wconf 92' lang='grc'>1,</span> <span class='ocrx_word' id='word_1_521' title='bbox 965 1269 984 1298; x_wconf 84' lang='lat'><em>3</em></span> <span class='ocrx_word' id='word_1_522' title='bbox 1008 1267 1118 1307; x_wconf 90' lang='lat' dir='ltr'>quibus</span> <span class='ocrx_word' id='word_1_523' title='bbox 1133 1267 1223 1298; x_wconf 87' lang='lat' dir='ltr'>rebus</span> <span class='ocrx_word' id='word_1_524' title='bbox 1249 1273 1368 1298; x_wconf 87' lang='lat' dir='ltr'>erectus</span> <span class='ocrx_word' id='word_1_525' title='bbox 1399 1268 1439 1304; x_wconf 88' lang='lat' dir='ltr'>xi,</span> <span class='ocrx_word' id='word_1_526' title='bbox 1456 1271 1487 1304; x_wconf 88' lang='grc'>2,</span> <span class='ocrx_word' id='word_1_527' title='bbox 1503 1272 1522 1299; x_wconf 89' lang='grc'><strong>5</strong></span> <span class='ocrx_word' id='word_1_528' title='bbox 1560 1269 1618 1298; x_wconf 89' lang='lat' dir='ltr'>eri-</span> 
     </span>
     <span class='ocr_line' id='line_1_82' title="bbox 917 1309 1618 1349; baseline 0.004 -11"><span class='ocrx_word' id='word_1_529' title='bbox 917 1315 1031 1349; x_wconf 85' lang='lat' dir='ltr'>guntur</span> <span class='ocrx_word' id='word_1_530' title='bbox 1065 1309 1158 1339; x_wconf 89' lang='lat' dir='ltr'>animi</span> <span class='ocrx_word' id='word_1_531' title='bbox 1189 1310 1320 1340; x_wconf 90' lang='lat' dir='ltr'>militum</span> <span class='ocrx_word' id='word_1_532' title='bbox 1355 1311 1618 1341; x_wconf 85' lang='lat' dir='ltr'>adhortationibus</span> 
     </span>
     <span class='ocr_line' id='line_1_83' title="bbox 917 1351 1618 1394; baseline 0.006 -14"><span class='ocrx_word' id='word_1_533' title='bbox 917 1351 989 1387; x_wconf 84' lang='lat' dir='ltr'>xxii,</span> <span class='ocrx_word' id='word_1_534' title='bbox 1005 1355 1037 1387; x_wconf 90' lang='grc'>6,</span> <span class='ocrx_word' id='word_1_535' title='bbox 1056 1355 1071 1383; x_wconf 94' lang='grc'>1</span> <span class='ocrx_word' id='word_1_536' title='bbox 1096 1352 1169 1393; x_wconf 85' lang='lat' dir='ltr'>erigi</span> <span class='ocrx_word' id='word_1_537' title='bbox 1198 1351 1324 1383; x_wconf 88' lang='lat' dir='ltr'>victoria</span> <span class='ocrx_word' id='word_1_538' title='bbox 1346 1353 1430 1388; x_wconf 88' lang='lat' dir='ltr'>xxiii,</span> <span class='ocrx_word' id='word_1_539' title='bbox 1446 1356 1477 1389; x_wconf 89' lang='grc'>1,</span> <span class='ocrx_word' id='word_1_540' title='bbox 1496 1357 1535 1385; x_wconf 87' lang='grc'>14</span> <span class='ocrx_word' id='word_1_541' title='bbox 1563 1364 1618 1394; x_wconf 81' lang='lat' dir='ltr'>spe</span> 
     </span>
     <span class='ocr_line' id='line_1_84' title="bbox 917 1393 1618 1434; baseline 0.004 -11"><span class='ocrx_word' id='word_1_542' title='bbox 917 1393 1052 1434; x_wconf 76' lang='lat' dir='ltr'>pristinae</span> <span class='ocrx_word' id='word_1_543' title='bbox 1081 1394 1229 1425; x_wconf 81' lang='lat' dir='ltr'>libertatis</span> <span class='ocrx_word' id='word_1_544' title='bbox 1257 1400 1358 1426; x_wconf 89' lang='lat' dir='ltr'>erecta</span> <span class='ocrx_word' id='word_1_545' title='bbox 1392 1395 1514 1426; x_wconf 90' lang='lat' dir='ltr'>Graecia</span> <span class='ocrx_word' id='word_1_546' title='bbox 1548 1408 1618 1433; x_wconf 79' lang='lat' dir='ltr'>xxx,</span> 
     </span>
     <span class='ocr_line' id='line_1_85' title="bbox 917 1439 979 1473; baseline 0 -6"><span class='ocrx_word' id='word_1_547' title='bbox 917 1439 949 1473; x_wconf 82' lang='grc'>3,</span> <span class='ocrx_word' id='word_1_548' title='bbox 960 1439 979 1467; x_wconf 87' lang='grc'><strong>7</strong></span> 
     </span>
    </p>

    <p class='ocr_par' dir='ltr' id='par_1_29' title="bbox 917 1478 1618 1685">
     <span class='ocr_line' id='line_1_86' title="bbox 959 1478 1618 1520; baseline 0.003 -12"><span class='ocrx_word' id='word_1_549' title='bbox 959 1478 1085 1519; x_wconf 89' lang='lat' dir='ltr'>Eripere</span> <span class='ocrx_word' id='word_1_550' title='bbox 1101 1479 1218 1520; x_wconf 84' lang='lat' dir='ltr'>populo</span> <span class='ocrx_word' id='word_1_551' title='bbox 1243 1479 1453 1511; x_wconf 86' lang='lat' dir='ltr'>conditionem</span> <span class='ocrx_word' id='word_1_552' title='bbox 1479 1480 1618 1510; x_wconf 86' lang='lat' dir='ltr'>servilem</span> 
     </span>
     <span class='ocr_line' id='line_1_87' title="bbox 918 1520 1617 1563; baseline 0.004 -14"><span class='ocrx_word' id='word_1_553' title='bbox 918 1520 958 1556; x_wconf 82' lang='lat' dir='ltr'>vi,</span> <span class='ocrx_word' id='word_1_554' title='bbox 975 1524 1006 1557; x_wconf 82' lang='lat'>3,</span> <span class='ocrx_word' id='word_1_555' title='bbox 1025 1524 1064 1552; x_wconf 87' lang='grc'>12</span> <span class='ocrx_word' id='word_1_556' title='bbox 1088 1522 1155 1562; x_wconf 85' lang='lat' dir='ltr'>(Ita</span> <span class='ocrx_word' id='word_1_557' title='bbox 1166 1532 1213 1552; x_wconf 87' lang='lat' dir='ltr'>res</span> <span class='ocrx_word' id='word_1_558' title='bbox 1229 1533 1352 1563; x_wconf 91' lang='lat' dir='ltr'>quoque</span> <span class='ocrx_word' id='word_1_559' title='bbox 1368 1523 1448 1553; x_wconf 86' lang='lat' dir='ltr'>mala</span> <span class='ocrx_word' id='word_1_560' title='bbox 1459 1522 1617 1553; x_wconf 87' lang='lat' dir='ltr'>etincom-</span> 
     </span>
     <span class='ocr_line' id='line_1_88' title="bbox 918 1564 1617 1606; baseline 0.003 -14"><span class='ocrx_word' id='word_1_561' title='bbox 918 1564 1010 1593; x_wconf 90' lang='lat' dir='ltr'>moda</span> <span class='ocrx_word' id='word_1_562' title='bbox 1048 1564 1123 1604; x_wconf 75' lang='lat' dir='ltr'>cripi</span> <span class='ocrx_word' id='word_1_563' title='bbox 1152 1564 1291 1605; x_wconf 88' lang='lat' dir='ltr'>dicitur).</span> <span class='ocrx_word' id='word_1_564' title='bbox 1314 1566 1430 1606; x_wconf 86' lang='lat' dir='ltr'>eripere</span> <span class='ocrx_word' id='word_1_565' title='bbox 1460 1565 1617 1595; x_wconf 85' lang='lat' dir='ltr'>victoriam</span> 
     </span>
     <span class='ocr_line' id='line_1_89' title="bbox 917 1606 1618 1649; baseline 0.003 -14"><span class='ocrx_word' id='word_1_566' title='bbox 917 1606 1056 1636; x_wconf 86' lang='lat' dir='ltr'>hostibus</span> <span class='ocrx_word' id='word_1_567' title='bbox 1080 1608 1120 1642; x_wconf 88' lang='lat' dir='ltr'>vi,</span> <span class='ocrx_word' id='word_1_568' title='bbox 1134 1609 1167 1642; x_wconf 88' lang='grc'>4,</span> <span class='ocrx_word' id='word_1_569' title='bbox 1185 1611 1223 1639; x_wconf 88' lang='grc'>13</span> <span class='ocrx_word' id='word_1_570' title='bbox 1248 1607 1350 1638; x_wconf 88' lang='lat' dir='ltr'>Vorst.</span> <span class='ocrx_word' id='word_1_571' title='bbox 1373 1608 1450 1649; x_wconf 89' lang='lat' dir='ltr'>eripi</span> <span class='ocrx_word' id='word_1_572' title='bbox 1475 1608 1618 1648; x_wconf 78' lang='lat' dir='ltr'>praesenti</span> 
     </span>
     <span class='ocr_line' id='line_1_90' title="bbox 918 1648 1460 1685; baseline 0.009 -8"><span class='ocrx_word' id='word_1_573' title='bbox 918 1648 1008 1678; x_wconf 86' lang='lat' dir='ltr'>morti</span> <span class='ocrx_word' id='word_1_574' title='bbox 1029 1648 1093 1685; x_wconf 83' lang='lat' dir='ltr'>xiii,</span> <span class='ocrx_word' id='word_1_575' title='bbox 1110 1652 1140 1685; x_wconf 92' lang='grc'>1,</span> <span class='ocrx_word' id='word_1_576' title='bbox 1157 1652 1177 1680; x_wconf 84' lang='lat'><em>3</em></span> <span class='ocrx_word' id='word_1_577' title='bbox 1456 1683 1460 1685; x_wconf 72' lang='grc'>,</span> 
     </span>
    </p>

    <p class='ocr_par' dir='ltr' id='par_1_30' title="bbox 917 1690 1618 1773">
     <span class='ocr_line' id='line_1_91' title="bbox 961 1690 1618 1733; baseline 0.003 -13"><span class='ocrx_word' id='word_1_578' title='bbox 961 1690 1116 1721; x_wconf 85' lang='lat' dir='ltr'>Erotimus</span> <span class='ocrx_word' id='word_1_579' title='bbox 1145 1690 1243 1722; x_wconf 87' lang='lat' dir='ltr'>Arabs</span> <span class='ocrx_word' id='word_1_580' title='bbox 1270 1692 1532 1733; x_wconf 85' lang='lat' dir='ltr'>septingentorum</span> <span class='ocrx_word' id='word_1_581' title='bbox 1559 1693 1618 1723; x_wconf 86' lang='lat' dir='ltr'>fili-</span> 
     </span>
     <span class='ocr_line' id='line_1_92' title="bbox 917 1734 1308 1773; baseline 0.01 -11"><span class='ocrx_word' id='word_1_582' title='bbox 917 1743 1002 1763; x_wconf 91' lang='lat' dir='ltr'>orum</span> <span class='ocrx_word' id='word_1_583' title='bbox 1019 1739 1106 1773; x_wconf 83' lang='lat' dir='ltr'>pater</span> <span class='ocrx_word' id='word_1_584' title='bbox 1127 1734 1226 1769; x_wconf 81' lang='lat' dir='ltr'>xxxix,</span> <span class='ocrx_word' id='word_1_585' title='bbox 1242 1738 1273 1770; x_wconf 89' lang='grc'>5,</span> <span class='ocrx_word' id='word_1_586' title='bbox 1288 1738 1308 1766; x_wconf 88' lang='grc'><strong>6</strong></span> 
     </span>
    </p>

    <p class='ocr_par' dir='ltr' id='par_1_31' title="bbox 960 1775 1616 1816">
     <span class='ocr_line' id='line_1_93' title="bbox 960 1775 1616 1816; baseline 0.005 -11"><span class='ocrx_word' id='word_1_587' title='bbox 960 1775 1066 1806; x_wconf 90' lang='lat' dir='ltr'>Errare</span> <span class='ocrx_word' id='word_1_588' title='bbox 1083 1786 1136 1816; x_wconf 88' lang='lat' dir='ltr'>per</span> <span class='ocrx_word' id='word_1_589' title='bbox 1151 1776 1282 1807; x_wconf 85' lang='lat' dir='ltr'>incultas</span> <span class='ocrx_word' id='word_1_590' title='bbox 1297 1776 1478 1807; x_wconf 89' lang='lat' dir='ltr'>solitudines</span> <span class='ocrx_word' id='word_1_591' title='bbox 1500 1777 1534 1813; x_wconf 90' lang='lat' dir='ltr'>ii,</span> <span class='ocrx_word' id='word_1_592' title='bbox 1548 1780 1581 1814; x_wconf 92' lang='grc'>2,</span> <span class='ocrx_word' id='word_1_593' title='bbox 1597 1780 1616 1808; x_wconf 81' lang='lat'><em>3</em></span> 
     </span>
    </p>

    <p class='ocr_par' dir='ltr' id='par_1_32' title="bbox 958 1818 1538 1855">
     <span class='ocr_line' id='line_1_94' title="bbox 958 1818 1538 1855; baseline 0.005 -8"><span class='ocrx_word' id='word_1_594' title='bbox 958 1818 1098 1848; x_wconf 83' lang='lat' dir='ltr'>Errorem</span> <span class='ocrx_word' id='word_1_595' title='bbox 1113 1819 1179 1849; x_wconf 87' lang='lat' dir='ltr'>dies</span> <span class='ocrx_word' id='word_1_596' title='bbox 1194 1819 1314 1849; x_wconf 86' lang='lat' dir='ltr'>finierat</span> <span class='ocrx_word' id='word_1_597' title='bbox 1335 1820 1434 1855; x_wconf 81' lang='lat' dir='ltr'>xxxvi,</span> <span class='ocrx_word' id='word_1_598' title='bbox 1450 1823 1481 1855; x_wconf 92' lang='grc'>2,</span> <span class='ocrx_word' id='word_1_599' title='bbox 1498 1823 1538 1850; x_wconf 80' lang='grc'>14</span> 
     </span>
    </p>

    <p class='ocr_par' dir='ltr' id='par_1_33' title="bbox 959 1860 1562 1898">
     <span class='ocr_line' id='line_1_95' title="bbox 959 1860 1562 1898; baseline 0.007 -8"><span class='ocrx_word' id='word_1_600' title='bbox 959 1860 1146 1891; x_wconf 89' lang='lat' dir='ltr'>Erubescere</span> <span class='ocrx_word' id='word_1_601' title='bbox 1161 1861 1336 1891; x_wconf 88' lang='lat' dir='ltr'>nominibus</span> <span class='ocrx_word' id='word_1_602' title='bbox 1358 1861 1482 1898; x_wconf 86' lang='lat' dir='ltr'>xxxviii,</span> <span class='ocrx_word' id='word_1_603' title='bbox 1497 1866 1529 1898; x_wconf 90' lang='grc'>6,</span> <span class='ocrx_word' id='word_1_604' title='bbox 1542 1865 1562 1894; x_wconf 86' lang='grc'><strong>7</strong></span> 
     </span>
    </p>

    <p class='ocr_par' dir='ltr' id='par_1_34' title="bbox 915 1902 1617 1981">
     <span class='ocr_line' id='line_1_96' title="bbox 959 1902 1617 1945; baseline 0.005 -13"><span class='ocrx_word' id='word_1_605' title='bbox 959 1902 1088 1933; x_wconf 85' lang='lat' dir='ltr'>Eructat</span> <span class='ocrx_word' id='word_1_606' title='bbox 1123 1903 1273 1941; x_wconf 84' lang='lat' dir='ltr'>flammas,</span> <span class='ocrx_word' id='word_1_607' title='bbox 1301 1915 1458 1945; x_wconf 84' lang='lat' dir='ltr'>vaporem,</span> <span class='ocrx_word' id='word_1_608' title='bbox 1487 1904 1617 1942; x_wconf 86' lang='lat' dir='ltr'>fumum,</span> 
     </span>
     <span class='ocr_line' id='line_1_97' title="bbox 915 1945 1167 1981; baseline 0.004 -6"><span class='ocrx_word' id='word_1_609' title='bbox 915 1945 1021 1976; x_wconf 90' lang='lat' dir='ltr'>Sicilia</span> <span class='ocrx_word' id='word_1_610' title='bbox 1043 1945 1084 1981; x_wconf 87' lang='lat' dir='ltr'>iv,</span> <span class='ocrx_word' id='word_1_611' title='bbox 1101 1948 1131 1981; x_wconf 93' lang='lat'>1,</span> <span class='ocrx_word' id='word_1_612' title='bbox 1147 1948 1167 1976; x_wconf 92' lang='grc'>4</span> 
     </span>
    </p>

    <p class='ocr_par' dir='ltr' id='par_1_35' title="bbox 914 1987 1617 2325">
     <span class='ocr_line' id='line_1_98' title="bbox 957 1987 1615 2025; baseline 0.006 -8"><span class='ocrx_word' id='word_1_613' title='bbox 957 1987 1077 2017; x_wconf 89' lang='lat' dir='ltr'>Erudiri</span> <span class='ocrx_word' id='word_1_614' title='bbox 1107 1987 1269 2018; x_wconf 86' lang='lat' dir='ltr'>virtutibus</span> <span class='ocrx_word' id='word_1_615' title='bbox 1298 1988 1427 2019; x_wconf 89' lang='lat' dir='ltr'>aliorum</span> <span class='ocrx_word' id='word_1_616' title='bbox 1462 1989 1504 2023; x_wconf 75' lang='lat' dir='ltr'>vi,</span> <span class='ocrx_word' id='word_1_617' title='bbox 1533 1992 1565 2025; x_wconf 84' lang='lat'>9,</span> <span class='ocrx_word' id='word_1_618' title='bbox 1595 1992 1615 2021; x_wconf 87' lang='grc'><strong>7</strong></span> 
     </span>
     <span class='ocr_line' id='line_1_99' title="bbox 916 2030 1617 2066; baseline 0.004 -7"><span class='ocrx_word' id='word_1_619' title='bbox 916 2031 1025 2060; x_wconf 83' lang='lat' dir='ltr'>studiis</span> <span class='ocrx_word' id='word_1_620' title='bbox 1053 2030 1205 2060; x_wconf 75' lang='lat' dir='ltr'>literarum</span> <span class='ocrx_word' id='word_1_621' title='bbox 1243 2031 1295 2066; x_wconf 86' lang='lat' dir='ltr'>xii,</span> <span class='ocrx_word' id='word_1_622' title='bbox 1312 2034 1364 2066; x_wconf 89' lang='grc'>16,</span> <span class='ocrx_word' id='word_1_623' title='bbox 1385 2034 1404 2062; x_wconf 87' lang='grc'><strong>7</strong></span> <span class='ocrx_word' id='word_1_624' title='bbox 1442 2032 1553 2062; x_wconf 87' lang='lat' dir='ltr'>erudiri</span> <span class='ocrx_word' id='word_1_625' title='bbox 1577 2033 1617 2062; x_wconf 90' lang='lat' dir='ltr'>ad</span> 
     </span>
     <span class='ocr_line' id='line_1_100' title="bbox 914 2073 1615 2114; baseline 0.007 -13"><span class='ocrx_word' id='word_1_626' title='bbox 914 2073 1057 2102; x_wconf 85' lang='lat' dir='ltr'>virtutem</span> <span class='ocrx_word' id='word_1_627' title='bbox 1088 2073 1249 2113; x_wconf 69' lang='lat' dir='ltr'>praeceptis</span> <span class='ocrx_word' id='word_1_628' title='bbox 1278 2073 1412 2114; x_wconf 84' lang='lat' dir='ltr'>magistri</span> <span class='ocrx_word' id='word_1_629' title='bbox 1448 2074 1510 2111; x_wconf 87' lang='lat' dir='ltr'>xvi,</span> <span class='ocrx_word' id='word_1_630' title='bbox 1526 2079 1558 2111; x_wconf 88' lang='grc'>5,</span> <span class='ocrx_word' id='word_1_631' title='bbox 1575 2077 1615 2106; x_wconf 83' lang='grc'>13</span> 
     </span>
     <span class='ocr_line' id='line_1_101' title="bbox 914 2115 1617 2157; baseline 0.003 -13"><span class='ocrx_word' id='word_1_632' title='bbox 914 2115 1075 2145; x_wconf 85' lang='lat' dir='ltr'>erudiendi</span> <span class='ocrx_word' id='word_1_633' title='bbox 1105 2116 1200 2155; x_wconf 82' lang='lat' dir='ltr'>gratia</span> <span class='ocrx_word' id='word_1_634' title='bbox 1228 2116 1378 2157; x_wconf 88' lang='lat' dir='ltr'>(passive,</span> <span class='ocrx_word' id='word_1_635' title='bbox 1406 2116 1466 2146; x_wconf 92' lang='lat' dir='ltr'>hoc</span> <span class='ocrx_word' id='word_1_636' title='bbox 1495 2122 1552 2152; x_wconf 84' lang='lat' dir='ltr'>est,</span> <span class='ocrx_word' id='word_1_637' title='bbox 1584 2122 1617 2146; x_wconf 91' lang='lat' dir='ltr'>ut</span> 
     </span>
     <span class='ocr_line' id='line_1_102' title="bbox 915 2156 1614 2200; baseline 0 -12"><span class='ocrx_word' id='word_1_638' title='bbox 915 2156 1100 2197; x_wconf 83' lang='lat' dir='ltr'>erudiretur)</span> <span class='ocrx_word' id='word_1_639' title='bbox 1116 2157 1189 2194; x_wconf 80' lang='lat' dir='ltr'>xvii,</span> <span class='ocrx_word' id='word_1_640' title='bbox 1204 2161 1236 2195; x_wconf 90' lang='grc'>3,</span> <span class='ocrx_word' id='word_1_641' title='bbox 1254 2162 1291 2190; x_wconf 96' lang='lat' dir='ltr'>ll</span> <span class='ocrx_word' id='word_1_642' title='bbox 1316 2159 1382 2200; x_wconf 81' lang='lat' dir='ltr'>(Ita</span> <span class='ocrx_word' id='word_1_643' title='bbox 1398 2159 1521 2189; x_wconf 83' lang='lat' dir='ltr'>Sallust.</span> <span class='ocrx_word' id='word_1_644' title='bbox 1542 2160 1614 2199; x_wconf 80' lang='lat' dir='ltr'>Jug.</span> 
     </span>
     <span class='ocr_line' id='line_1_103' title="bbox 915 2200 1616 2242; baseline 0 -11"><span class='ocrx_word' id='word_1_645' title='bbox 915 2203 969 2236; x_wconf 87' lang='grc'>62,</span> <span class='ocrx_word' id='word_1_646' title='bbox 985 2203 1017 2231; x_wconf 86' lang='grc'><strong>8.</strong></span> <span class='ocrx_word' id='word_1_647' title='bbox 1042 2205 1073 2230; x_wconf 89' lang='lat' dir='ltr'>et</span> <span class='ocrx_word' id='word_1_648' title='bbox 1096 2200 1137 2230; x_wconf 92' lang='lat' dir='ltr'>ibi</span> <span class='ocrx_word' id='word_1_649' title='bbox 1163 2206 1282 2237; x_wconf 85' lang='lat' dir='ltr'>notata,</span> <span class='ocrx_word' id='word_1_650' title='bbox 1303 2205 1312 2218; x_wconf 75' lang='lat'><strong><em>⁴</em></strong></span> <span class='ocrx_word' id='word_1_651' title='bbox 1325 2202 1363 2231; x_wconf 81' lang='lat' dir='ltr'>ad</span> <span class='ocrx_word' id='word_1_652' title='bbox 1380 2202 1616 2242; x_wconf 87' lang='lat' dir='ltr'>imperandum.&#39;</span> 
     </span>
     <span class='ocr_line' id='line_1_104' title="bbox 915 2242 1616 2286; baseline 0.003 -14"><span class='ocrx_word' id='word_1_653' title='bbox 915 2242 965 2272; x_wconf 88' lang='lat' dir='ltr'>Ita</span> <span class='ocrx_word' id='word_1_654' title='bbox 981 2247 989 2260; x_wconf 87' lang='lat'>‘</span> <span class='ocrx_word' id='word_1_655' title='bbox 1000 2242 1039 2272; x_wconf 92' lang='lat' dir='ltr'>ad</span> <span class='ocrx_word' id='word_1_656' title='bbox 1054 2243 1187 2273; x_wconf 80' lang='lat' dir='ltr'>fructum</span> <span class='ocrx_word' id='word_1_657' title='bbox 1212 2243 1409 2283; x_wconf 88' lang='lat' dir='ltr'>capiendum&#39;</span> <span class='ocrx_word' id='word_1_658' title='bbox 1436 2244 1469 2274; x_wconf 87' lang='lat' dir='ltr'>in</span> <span class='ocrx_word' id='word_1_659' title='bbox 1484 2244 1521 2275; x_wconf 86' lang='lat' dir='ltr'>L.</span> <span class='ocrx_word' id='word_1_660' title='bbox 1546 2254 1616 2286; x_wconf 88' lang='lat' dir='ltr'>pra-</span> 
     </span>
     <span class='ocr_line' id='line_1_105' title="bbox 915 2284 1362 2325; baseline 0.002 -10"><span class='ocrx_word' id='word_1_661' title='bbox 915 2291 979 2315; x_wconf 89' lang='lat' dir='ltr'>tum</span> <span class='ocrx_word' id='word_1_662' title='bbox 995 2284 1038 2314; x_wconf 87' lang='lat' dir='ltr'>D.</span> <span class='ocrx_word' id='word_1_663' title='bbox 1053 2285 1093 2314; x_wconf 90' lang='lat' dir='ltr'>de</span> <span class='ocrx_word' id='word_1_664' title='bbox 1109 2285 1147 2315; x_wconf 91' lang='lat' dir='ltr'>V.</span> <span class='ocrx_word' id='word_1_665' title='bbox 1160 2285 1209 2325; x_wconf 83' lang='lat' dir='ltr'>S.)</span> <span class='ocrx_word' id='word_1_666' title='bbox 1224 2286 1362 2316; x_wconf 76' lang='lat' dir='ltr'>Freinsh-</span> 
     </span>
    </p>

    <p class='ocr_par' dir='ltr' id='par_1_36' title="bbox 958 2326 1389 2364">
     <span class='ocr_line' id='line_1_106' title="bbox 958 2326 1389 2364; baseline 0.009 -8"><span class='ocrx_word' id='word_1_667' title='bbox 958 2326 1071 2357; x_wconf 88' lang='lat' dir='ltr'>Eruere</span> <span class='ocrx_word' id='word_1_668' title='bbox 1086 2328 1208 2357; x_wconf 84' lang='lat' dir='ltr'>oculum</span> <span class='ocrx_word' id='word_1_669' title='bbox 1230 2328 1285 2364; x_wconf 88' lang='lat' dir='ltr'>vii,</span> <span class='ocrx_word' id='word_1_670' title='bbox 1300 2331 1331 2364; x_wconf 88' lang='grc'>6,</span> <span class='ocrx_word' id='word_1_671' title='bbox 1348 2331 1389 2360; x_wconf 86' lang='grc'>14</span> 
     </span>
    </p>

    <p class='ocr_par' dir='ltr' id='par_1_37' title="bbox 959 2368 1421 2410">
     <span class='ocr_line' id='line_1_107' title="bbox 959 2368 1421 2410; baseline 0.006 -12"><span class='ocrx_word' id='word_1_672' title='bbox 959 2368 1127 2409; x_wconf 82' lang='lat' dir='ltr'>Erumpere</span> <span class='ocrx_word' id='word_1_673' title='bbox 1142 2370 1173 2399; x_wconf 92' lang='lat' dir='ltr'>in</span> <span class='ocrx_word' id='word_1_674' title='bbox 1185 2370 1288 2410; x_wconf 88' lang='lat' dir='ltr'>jurgia</span> <span class='ocrx_word' id='word_1_675' title='bbox 1309 2382 1339 2406; x_wconf 89' lang='lat' dir='ltr'>x,</span> <span class='ocrx_word' id='word_1_676' title='bbox 1354 2373 1386 2405; x_wconf 91' lang='grc'>2,</span> <span class='ocrx_word' id='word_1_677' title='bbox 1402 2373 1421 2401; x_wconf 90' lang='lat'><em>5</em></span> 
     </span>
    </p>

    <p class='ocr_par' dir='ltr' id='par_1_38' title="bbox 959 2411 1444 2451">
     <span class='ocr_line' id='line_1_108' title="bbox 959 2411 1444 2451; baseline 0.008 -11"><span class='ocrx_word' id='word_1_678' title='bbox 959 2411 1144 2451; x_wconf 86' lang='lat' dir='ltr'>Eruptiones</span> <span class='ocrx_word' id='word_1_679' title='bbox 1159 2413 1289 2442; x_wconf 88' lang='lat' dir='ltr'>assiduae</span> <span class='ocrx_word' id='word_1_680' title='bbox 1310 2412 1363 2448; x_wconf 87' lang='lat' dir='ltr'>xli,</span> <span class='ocrx_word' id='word_1_681' title='bbox 1376 2416 1408 2449; x_wconf 89' lang='grc'>6,</span> <span class='ocrx_word' id='word_1_682' title='bbox 1423 2415 1444 2444; x_wconf 91' lang='grc'>4</span> 
     </span>
    </p>

    <p class='ocr_par' dir='ltr' id='par_1_39' title="bbox 914 2453 1616 2963">
     <span class='ocr_line' id='line_1_109' title="bbox 960 2453 1615 2494; baseline 0.005 -11"><span class='ocrx_word' id='word_1_683' title='bbox 960 2453 1035 2484; x_wconf 88' lang='lat' dir='ltr'>Esse</span> <span class='ocrx_word' id='word_1_684' title='bbox 1050 2453 1213 2494; x_wconf 86' lang='lat' dir='ltr'>quaestioni</span> <span class='ocrx_word' id='word_1_685' title='bbox 1235 2454 1268 2490; x_wconf 91' lang='lat' dir='ltr'>ii,</span> <span class='ocrx_word' id='word_1_686' title='bbox 1296 2457 1348 2491; x_wconf 93' lang='lat'>10,</span> <span class='ocrx_word' id='word_1_687' title='bbox 1370 2458 1409 2486; x_wconf 92' lang='grc'>15</span> <span class='ocrx_word' id='word_1_688' title='bbox 1444 2456 1615 2486; x_wconf 87' lang='lat' dir='ltr'>contemtui</span> 
     </span>
     <span class='ocr_line' id='line_1_110' title="bbox 916 2495 1616 2538; baseline 0.006 -13"><span class='ocrx_word' id='word_1_689' title='bbox 916 2495 960 2531; x_wconf 81' lang='lat' dir='ltr'>iii,</span> <span class='ocrx_word' id='word_1_690' title='bbox 979 2499 1009 2532; x_wconf 91' lang='lat'>1,</span> <span class='ocrx_word' id='word_1_691' title='bbox 1026 2499 1042 2527; x_wconf 95' lang='lat'>1</span> <span class='ocrx_word' id='word_1_692' title='bbox 1068 2497 1180 2536; x_wconf 83' lang='lat' dir='ltr'>praedae</span> <span class='ocrx_word' id='word_1_693' title='bbox 1195 2501 1226 2526; x_wconf 87' lang='lat' dir='ltr'>et</span> <span class='ocrx_word' id='word_1_694' title='bbox 1240 2497 1355 2537; x_wconf 85' lang='lat' dir='ltr'>rapinae</span> <span class='ocrx_word' id='word_1_695' title='bbox 1377 2496 1422 2532; x_wconf 88' lang='lat' dir='ltr'>iii,</span> <span class='ocrx_word' id='word_1_696' title='bbox 1436 2500 1469 2534; x_wconf 88' lang='grc'>6,</span> <span class='ocrx_word' id='word_1_697' title='bbox 1484 2500 1503 2528; x_wconf 86' lang='grc'>4</span> <span class='ocrx_word' id='word_1_698' title='bbox 1528 2508 1616 2538; x_wconf 92' lang='lat' dir='ltr'>spec-</span> 
     </span>
     <span class='ocr_line' id='line_1_111' title="bbox 916 2539 1616 2575; baseline 0.003 -8"><span class='ocrx_word' id='word_1_699' title='bbox 916 2539 1019 2568; x_wconf 88' lang='lat' dir='ltr'>taculo</span> <span class='ocrx_word' id='word_1_700' title='bbox 1043 2539 1083 2574; x_wconf 87' lang='lat' dir='ltr'>xi,</span> <span class='ocrx_word' id='word_1_701' title='bbox 1101 2542 1152 2574; x_wconf 84' lang='lat'>13,</span> <span class='ocrx_word' id='word_1_702' title='bbox 1168 2542 1200 2570; x_wconf 87' lang='grc'>4.</span> <span class='ocrx_word' id='word_1_703' title='bbox 1225 2539 1346 2575; x_wconf 85' lang='lat' dir='ltr'>xxxviii,</span> <span class='ocrx_word' id='word_1_704' title='bbox 1361 2542 1393 2575; x_wconf 88' lang='lat'>8,</span> <span class='ocrx_word' id='word_1_705' title='bbox 1408 2542 1448 2570; x_wconf 89' lang='grc'>16</span> <span class='ocrx_word' id='word_1_706' title='bbox 1484 2540 1616 2570; x_wconf 86' lang='lat' dir='ltr'>admira-</span> 
     </span>
     <span class='ocr_line' id='line_1_112' title="bbox 917 2580 1616 2618; baseline 0.006 -9"><span class='ocrx_word' id='word_1_707' title='bbox 917 2580 993 2610; x_wconf 82' lang='lat' dir='ltr'>tioni</span> <span class='ocrx_word' id='word_1_708' title='bbox 1030 2581 1082 2617; x_wconf 87' lang='lat' dir='ltr'>xii,</span> <span class='ocrx_word' id='word_1_709' title='bbox 1103 2584 1133 2616; x_wconf 90' lang='lat'>3,</span> <span class='ocrx_word' id='word_1_710' title='bbox 1147 2585 1165 2611; x_wconf 92' lang='lat'><em>5</em></span> <span class='ocrx_word' id='word_1_711' title='bbox 1198 2581 1290 2611; x_wconf 82' lang='lat' dir='ltr'>exitio</span> <span class='ocrx_word' id='word_1_712' title='bbox 1323 2580 1376 2617; x_wconf 81' lang='lat' dir='ltr'>xii,</span> <span class='ocrx_word' id='word_1_713' title='bbox 1397 2584 1430 2618; x_wconf 88' lang='grc'>7,</span> <span class='ocrx_word' id='word_1_714' title='bbox 1456 2584 1476 2612; x_wconf 91' lang='grc'>2</span> <span class='ocrx_word' id='word_1_715' title='bbox 1511 2584 1616 2613; x_wconf 88' lang='lat' dir='ltr'>terrori</span> 
     </span>
     <span class='ocr_line' id='line_1_113' title="bbox 916 2623 1615 2662; baseline 0.006 -10"><span class='ocrx_word' id='word_1_716' title='bbox 916 2623 977 2658; x_wconf 80' lang='lat' dir='ltr'>xiv,</span> <span class='ocrx_word' id='word_1_717' title='bbox 995 2626 1058 2658; x_wconf 89' lang='lat' dir='ltr'>l,4</span> <span class='ocrx_word' id='word_1_718' title='bbox 1095 2623 1195 2653; x_wconf 90' lang='lat' dir='ltr'>fraudi</span> <span class='ocrx_word' id='word_1_719' title='bbox 1230 2623 1290 2660; x_wconf 85' lang='lat' dir='ltr'>xxi,</span> <span class='ocrx_word' id='word_1_720' title='bbox 1307 2626 1338 2660; x_wconf 90' lang='lat'>3,</span> <span class='ocrx_word' id='word_1_721' title='bbox 1359 2627 1380 2655; x_wconf 94' lang='grc'><strong>6</strong></span> <span class='ocrx_word' id='word_1_722' title='bbox 1417 2624 1507 2654; x_wconf 88' lang='lat' dir='ltr'>saluti</span> <span class='ocrx_word' id='word_1_723' title='bbox 1542 2626 1615 2662; x_wconf 85' lang='lat' dir='ltr'>xxii,</span> 
     </span>
     <span class='ocr_line' id='line_1_114' title="bbox 918 2665 1614 2705; baseline 0 -9"><span class='ocrx_word' id='word_1_724' title='bbox 918 2669 948 2702; x_wconf 89' lang='grc'>1,</span> <span class='ocrx_word' id='word_1_725' title='bbox 964 2668 1003 2696; x_wconf 90' lang='grc'>15</span> <span class='ocrx_word' id='word_1_726' title='bbox 1029 2665 1122 2705; x_wconf 85' lang='lat' dir='ltr'>pluris</span> <span class='ocrx_word' id='word_1_727' title='bbox 1144 2666 1187 2701; x_wconf 87' lang='lat' dir='ltr'>iii,</span> <span class='ocrx_word' id='word_1_728' title='bbox 1203 2668 1234 2702; x_wconf 89' lang='grc'>7,</span> <span class='ocrx_word' id='word_1_729' title='bbox 1250 2669 1270 2697; x_wconf 89' lang='grc'><strong>6</strong></span> <span class='ocrx_word' id='word_1_730' title='bbox 1293 2666 1324 2695; x_wconf 90' lang='lat' dir='ltr'>in</span> <span class='ocrx_word' id='word_1_731' title='bbox 1340 2666 1462 2697; x_wconf 91' lang='lat' dir='ltr'>occulto</span> <span class='ocrx_word' id='word_1_732' title='bbox 1485 2666 1530 2702; x_wconf 87' lang='lat' dir='ltr'>iii,</span> <span class='ocrx_word' id='word_1_733' title='bbox 1545 2670 1577 2704; x_wconf 82' lang='lat'>3,</span> <span class='ocrx_word' id='word_1_734' title='bbox 1593 2672 1614 2700; x_wconf 88' lang='grc'>4</span> 
     </span>
     <span class='ocr_line' id='line_1_115' title="bbox 915 2707 1613 2749; baseline 0.006 -12"><span class='ocrx_word' id='word_1_735' title='bbox 915 2707 947 2737; x_wconf 85' lang='lat' dir='ltr'>in</span> <span class='ocrx_word' id='word_1_736' title='bbox 975 2718 1026 2737; x_wconf 90' lang='lat' dir='ltr'>ore</span> <span class='ocrx_word' id='word_1_737' title='bbox 1055 2708 1132 2746; x_wconf 90' lang='lat' dir='ltr'>(hoc</span> <span class='ocrx_word' id='word_1_738' title='bbox 1162 2713 1219 2743; x_wconf 87' lang='lat' dir='ltr'>est,</span> <span class='ocrx_word' id='word_1_739' title='bbox 1249 2709 1424 2749; x_wconf 87' lang='lat' dir='ltr'>memorari)</span> <span class='ocrx_word' id='word_1_740' title='bbox 1450 2720 1481 2744; x_wconf 79' lang='grc' dir='ltr'>ν,</span> <span class='ocrx_word' id='word_1_741' title='bbox 1509 2712 1542 2745; x_wconf 88' lang='grc'>4,</span> <span class='ocrx_word' id='word_1_742' title='bbox 1573 2713 1613 2742; x_wconf 89' lang='grc'>17</span> 
     </span>
     <span class='ocr_line' id='line_1_116' title="bbox 916 2749 1614 2791; baseline 0.006 -12"><span class='ocrx_word' id='word_1_743' title='bbox 916 2749 1053 2780; x_wconf 85' lang='lat' dir='ltr'>Freinsh.</span> <span class='ocrx_word' id='word_1_744' title='bbox 1069 2750 1100 2779; x_wconf 89' lang='lat' dir='ltr'>in</span> <span class='ocrx_word' id='word_1_745' title='bbox 1116 2751 1229 2780; x_wconf 88' lang='lat' dir='ltr'>auxilio</span> <span class='ocrx_word' id='word_1_746' title='bbox 1244 2750 1375 2791; x_wconf 90' lang='lat' dir='ltr'>alicujus</span> <span class='ocrx_word' id='word_1_747' title='bbox 1398 2762 1428 2787; x_wconf 84' lang='lat' dir='ltr'>V,</span> <span class='ocrx_word' id='word_1_748' title='bbox 1444 2754 1495 2788; x_wconf 90' lang='grc'>11,</span> <span class='ocrx_word' id='word_1_749' title='bbox 1513 2755 1553 2783; x_wconf 91' lang='grc'>10</span> <span class='ocrx_word' id='word_1_750' title='bbox 1582 2753 1614 2783; x_wconf 91' lang='lat' dir='ltr'>in</span> 
     </span>
     <span class='ocr_line' id='line_1_117' title="bbox 915 2792 1614 2833; baseline 0.006 -11"><span class='ocrx_word' id='word_1_751' title='bbox 915 2792 1000 2822; x_wconf 79' lang='lat' dir='ltr'>luctu</span> <span class='ocrx_word' id='word_1_752' title='bbox 1022 2793 1120 2828; x_wconf 84' lang='lat' dir='ltr'>xxxix,</span> <span class='ocrx_word' id='word_1_753' title='bbox 1134 2796 1164 2828; x_wconf 93' lang='lat' dir='ltr'>l,</span> <span class='ocrx_word' id='word_1_754' title='bbox 1183 2797 1198 2824; x_wconf 96' lang='lat' dir='ltr'>l</span> <span class='ocrx_word' id='word_1_755' title='bbox 1224 2792 1255 2822; x_wconf 90' lang='lat' dir='ltr'>in</span> <span class='ocrx_word' id='word_1_756' title='bbox 1270 2793 1443 2833; x_wconf 84' lang='lat' dir='ltr'>exemplum</span> <span class='ocrx_word' id='word_1_757' title='bbox 1475 2794 1559 2830; x_wconf 78' lang='lat' dir='ltr'>xxiii,</span> <span class='ocrx_word' id='word_1_758' title='bbox 1582 2798 1614 2832; x_wconf 83' lang='lat'>3,</span> 
     </span>
     <span class='ocr_line' id='line_1_118' title="bbox 916 2835 1614 2871; baseline 0.001 -5"><span class='ocrx_word' id='word_1_759' title='bbox 916 2838 956 2866; x_wconf 89' lang='grc'>12</span> <span class='ocrx_word' id='word_1_760' title='bbox 980 2842 1026 2865; x_wconf 81' lang='lat' dir='ltr'>est</span> <span class='ocrx_word' id='word_1_761' title='bbox 1040 2835 1130 2865; x_wconf 89' lang='lat' dir='ltr'>alicui</span> <span class='ocrx_word' id='word_1_762' title='bbox 1145 2836 1273 2866; x_wconf 79' lang='lat' dir='ltr'>scientia</span> <span class='ocrx_word' id='word_1_763' title='bbox 1289 2835 1372 2871; x_wconf 87' lang='lat' dir='ltr'>belli,</span> <span class='ocrx_word' id='word_1_764' title='bbox 1386 2835 1496 2866; x_wconf 82' lang='lat' dir='ltr'>eximia</span> <span class='ocrx_word' id='word_1_765' title='bbox 1516 2837 1614 2868; x_wconf 85' lang='lat' dir='ltr'>admi-</span> 
     </span>
     <span class='ocr_line' id='line_1_119' title="bbox 914 2878 1614 2919; baseline 0.006 -11"><span class='ocrx_word' id='word_1_766' title='bbox 914 2878 990 2908; x_wconf 86' lang='lat' dir='ltr'>ratio</span> <span class='ocrx_word' id='word_1_767' title='bbox 1006 2883 1130 2907; x_wconf 81' lang='lat' dir='ltr'>servatae</span> <span class='ocrx_word' id='word_1_768' title='bbox 1146 2878 1327 2918; x_wconf 84' lang='lat' dir='ltr'>virginitatis</span> <span class='ocrx_word' id='word_1_769' title='bbox 1349 2879 1381 2914; x_wconf 87' lang='lat' dir='ltr'>ii,</span> <span class='ocrx_word' id='word_1_770' title='bbox 1395 2881 1427 2914; x_wconf 88' lang='lat'>4,</span> <span class='ocrx_word' id='word_1_771' title='bbox 1445 2882 1483 2910; x_wconf 88' lang='grc'>17</span> <span class='ocrx_word' id='word_1_772' title='bbox 1519 2878 1614 2919; x_wconf 84' lang='lat' dir='ltr'>pluris</span> 
     </span>
     <span class='ocr_line' id='line_1_120' title="bbox 914 2920 1612 2963; baseline 0.006 -13"><span class='ocrx_word' id='word_1_773' title='bbox 914 2920 972 2951; x_wconf 87' lang='lat' dir='ltr'>fuit</span> <span class='ocrx_word' id='word_1_774' title='bbox 988 2920 1064 2951; x_wconf 86' lang='lat' dir='ltr'>ultio</span> <span class='ocrx_word' id='word_1_775' title='bbox 1079 2931 1171 2962; x_wconf 85' lang='lat' dir='ltr'>quam</span> <span class='ocrx_word' id='word_1_776' title='bbox 1183 2920 1294 2962; x_wconf 87' lang='lat' dir='ltr'>injuria</span> <span class='ocrx_word' id='word_1_777' title='bbox 1306 2920 1351 2958; x_wconf 88' lang='lat' dir='ltr'>iii,</span> <span class='ocrx_word' id='word_1_778' title='bbox 1362 2924 1393 2958; x_wconf 88' lang='grc'>7,</span> <span class='ocrx_word' id='word_1_779' title='bbox 1410 2924 1430 2954; x_wconf 82' lang='grc'><strong>6</strong></span> <span class='ocrx_word' id='word_1_780' title='bbox 1445 2926 1491 2952; x_wconf 88' lang='lat' dir='ltr'>est</span> <span class='ocrx_word' id='word_1_781' title='bbox 1505 2924 1612 2963; x_wconf 86' lang='lat' dir='ltr'>procul</span> 
     </span>
    </p>
   </div>
  </div>
 </body>
</html>
