2174 3424
553 343 638 384 652

549 448 667 476 struere
682 446 818 486 molibus,
842 456 939 488 quam
964 447 1084 479 Latine
1100 448 1246 490 dicatur,

550 494 709 536 viderint,
744 497 802 537 qui
840 497 1012 538 vulgatam
1045 497 1245 531 defendunt.

553 545 661 577 Groev.

592 596 650 626 Tot
665 596 763 634 fossis
777 597 939 639 conscissa]
962 597 1182 639 Antiquiores
1196 603 1247 639 ty·

548 646 601 686 pis
617 649 770 688 expressi
787 650 926 680 concisa.-
950 649 1037 690 quod
1054 651 1160 691 magis
1177 652 1246 691 pla-

549 703 617 739 cet,
647 709 756 741 neque
783 702 934 733 mutand.
962 701 1068 733 fuisse
1097 702 1244 735 videtur.

546 749 698 789 Legend.
728 752 776 782 ita
799 752 934 792 judicat
960 757 995 784 et
1023 753 1177 785 Gronov.
1202 754 1245 785 ad

547 799 638 831 Ptin.
655 808 783 831 xxxiv.
798 804 826 832 8.
852 801 1005 842 citatque
1026 802 1108 833 illud
1132 802 1245 833 Caesa-

547 848 591 879 ris
605 858 660 880 111.
678 850 718 881 B.
736 850 780 881 G.
804 851 813 868 ‘
831 850 1013 882 Pedestria
1028 852 1151 883 itinera
1167 862 1245 883 con-

547 898 617 929 cisa
631 899 818 931 aestuariisff
837 901 935 932 Vorst.
960 900 1026 932 Alii
1042 907 1077 932 et
1094 902 1243 934 Gronov.

545 949 665 980 concisa
678 950 804 990 tegunt,
816 951 906 991 quod
922 956 958 982 et
969 952 1108 983 Vorstio
1125 953 1245 993 proba·

547 1002 612 1029 tur.
657 1000 729 1040 Ego
745 1000 826 1031 nihil
843 1006 979 1032 mutem.
1001 1001 1108 1040 Schef.

591 1049 669 1080 Cum
692 1050 741 1081 his
763 1054 937 1091 arceantur,
956 1052 1018 1082 illis
1043 1052 1244 1092 recipiantur,

544 1098 647 1139 aquoe]
684 1100 762 1131 Huc
790 1101 974 1142 respiciens
998 1102 1182 1141 Isocrates,
1210 1103 1243 1134 in

543 1149 754 1182 Laudatione
796 1153 977 1192 Busiridis,
1014 1153 1023 1170 ‘
1042 1153 1243 1194 lEgyptios'

544 1199 631 1229 dixit
656 1200 837 1232 ‘imbrium
861 1202 959 1232 simui
983 1206 1018 1233 et
1034 1202 1241 1243 siccitatum,

545 1258 684 1288 quorum
702 1251 777 1281 aliis
799 1252 937 1292 Jupiter
961 1262 1097 1292 promus
1113 1253 1240 1284 condus

543 1304 607 1338 est,
625 1309 686 1339 per
703 1310 738 1332 se
755 1301 844 1341 ipsos
862 1306 1065 1342 potestatem
1081 1303 1206 1334 habere
1218 1304 1239 1335 :’

542 1348 622 1380 dum
647 1360 692 1382 sc.
719 1351 888 1382 Niloticas
908 1362 1025 1393 aquaS,
1042 1363 1115 1393 quae
1133 1354 1240 1385 vicem

541 1398 696 1430 imbrium
713 1401 868 1441 AEgyptio
885 1407 1061 1441 praestant‚
1078 1412 1139 1442 pro
1154 1404 1241 1434 arbi-

542 1448 608 1479 trio
628 1450 680 1479 vel
697 1448 793 1480 fossis
810 1450 841 1480 in
860 1460 957 1490 agros
975 1461 1050 1482 suos
1074 1452 1240 1495 derivant,

540 1499 594 1528 vel
613 1499 757 1539 objectis
773 1500 915 1531 molibus
933 1507 1061 1534 arcent.
1086 1503 1183 1536 Rern.

585 1549 755 1580 Hominum
774 1553 925 1581 vetustate
945 1551 1101 1592 ultimam]
1134 1554 1240 1585 Terra

539 1599 549 1615 ‘
563 1599 732 1630 hominum
747 1604 916 1631 vetustate
930 1601 1048 1632 ultima
1059 1602 1067 1615 '
1085 1608 1149 1643 est,
1164 1615 1238 1644 quae

538 1648 648 1688 prima
663 1649 815 1681 homiues
832 1650 966 1682 habuit:
991 1652 1132 1684 ultimum
1148 1655 1238 1685 enim

538 1700 640 1731 etiam
663 1701 744 1731 illud
770 1701 893 1732 dicitur
911 1702 998 1743 quod
1023 1708 1076 1734 est
1092 1705 1238 1736 omnium

538 1750 694 1789 primum.
728 1751 848 1792 VirgiI.
873 1761 936 1783 vu.
964 1752 1040 1784 AEn.
1070 1754 1143 1785 ‘Tu
1163 1765 1238 1786 san-

537 1800 647 1840 guinis
661 1801 796 1832 ultimns
809 1802 953 1833 auctor)
977 1803 1048 1834 Cic.
1059 1814 1120 1843 pro
1134 1804 1237 1837 Arcit.

536 1849 545 1864 ‘
563 1849 724 1881 Pueritiae
750 1852 942 1883 memoriam
966 1853 1136 1884 recordari
1163 1856 1236 1886 ulti-

537 1899 652 1930 mam.’
684 1900 757 1932 Vor.

578 1951 842 1990 Aggerationibus
866 1953 987 1993 regum]
1021 1953 1106 1985 Inde
1136 1955 1233 1987 Titu-

535 2000 587 2030 lus
617 2001 753 2032 Codicis
783 2003 792 2019 ‘
810 2002 852 2033 de
873 2004 942 2034 Nili
964 2005 1143 2045 aggeribus
1166 2016 1232 2037 non

535 2051 752 2090 rumpendis!
775 2052 848 2083 Cic.
869 2053 878 2069 ‘
892 2054 996 2083 moles
1008 2053 1015 2065 '
1034 2059 1134 2086 vocat
1149 2057 1158 2073 ‘
1173 2066 1233 2097 op—

535 2100 662 2139 positas
678 2099 860 2141 fluctibns‚’
876 2101 942 2134 Off.
955 2112 995 2134 11.
1008 2107 1039 2135 4.
1064 2105 1168 2145 Bong.

578 2150 656 2184 Quoe
693 2151 757 2182 sit-e
790 2153 1082 2191 exaggerationibus
1112 2165 1231 2195 regum,

532 2199 595 2230 sive
609 2200 680 2230 Nili
696 2201 848 2232 trahentis
868 2203 986 2242 limum,
1007 2207 1162 2235 terrarum
1183 2217 1229 2237 re-

531 2252 707 2282 centissima
736 2253 893 2294 videatur]
930 2254 1047 2286 Edidit
1071 2256 1120 2287 ita
1148 2257 1230 2288 Ber-

532 2311 628 2332 nccc.
645 2304 914 2342 secutus‚cred0‚
928 2305 1158 2346 Bongarsium.
1182 2308 1230 2341 At

533 2351 685 2383 Gronov.
716 2353 757 2384 ad
786 2354 863 2385 Sen.
898 2355 1001 2386 Herc.
1032 2357 1102 2389 OEt.
1133 2360 1227 2390 1260.

533 2402 640 2432 Codd.
659 2403 741 2434 Mss.
765 2408 800 2434 et
816 2405 970 2436 meliores
988 2407 1075 2438 Edd.
1103 2408 1150 2439 ait
1170 2409 1228 2440 ha-

531 2451 612 2483 bere
627 2454 674 2484 sic
689 2464 696 2484 :
720 2465 786 2494 quoe
801 2465 874 2494 agg.
890 2465 956 2495 reg.
971 2457 1034 2488 sive
1052 2459 1094 2488 N.
1108 2461 1130 2488 t.
1147 2460 1168 2490 l.
1190 2465 1227 2491 ut

530 2503 622 2542 prius
636 2505 701 2535 sive
717 2505 826 2544 absit;
851 2507 1016 2547 quomodo
1031 2507 1091 2540 inf.
1108 2509 1226 2542 tib.1x.

529 2554 537 2569 ‘
557 2554 716 2585 Ducenta
738 2556 842 2586 millia
872 2556 998 2596 Persae,
1024 2567 1066 2588 eo
1093 2560 1226 2600 praeiio,

529 2604 598 2634 sive
643 2605 831 2645 naufragio,
866 2608 1006 2639 amisere
1025 2608 1052 2639 :’
1091 2614 1127 2640 et
1166 2611 1224 2642 lib.

530 2663 687 2687 xxxviii.
714 2657 872 2698 ‘Eosque
900 2659 997 2689 variis
1021 2659 1226 2692 exhortatio-

530 2705 627 2735 nibus
645 2706 686 2736 ad
710 2706 858 2738 Romana
874 2708 972 2749 bella,
993 2709 1063 2740 sive
1088 2710 1226 2751 Asiana,

529 2755 685 2786 incitatz’
711 2762 747 2787 et
776 2757 835 2789 lib.
866 2767 954 2790 xml.
989 2759 1153 2801 ‘Captivi
1181 2771 1224 2792 ex

529 2804 652 2844 Crassi,
673 2806 743 2837 sive
766 2806 920 2847 Antonii,
944 2810 1096 2841 exercitu
1117 2811 1224 2842 recol-

528 2854 633 2885 lecti.'
678 2856 784 2889 Porro
808 2858 841 2888 in
864 2858 1116 2902 Antiquioribus
1133 2861 1222 2893 Edd.

1020 356 1160 387 NOTAE
1196 357 1456 389 VARIORUM
1491 358 1543 390 IN

1296 447 1402 482 Bech.
1419 454 1454 481 et
1477 451 1569 483 Sich.
1597 452 1731 494 reperio
1753 463 1866 494 exagg.
1889 458 1928 486 ut
1949 455 1996 487 sit

1297 509 1362 531 una
1377 510 1453 533 vox.
1486 501 1535 533 At
1556 503 1720 535 Bernecc.
1735 505 1851 536 maluit
1866 515 1905 536 ex
1920 516 1995 545 agg.

1296 550 1389 590 cujus
1402 560 1502 582 causa
1514 561 1577 583 non
1592 558 1736 593 apparet
1749 564 1757 585 ι
1781 564 1889 595 neque
1905 555 1994 586 enim

1296 599 1416 630 Latine
1433 600 1498 632 dici
1513 601 1661 642 videtur,
1677 604 1829 644 AEgyptus
1839 608 1996 636 terrarum

1294 650 1502 682 recentissima
1529 653 1650 682 videtur
1677 662 1718 683 ex
1751 663 1826 693 agg.
1856 664 1964 694 reg-um
1982 664 1995 691 ‚·

1295 699 1367 738 sed,
1389 700 1417 731 si
1443 701 1563 732 vocula
1586 711 1626 732 ea:
1648 702 1758 733 locum
1781 704 1905 735 habere
1935 704 1993 735 de·

1295 749 1387 790 beat,
1416 750 1552 782 dicend.
1576 750 1693 791 fuerit,
1721 762 1761 783 ex
1785 763 1860 793 agg.
1884 763 1994 793 regum

1293 804 1434 840 apparet,
1455 801 1626 841 AEgyptum
1647 804 1801 832 terrarum
1821 803 1995 834 recentissi-

1294 859 1375 880 mam
1400 860 1474 882 esse.
1517 852 1677 882 Ceterum
1699 861 1774 891 agg.
1798 852 1849 882 vel
1877 862 1992 892 exagg.

1293 910 1401 939 regum
1425 902 1582 942 AEgyptus
1607 905 1759 932 terrarum
1784 902 1993 933 recentissima

1293 951 1426 990 videtur,
1442 957 1536 982 recte
1558 951 1704 982 dicitur:
1729 955 1780 982 est
1804 951 1892 983 enim
1916 962 1991 992 agg.

1294 1007 1516 1042 pro,propter
1527 1001 1774 1042 aggerationes.
1790 1001 1896 1033 Vorst.
1913 1002 1991 1034 Non

1294 1051 1408 1090 placet
1429 1051 1519 1093 quod
1546 1051 1754 1090 existimant,
1775 1060 1889 1090 exagg.
1913 1060 1991 1082 con-

1285 1100 1431 1140 junctim
1459 1101 1593 1141 legend.
1633 1101 1753 1142 Neque
1777 1100 1885 1141 proba
1911 1110 1991 1132 con·

1285 1149 1433 1191 jectura,
1450 1151 1584 1192 quando
1610 1155 1734 1191 putant
1757 1151 1845 1181 haud
1870 1151 1990 1182 Latine

1292 1198 1359 1230 dici
1386 1210 1501 1240 exagg.
1531 1206 1579 1239 et,
1610 1201 1637 1230 si
1663 1210 1771 1241 praep.
1801 1200 1990 1232 adhibenda

1292 1255 1394 1290 esset,
1417 1251 1586 1282 scribend.
1603 1249 1676 1281 fore
1692 1260 1731 1281 ex
1750 1259 1826 1289 agg.
1847 1260 1914 1289 reg.
1934 1260 1987 1290 ap-

1287 1305 1389 1340 paret.
1414 1302 1528 1333 Debet
1544 1306 1649 1340 certe,
1666 1302 1781 1341 etiam,
1796 1301 1822 1331 si
1838 1302 1892 1332 vel
1909 1310 1989 1332 con-

1284 1350 1433 1390 junctim
1460 1352 1601 1391 legatur,
1626 1351 1793 1381 ablativus
1818 1351 1891 1391 regi
1918 1360 1987 1382 non

1289 1410 1308 1430 a
1324 1401 1440 1441 verbo,
1466 1401 1525 1432 sed
1551 1411 1570 1432 a
1595 1411 1698 1441 praep.
1721 1402 1791 1432 sive
1818 1402 1988 1442 apposita,

1290 1450 1361 1481 sive
1386 1451 1639 1490 subintellecta,
1662 1452 1750 1492 quod
1765 1452 1837 1492 jam
1860 1452 1986 1484 dudum

1289 1501 1443 1532 Sanctius
1459 1506 1493 1532 et
1515 1511 1557 1532 ex
1581 1502 1654 1542 ipso
1674 1502 1810 1542 Sciopp.
1826 1501 1988 1534 docuere.

1289 1550 1337 1582 At
1355 1561 1433 1583 vero
1444 1561 1484 1583 ea
1495 1553 1561 1583 alia
1576 1562 1641 1583 non
1659 1556 1769 1592 potest
1786 1561 1870 1587 esse,
1885 1562 1985 1594 quam

1288 1612 1328 1633 ex
1342 1612 1447 1644 praep.
1492 1603 1591 1636 Quod
1609 1602 1854 1644 quodammodo
1866 1613 1986 1644 agnos-

1289 1658 1370 1684 cunt
1389 1654 1467 1694 ipsi,
1488 1653 1620 1694 quando
1637 1653 1819 1684 ablativum
1836 1653 1985 1686 reddunt

1289 1712 1362 1743 per,
1374 1709 1515 1744 propter
1525 1703 1770 1744 aggerationes.
1795 1703 1885 1736 Quid
1895 1704 1983 1735 enim

1288 1753 1350 1784 hoc
1363 1758 1415 1784 est
1428 1753 1637 1795 aliud,quam
1648 1764 1687 1784 ex
1695 1751 1792 1793 agg?
1807 1754 1984 1786 Quomodo

1288 1813 1355 1835 non
1382 1814 1448 1835 uno
1476 1805 1496 1836 l.
1522 1814 1575 1845 ap.
1602 1805 1683 1835 aiios
1709 1805 1810 1835 etiam
1837 1804 1919 1835 illud
1943 1815 1983 1835 ex

1286 1859 1482 1894 usurpatur.
1510 1855 1632 1895 Neque
1647 1855 1673 1884 si
1687 1855 1821 1894 legatur
1837 1854 1981 1895 divisim,

1283 1904 1368 1935 illud
1392 1904 1575 1945 ‘apparet’
1601 1905 1780 1946 quidquam
1800 1905 1893 1936 vaiet
1911 1906 1941 1937 h.
1959 1907 1981 1938 1.

1282 1955 1382 1986 Stant
1400 1965 1458 1996 per
1470 1965 1518 1994 se,
1530 1958 1614 1986 terra
1627 1965 1666 1986 ea:
1681 1964 1754 1994 agg.
1764 1965 1883 1994 regum,
1897 1959 1982 1987 terra

1282 2016 1322 2037 ex
1336 2016 1408 2046 agg.
1423 2007 1503 2045 Nili,
1519 2005 1778 2047 significantque
1792 2007 1894 2037 talem
1912 2012 1979 2037 ter-

1282 2066 1365 2095 ram,
1382 2067 1456 2098 quae
1471 2062 1524 2088 est
1540 2062 1643 2095 terra,
1665 2066 1739 2097 quae
1757 2061 1847 2087 terra
1863 2057 1980 2089 extitit

1281 2112 1317 2138 et
1329 2107 1421 2139 facta
1434 2114 1485 2138 est
1495 2117 1536 2138 ex
1551 2106 1835 2146 aggerationibus,
1847 2117 1873 2136 s.
1889 2107 1977 2147 quod

1281 2157 1370 2188 idem
1384 2163 1448 2196 est,
1460 2168 1521 2198 per
1535 2157 1780 2197 aggerationes,
1790 2157 1861 2188 sive
1878 2167 1978 2199 prop-

1281 2212 1334 2238 ter
1349 2218 1425 2248 agg.
1441 2209 1532 2239 istas.
1556 2207 1659 2245 Sclzes.

1325 2259 1395 2288 Nili
1410 2259 1562 2289 trahentis
1575 2257 1695 2297 limum]
1728 2256 1827 2297 Angl.
1845 2268 1975 2300 quoqne

1279 2308 1311 2338 h.
1329 2308 1450 2339 modo:
1475 2308 1534 2339 sed
1551 2308 1712 2339 observat
1729 2313 1877 2348 notator,
1894 2310 1974 2341 aiibi

1279 2359 1346 2399 legi
1372 2360 1507 2397 trahens,
1534 2359 1621 2400 quod
1649 2359 1860 2399 intelligenti.
1885 2359 1975 2393 foret

1280 2409 1320 2440 de
1344 2416 1446 2448 terra,
1469 2414 1504 2441 et
1530 2409 1664 2440 videtur
1687 2409 1750 2440 hoc
1774 2411 1975 2442 convenien-

1278 2460 1354 2492 tius.
1398 2461 1509 2491 Terra
1528 2459 1617 2491 enim
1641 2459 1745 2490 debet
1768 2460 1915 2496 trahere,
1935 2465 1976 2492 ut

1276 2511 1398 2542 evadat
1412 2512 1528 2552 major,
1542 2519 1606 2541 non
1618 2508 1754 2540 flumen.
1799 2510 1873 2541 Nisi
1891 2511 1973 2542 veiis

1276 2560 1404 2600 dicere,
1431 2561 1513 2592 iilud
1543 2559 1695 2591 trahentis
1724 2569 1795 2590 esse
1826 2561 1972 2600 positum

1276 2620 1342 2642 non
1359 2621 1433 2652 pro,
1455 2611 1674 2648 attrahentis3
1698 2619 1825 2649 verum,
1841 2610 1972 2642 abstra-

1275 2661 1398 2692 hentis.
1427 2661 1532 2698 Sches'.
1566 2661 1657 2692 Cett.
1683 2660 1842 2691 librorum
1870 2661 1971 2694 lectio

1276 2711 1323 2742 N.
1339 2712 1491 2743 trahentis
1502 2712 1522 2742 l.
1541 2712 1638 2751 longe
1653 2716 1703 2741 est
1720 2711 1831 2741 verior
1851 2716 1885 2741 et
1900 2721 1971 2743 cer-

1275 2762 1350 2793 tior.
1375 2762 1418 2793 N.
1433 2761 1586 2792 trahentis
1600 2762 1620 2792 l.
1637 2765 1687 2791 est
1704 2760 1737 2790 id
1755 2760 1862 2799 ipsum
1879 2761 1969 2802 quod

1273 2811 1375 2842 Diod.
1399 2811 1441 2842 de
1471 2811 1535 2841 hoc
1563 2809 1597 2841 fl.
1631 2810 1737 2842 dicit:
1775 2811 1834 2841 Τοῦ
1856 2811 1969 2843 Νείλου

1271 2861 1328 2899 τὴν
1343 2862 1373 2901 ἐξ
1387 2860 1540 2893 Αἰθιοπίας
1556 2860 1622 2892 ἰλὺν
1633 2859 1866 2902 καταφέροντος.
1897 2864 1968 2895 Nili
