2174 3424
676 373 876 405 Jusrml
910 374 1006 404 Lm.
1040 373 1111 404 lx.
1143 374 1249 406 cAP.
1280 363 1319 405 1.

269 469 335 501 hoc
360 470 542 501 notaverat
573 467 749 510 quisquam
775 468 840 499 hoec
860 477 968 508 nempe

269 519 355 551 urbs.
401 519 501 553 Quod
517 528 592 550 cum
618 522 795 559 receptum
821 523 912 550 esset
933 518 968 549 in

271 574 416 610 textum,
440 569 588 610 illudque
612 579 718 610 nempe
732 569 878 611 liqueret
893 579 970 600 esse

270 619 436 660 ineptum,
455 618 520 650 fuit
542 620 637 660 alius,
658 620 715 661 qui
738 630 800 661 pro
822 629 862 651 eo
885 619 970 651 fecit

269 679 411 709 namque.
434 667 553 701 Scbef.

316 719 450 750 Condita
462 720 565 759 primo
580 729 599 750 a
615 720 790 760 Pausania]
814 719 885 751 Alii
902 729 971 751 non

271 769 444 801 conditam
461 780 481 800 a
501 770 605 802 Paus.
629 770 686 801 sed
704 771 825 801 saltem
841 780 971 811 expug-

269 823 398 859 natam,
424 819 652 858 tradiderunt‚
687 820 777 851 inter
801 830 884 862 quos
906 825 972 860 est,

270 870 382 911 inquit
409 871 502 911 Lips.
534 871 576 902 ad
599 872 683 903 illud
719 872 800 903 Tac.
829 871 874 905 A.
903 881 971 904 ΧΠ.

270 923 495 964 ‘Byzantium
517 924 550 954 in
574 930 729 956 extrema
754 925 892 966 Europa
913 935 973 966 po·

270 983 369 1005 suere
382 974 520 1014 Graeci‚’
537 975 689 1006 AEmilius
702 976 835 1007 Probus
850 985 857 1006 :
875 976 970 1017 quid-

271 1023 353 1064 quid
369 1024 403 1054 id
417 1028 479 1055 est.
526 1024 707 1064 Spartanis
720 1025 885 1057 adscribit
906 1026 974 1057 ori-

272 1074 383 1115 ginem
397 1075 465 1115 huj.
482 1075 631 1107 nobiliss.
644 1076 734 1107 urbis
747 1077 782 1107 in
798 1077 850 1107 De
865 1077 973 1117 Nugis

272 1125 455 1156 Curialium
467 1125 618 1157 Joannes
630 1125 902 1165 Sarisberiensis,
916 1126 974 1158 ubi

271 1176 339 1207 ait:
365 1177 375 1194 ‘
390 1175 527 1207 Infecta
541 1176 656 1217 itaque
668 1177 805 1218 negotio
819 1187 973 1209 reversus

272 1230 336 1267 est,
348 1226 465 1258 dicens
482 1236 519 1258 se
532 1228 620 1258 nolle
633 1228 773 1268 gloriam
787 1228 973 1268 Spartano-

271 1286 358 1316 rum,
385 1287 527 1318 quorum
554 1278 660 1309 virtus
685 1282 882 1309 constructo
905 1279 974 1318 By-

272 1327 386 1359 zantio
400 1327 626 1367 clarescebat,
648 1328 711 1359 hac
731 1329 902 1359 maculare
924 1328 974 1359 in-

272 1376 388 1417 famia,
404 1377 465 1418 ut,’
481 1379 546 1408 &c.
560 1378 768 1409 Claudianus
785 1388 805 1408 a
819 1379 974 1420 Byzante

271 1428 387 1459 nescio
410 1437 474 1468 quo
497 1432 707 1459 exstructam
728 1433 764 1459 et
780 1428 974 1460 denomina-

273 1481 343 1508 tam
359 1478 502 1508 innuere
519 1477 667 1517 videtur,
684 1479 764 1509 dum
785 1479 834 1510 ait
856 1479 914 1510 lib.
931 1488 973 1510 11.

273 1527 308 1560 in
331 1529 476 1568 Eutrop.
515 1529 524 1546 ‘
543 1529 619 1560 Hoc
643 1530 753 1570 Byzas
779 1530 975 1561 Constanti-

273 1588 405 1619 nusque
429 1578 594 1610 videbunt
607 1579 629 1609 ?'
651 1580 740 1611 Mod.
798 1580 975 1611 Consentit

273 1628 424 1660 Isidorus
442 1628 575 1669 Origin.
588 1637 649 1661 xv.
663 1633 693 1660 l.
732 1629 801 1660 Alii
814 1639 881 1660 non
895 1639 974 1661 con-

274 1678 383 1710 ditam
395 1688 413 1709 a
423 1678 526 1710 Paus.
541 1679 598 1709 sed
612 1680 718 1710 solum
731 1684 974 1720 expugnatam,

274 1729 436 1760 tradunt:
457 1729 546 1760 inter
562 1739 644 1770 quos
658 1734 711 1760 est
721 1729 871 1770 Thucyd.
884 1739 909 1761 1.
924 1733 974 1763 15.

273 1782 329 1811 29.
354 1779 441 1811 AEm.
469 1779 600 1810 Probus
622 1780 656 1810 in
672 1780 776 1810 Paus.
821 1780 870 1811 At
893 1781 974 1812 Tac.

275 1830 464 1871 generatim
492 1829 536 1861 A.
554 1838 624 1860 xn.
645 1833 699 1862 63.
724 1831 733 1847 ‘
748 1829 973 1870 Byzantium'

275 1881 356 1921 [διε.
368 1880 414 1910 V.
430 1879 520 1920 sup.]
542 1880 578 1912 J.
591 1880 766 1911 Saresber.
791 1880 837 1912 N.
855 1881 935 1912 Cur.
947 1890 974 1913 1.

274 1934 308 1962 5.
341 1931 351 1948 ‘
365 1930 610 1970 Spartanorum
636 1930 742 1961 virtus
776 1935 975 1962 constructo

274 1981 445 2021 Byzantio
471 1980 708 2012 clarescebat.’
751 1980 929 2013 Claudian.
955 1991 975 2012 a

274 2031 429 2072 Byzante
441 2030 585 2072 quodam
602 2034 815 2062 exstructam
829 2040 897 2062 non
917 2031 975 2062 ob-

274 2091 374 2113 scure
389 2082 476 2121 vult,
502 2082 538 2112 in
565 2082 708 2122 Eutrop.
731 2090 773 2113 11.
789 2083 842 2112 43.
888 2081 975 2113 Haee

275 2130 348 2163 fere
360 2131 452 2172 Lips.
465 2131 549 2163 Not.
561 2140 682 2163 chix.
697 2131 739 2163 ad
755 2132 837 2164 Tac.
849 2140 915 2163 ΧΠ.
932 2131 975 2164 Α.

274 2181 386 2214 Ainm.
400 2182 507 2212 Marc.
524 2191 618 2213 xxn.
635 2185 687 2213 12.
711 2181 906 2214 Atticorum
919 2192 976 2214 co-

274 2232 401 2263 loniam
437 2230 520 2262 facit
547 2232 727 2264 Constant.
762 2233 975 2274 Porphyrog.

275 2281 320 2312 de
334 2281 449 2312 Them.
468 2291 500 2321 p.
517 2283 570 2313 82.
593 2280 618 2312 f.
645 2282 909 2322 Megarensium,
936 2292 976 2314 ac

276 2330 668 2370 Lacedaemoniorum‚et
677 2332 886 2363 Boeotorum.
900 2332 977 2364 Vid.

277 2380 430 2421 Hesych.
446 2380 531 2411 libro
543 2381 706 2421 singulari
722 2381 764 2412 de
781 2381 895 2413 Rebus
913 2382 976 2414 Pa-

276 2431 354 2462 triae
370 2430 722 2471 Constantinopoleos.
740 2432 842 2464 Bern.
887 2433 977 2464 Pau-

277 2481 389 2512 sanias
403 2480 604 2521 Byzantium
618 2481 784 2520 condidit,
808 2492 835 2513 s.
851 2483 978 2513 coloni·

277 2541 331 2562 am
346 2530 431 2562 fecit
450 2531 709 2571 Spartanorum.
753 2533 869 2564 Primo
895 2543 977 2565 vero

278 2582 321 2613 ab
338 2582 396 2613 illo
413 2581 584 2612 conditam
600 2591 690 2622 esse,
711 2587 748 2614 ut
764 2583 873 2624 inquit
884 2584 978 2616 Just.

279 2632 401 2664 falsum
417 2638 481 2664 est.
514 2633 594 2665 Jam
607 2633 663 2664 diu
677 2633 765 2665 enim
783 2639 862 2666 ante
878 2645 898 2666 a
909 2636 978 2676 By-

280 2688 378 2715 zante
395 2687 615 2723 exstructam,
630 2684 801 2715 sutoribus
815 2689 851 2715 et
866 2689 979 2716 tonso-

279 2733 372 2765 ribus
401 2737 530 2764 notum.
588 2733 766 2774 Deinceps
792 2734 934 2765 condita
959 2744 979 2765 a

280 2783 539 2824 Megarensibus
570 2782 710 2824 Olymp.
739 2786 793 2815 30.
828 2794 915 2815 anno
947 2787 980 2815 2.

282 2832 370 2864 Inde
385 2843 404 2864 a
417 2833 559 2864 Milesiis
572 2832 721 2864 deducta
733 2834 879 2865 colonia.
895 2834 980 2865 Tan-

283 2883 359 2914 dem
375 2893 396 2915 a
410 2883 593 2915 Pausania.
637 2884 830 2916 Atticorum
848 2894 981 2927 quoque

284 2932 391 2965 fuisse
415 2934 594 2975 coloniam,
617 2934 740 2975 probat
776 2935 911 2977 quidam
938 2946 982 2968 ex

1633 365 1719 406 759

1018 467 1209 508 Ammiano,
1222 472 1259 500 et
1274 469 1424 509 Nepote,
1445 468 1540 510 cujus
1553 468 1657 500 verba
1669 469 1719 500 ita

1019 519 1176 559 legebat:
1190 519 1200 536 ‘
1213 518 1425 558 Alcibiades,
1434 519 1491 550 ubi
1502 519 1568 550 hoc
1580 519 1723 560 audivit,

1020 569 1158 600 domum
1183 569 1309 600 reverti
1335 569 1455 608 noluit,
1482 573 1518 600 et
1540 579 1576 600 se
1602 569 1722 601 Perin-

1020 619 1115 651 thum
1153 619 1309 654 contulit,
1345 619 1461 660 ibique
1489 619 1557 650 tria
1579 620 1722 650 castella

1021 669 1256 709 communivit,
1266 669 1412 708 Bornos,
1424 669 1638 710 Byzantium,
1647 670 1722 700 Ma-

1021 719 1214 760 cronticos,’
1236 729 1312 750 cum
1329 720 1428 761 vulgo
1445 720 1630 760 legeretur,
1642 720 1725 751 Bor-

1021 780 1087 810 nos,
1097 770 1243 811 Byziam,
1259 769 1499 801 Themeonticos.
1536 770 1606 801 Sed
1621 770 1722 801 male.

1023 821 1175 861 Legend.
1193 820 1280 852 enim
1297 821 1430 860 Bornos,
1445 821 1640 861 Bysanthen,
1657 821 1723 851 Ne·

1022 871 1171 903 ontichos.
1224 869 1357 908 Βισάνθη
1381 871 1580 912 oppidulum
1614 871 1676 901 hoc
1702 871 1724 901 l.

1024 922 1224 953 Ptolemaeo.
1246 920 1327 952 Νέον
1340 922 1447 961 τεῖχος
1461 921 1609 962 Scylaci.
1639 921 1724 952 Voss.

1066 973 1149 1003 Hoec
1163 983 1292 1013 namque
1307 972 1391 1011 urbs,
1405 972 1475 1013 θα]
1507 972 1644 1003 Falsum
1659 976 1724 1011 est,

1023 1026 1063 1053 ut
1089 1023 1184 1064 Lips.
1207 1027 1243 1055 et
1281 1023 1327 1055 Is.
1353 1024 1454 1055 Voss.
1485 1022 1722 1054 ostenderunt.

1022 1073 1104 1105 Fab.

1068 1124 1160 1155 Nunc
1176 1124 1413 1156 Atheniensium
1429 1123 1518 1163 juris
1540 1124 1648 1155 habita
1661 1122 1724 1163 est]

1023 1176 1136 1207 Semel
1152 1175 1288 1216 quidem
1316 1175 1358 1206 ab
1380 1173 1558 1206 Alcibiade
1584 1174 1725 1215 ejusque

1025 1226 1163 1265 collegis
1184 1225 1387 1266 Byzantium
1404 1230 1635 1266 expugnatum
1647 1224 1725 1264 fuit,

1024 1280 1063 1307 ut
1075 1285 1117 1306 ex
1135 1275 1227 1315 Nep.
1241 1284 1306 1306 vu.
1321 1279 1352 1306 5.
1365 1278 1398 1306 6.
1423 1280 1579 1316 apparet.
1607 1276 1681 1307 Vor.

1068 1326 1120 1366 §4
1145 1325 1279 1356 Nemine
1302 1325 1391 1366 quasi
1414 1335 1502 1356 suam
1527 1325 1656 1357 auxiliis
1668 1325 1725 1364 ju-

1023 1375 1129 1415 vante]
1167 1376 1302 1406 ‘Nemo
1330 1385 1425 1406 suum
1453 1375 1569 1406 dicere
1596 1380 1724 1416 potest,

1025 1435 1126 1467 quem
1153 1431 1352 1466 pereuntem
1377 1426 1559 1457 contemsit
1573 1425 1594 1457 ι’
1617 1427 1655 1458 L.
1676 1426 1725 1457 U-

1024 1476 1231 1517 nusquisque
1243 1476 1328 1507 Cod.
1341 1476 1382 1507 de
1394 1475 1523 1508 Infant.
1537 1478 1725 1517 expos.&c.

1024 1525 1116 1556 Add.
1132 1525 1287 1566 Thucyd.
1305 1535 1331 1557 1.
1347 1529 1378 1558 8.
1400 1529 1452 1557 10.
1477 1527 1576 1558 Rern.

1067 1576 1085 1615 ς
1100 1579 1118 1606 5
1142 1575 1290 1606 Ρεσιιηὶιε
1304 1576 1516 1607 commercium
1530 1578 1568 1608 de
1586 1577 1725 1618 piratica

1023 1625 1200 1666 mutuatur]
1228 1626 1305 1657 Hoc
1335 1626 1417 1657 mihi
1444 1626 1580 1667 quidem
1610 1627 1728 1658 admo-

1024 1675 1104 1707 dum
1120 1680 1327 1716 suspectum.
1371 1677 1461 1708 Nam
1484 1678 1725 1709 commercium

1025 1736 1099 1757 esse
1126 1726 1279 1767 pecuniae
1297 1726 1378 1757 alibi
1403 1736 1470 1758 non
1493 1727 1656 1759 recordor
1672 1737 1725 1759 nie

1022 1777 1153 1817 legere.
1198 1777 1319 1808 Potius
1335 1778 1492 1810 existimo
1514 1779 1606 1811 Just.
1621 1779 1727 1820 scrip-

1025 1828 1107 1859 sisse
1123 1831 1224 1868 atque
1241 1827 1435 1859 distinxisse
1451 1829 1518 1860 ista
1528 1830 1592 1861 hoc
1604 1830 1724 1861 modo:

1024 1880 1117 1918 longa
1129 1878 1297 1910 obsidionis
1308 1889 1394 1911 mora
1409 1880 1578 1912 exhaustus
1595 1882 1727 1922 pecunia

1024 1929 1236 1960 commercium
1248 1931 1285 1960 de
1296 1930 1434 1970 piratica
1446 1934 1616 1962 mutuatur.
1663 1931 1727 1962 Est

1026 1984 1141 2011 autem
1165 1980 1338 2010 ‘mutuari
1353 1981 1594 2012 commercium
1615 1981 1659 2012 de
1675 1982 1727 2022 pi-

1025 2029 1157 2068 ratica‚'
1179 2038 1245 2070 ope
1258 2030 1412 2070 piraticae
1434 2029 1582 2072 efficere,
1598 2035 1636 2062 ut
1651 2032 1726 2072 quis

1025 2089 1187 2111 exercere
1210 2080 1414 2111 commercia
1429 2081 1550 2121 possit.
1596 2082 1729 2113 Conve-

1025 2130 1088 2169 nit,
1099 2130 1190 2171 quod
1204 2140 1280 2161 mox
1296 2129 1434 2170 dicitur,
1447 2140 1577 2163 merces
1590 2132 1728 2163 navium

1027 2184 1100 2213 170.
1122 2186 1296 2222 captarum
1322 2180 1529 2221 distraxisse,
1557 2187 1660 2223 atque
1677 2182 1728 2214 sic

1027 2232 1221 2263 exercuisse
1237 2232 1453 2262 commercia.
1478 2232 1586 2271 Schef.

1070 2282 1088 2323 ξ
1101 2284 1120 2313 7
1141 2280 1320 2320 Ter-eretur]
1345 2281 1430 2319 Leg.
1443 2291 1519 2313 cum
1531 2282 1553 2314 J
1557 2286 1627 2313 unt.
1643 2285 1728 2314 tene-

1025 2335 1125 2371 retur,
1150 2331 1184 2362 h.
1201 2341 1232 2362 e.
1250 2331 1472 2372 detineretur,
1487 2337 1728 2372 occuparetur.

1026 2381 1188 2422 Superius
1209 2390 1269 2412 111.
1285 2384 1318 2412 4.
1341 2381 1350 2397 ‘
1364 2381 1488 2422 Itaque
1510 2391 1588 2412 cuin
1609 2387 1730 2413 contra

1027 2432 1330 2474 praesumptionem
1347 2441 1440 2462 suam
1453 2432 1548 2463 annis
1562 2432 1680 2463 decem
1692 2433 1728 2463 in

1027 2484 1200 2516 obsidione
1214 2484 1305 2515 urbis
1330 2485 1561 2516 tenerentur?
1587 2490 1622 2516 et
1636 2495 1677 2517 11.
1694 2490 1727 2517 5.

1026 2534 1188 2574 ‘Quippe
1210 2534 1372 2575 conjuges
1399 2544 1516 2566 eorum
1542 2536 1645 2576 longa
1669 2546 1727 2567 ex-

1029 2585 1243 2626 spectatione
1265 2585 1416 2616 virorum
1438 2584 1551 2625 fessae,
1570 2595 1634 2617 nec
1653 2586 1729 2627 jam

1029 2635 1140 2666 teneri
1153 2634 1254 2672 bello,
1280 2634 1339 2665 sed
1356 2634 1487 2666 deletos
1502 2635 1611 2666 ratae.'
1657 2636 1730 2668 Cic.

1031 2695 1090 2717 xv.
1117 2686 1212 2716 Fam.
1244 2687 1273 2715 1.
1296 2684 1510 2724 ‘Septimum
1536 2684 1610 2725 jam
1639 2685 1727 2717 diem

1030 2736 1190 2776 Corcyrae
1207 2734 1432 2766 tenebamur!
1456 2734 1563 2766 Graev.

1074 2786 1124 2816 Ne
1146 2785 1237 2816 unius
1258 2784 1344 2815 urbis
1370 2786 1598 2825 oppugnatione
1623 2789 1728 2817 tantus

1030 2837 1186 2869 exercitus
1202 2835 1373 2875 teneretur]
1407 2836 1518 2877 Bong.
1537 2842 1572 2868 et
1588 2847 1663 2868 eum
1678 2847 1728 2869 se-

1031 2891 1128 2918 cutus
1141 2887 1304 2918 Bernecc.
1319 2886 1470 2917 maluere
1481 2890 1644 2920 tereretur.
1658 2888 1727 2920 Sed

1031 2936 1137 2977 magis
1151 2936 1268 2978 placet
1280 2935 1370 2977 quod
1385 2936 1591 2978 antiquiores
1604 2938 1681 2970 edd.
1694 2944 1729 2971 et
