2101 3419
637 342 830 372 JUsTiNl
868 342 961 371 Llss.

253 437 262 453 ‘
278 436 392 467 Metus
407 445 482 467 cum
499 435 604 475 venit,
620 446 731 466 rarum
746 436 849 467 habet
865 447 950 467 som-

255 495 317 516 nus
328 486 458 517 locum.’
485 485 658 517 Onosand.
672 486 776 517 Strat.
792 489 844 517 42.
859 488 868 504 ‘
884 487 951 519 Qui

254 535 287 566 in
314 536 471 575 periculis
499 540 684 573 versantur,
709 536 744 575 ii,
761 546 802 567 ne
826 537 850 566 si
877 546 950 576 per-

255 586 409 617 mittatur
424 585 570 627 quidem,
592 595 709 616 somno
736 585 804 616 frui
831 586 949 618 velint.

257 635 344 666 Nam
371 642 463 667 metu
486 635 638 676 periculi,
653 636 753 667 etiam
778 646 843 676 quo
868 641 950 667 tem-

255 694 338 724 pore
362 685 442 716 licet
457 684 645 726 quiescere,
662 685 754 716 velut
777 685 860 715 urbe
876 686 950 725 jam

248 734 321 774 jam
363 735 540 774 capienda,
578 735 716 776 vigilare
756 735 949 775 coguntur!

255 783 346 814 Add.
362 785 518 816 Marcell.
536 794 622 816 xxv.
640 795 691 825 pr.
715 786 814 817 Rern.

299 836 316 875 ξ
334 837 372 865 14
395 835 524 866 Assidui
539 835 651 866 imbres
665 839 695 866 et
707 837 792 875 gelu,
806 836 863 866 nia:
883 845 952 865 con-

255 884 352 923 creta]
388 885 500 916 Etiam
527 886 597 915 haec
623 885 795 916 distinctio
825 889 876 916 est
906 885 953 915 vi-

257 934 356 974 tiosa,
377 944 475 975 quam
499 942 678 967 servarunt
699 940 812 966 tamen
837 936 870 966 in
894 946 951 966 no-

255 983 392 1014 vissima
410 984 464 1015 ed.
482 994 615 1025 quoque
631 996 639 1023 ;
664 986 838 1016 cohaereut
862 986 950 1016 enim

254 1032 335 1062 ‘nix
362 1038 522 1065 concreta
549 1036 649 1075 gelu,’
677 1042 795 1077 estque
827 1038 835 1053 ‘
855 1037 951 1076 gelu’

256 1092 320 1114 non
337 1084 448 1124 primi,
465 1095 581 1116 verum
605 1087 693 1118 sexti
718 1097 824 1118 casus.
872 1088 951 1119 Non

256 1133 394 1164 multum
411 1134 512 1165 aliter
527 1135 715 1165 Curt.v111.
734 1140 764 1166 4.
779 1139 787 1154 ‘
804 1138 951 1168 Imbrem

256 1184 303 1213 vis
329 1182 465 1223 frigoris
487 1188 644 1214 concreto
668 1185 746 1224 gelu
765 1185 952 1218 adstrinxe-

257 1233 334 1264 rat.’
357 1234 462 1271 Schef.

300 1284 474 1315 IlIaximum
498 1285 671 1324 pervigilioe
692 1284 822 1324 malum]
855 1285 952 1316 Junt.

253 1333 425 1373 pervigilii.
473 1336 556 1365 Mox
573 1335 633 1366 iid.
650 1336 732 1365 Deos
746 1335 952 1365 contemnebat

258 1393 319 1423 pro
343 1386 486 1414 adversus
501 1386 583 1415 Deos
607 1385 815 1416 contendebat.
838 1385 954 1415 Graev-

258 1434 370 1473 Vulgo
395 1434 569 1473 perrigz'lioe
593 1435 708 1465 malum
735 1434 869 1465 editur:
895 1434 955 1465 sed

259 1484 338 1524 quia
355 1484 482 1514 Noster
507 1493 589 1515 X111.
606 1487 636 1514 8.
651 1487 682 1515 6.
711 1483 832 1515 scribit
857 1484 866 1501 ⁴
882 1493 954 1524 per-

258 1534 372 1574 vigilio
385 1534 493 1565 noctis
509 1533 686 1573 fatigatis‚⁷
712 1538 747 1564 et
771 1534 802 1564 h.
819 1543 954 1574 quoque

258 1587 280 1616 l.
296 1586 392 1618 Junt.
408 1585 584 1617 manifeste
598 1585 702 1615 habet
718 1584 877 1624 pervigilii
892 1595 955 1615 ιηιι-

257 1637 331 1675 lum,
358 1636 408 1666 ita
433 1636 566 1666 omuino
589 1634 796 1666 rescribend.
823 1634 954 1674 putavi-

259 1696 345 1717 mus.
383 1686 483 1717 Vorst.
539 1686 623 1716 Mss.
655 1685 781 1715 habent
811 1685 956 1723 maxime,

259 1736 349 1776 quod
380 1734 524 1776 praefero
554 1735 710 1774 vulgatis.
764 1734 842 1764 Nou
868 1734 956 1764 enim

258 1787 266 1803 ‘
281 1796 382 1827 super
399 1786 488 1816 haee'
511 1790 548 1816 et
573 1785 740 1816 maximum
767 1784 854 1814 bene
877 1793 955 1814 con-

259 1842 457 1868 nectuntur.
490 1837 666 1867 Praeterea
681 1845 743 1866 nec
756 1835 956 1875 pervigilium

260 1896 340 1917 vere
355 1887 522 1917 maximum
539 1887 653 1916 malum
668 1885 802 1916 dicitur.
831 1885 956 1915 Contra

255 1936 455 1977 pervigilium
474 1936 607 1966 maxime
631 1944 688 1965 eos
705 1935 899 1973 obterebat,
921 1935 954 1965 h.

259 1996 289 2016 e.
305 1987 490 2026 praecipue,
501 1984 725 2025 potissimum.
748 1984 957 2023 Fert-igilium

258 2036 346 2075 dico,
361 2045 426 2066 non
440 2035 619 2075 pervigilia,
640 2035 728 2076 quod
745 2035 956 2076 insolentius,

258 2089 294 2116 et
317 2085 414 2117 Junt.
439 2085 495 2116 hic
521 2085 694 2125 pervigilii,
722 2085 812 2126 quod
839 2086 954 2117 Vorst.

258 2136 390 2176 recepit
410 2136 444 2166 in
461 2140 603 2167 textum.
648 2138 720 2176 Ego
737 2140 849 2167 tamen
873 2137 956 2168 alte-

261 2195 336 2216 rum
351 2195 415 2216 non
428 2190 558 2217 temere
576 2187 765 2226 rejecerim.
790 2186 892 2224 Schef.

302 2236 320 2276 ξ
337 2238 375 2266 15
402 2236 465 2266 Per
480 2246 554 2276 quas
568 2236 629 2266 iter
643 2236 807 2276 habebant]
841 2237 956 2268 Plaut.

259 2284 393 2318 Asinar.
416 2295 457 2319 11.
484 2289 536 2317 36.
570 2286 579 2304 ‘
596 2286 675 2318 Huc
702 2287 782 2328 quia
809 2286 956 2317 habebas

997 342 1117 371 XXV.
1152 343 1257 373 cAr.
1288 332 1329 372 1.
1615 331 1699 371 931

1004 437 1094 467 iter!
1119 438 1219 467 Gran.

1047 488 1063 526 ξ
1080 489 1120 517 16
1145 487 1243 517 Nemo
1256 486 1553 526 extantoeecercitu]
1578 486 1701 526 Polyb.

1005 546 1058 567 iv.
1078 540 1129 567 46.
1157 546 1227 573 eos,
1254 537 1311 577 qui
1338 537 1586 576 superaverint,
1612 537 1704 566 circa

1003 586 1206 626 Byzantium
1231 587 1435 625 constitisse,
1462 587 1574 628 ibique
1599 587 1703 626 impe-

1005 636 1090 666 rium
1128 636 1322 666 condidisse
1365 637 1494 667 scribit.
1551 637 1704 674 Bongars.

1005 686 1096 718 Quin
1125 686 1228 716 etiam
1258 686 1384 717 Auctor
1407 695 1526 717 xxxn.
1542 689 1615 717 3.6.
1633 687 1704 725 ipse

1004 735 1065 766 sibi
1083 735 1286 775 contrarius,
1310 735 1474 775 ‘partem'
1497 736 1611 765 horum
1626 736 1706 765 Gal-

1005 785 1113 815 lorum
1144 784 1199 814 ‘in
1227 784 1356 822 Asiam,
1382 789 1513 824 partem
1546 786 1578 814 iu
1605 785 1707 814 Thra-

1005 836 1090 866 ciam
1105 840 1258 866 extorres
1274 833 1403 874 fugisse
1414 836 1422 849 ’
1438 834 1569 865 scribit.
1616 834 1704 864 Item

1006 886 1096 916 Flor.
1119 894 1158 916 11.
1185 888 1235 916 ll.
1254 887 1284 916 3.
1329 884 1506 914 Consentit
1533 889 1646 914 tamen
1676 884 1707 914 ei

1008 934 1180 966 Diodorus
1202 943 1296 966 xxn.
1321 937 1373 966 13.
1398 935 1496 965 Rern.
1541 934 1708 973 Exiguam

1007 986 1131 1017 Gallici
1148 986 1320 1016 exercitus
1337 989 1467 1025 partem
1487 984 1574 1015 cladi
1592 994 1708 1024 super-

1006 1036 1112 1067 fuisse
1138 1036 1223 1067 etin
1240 1037 1425 1076 AEgyptum
1447 1035 1643 1076 pervenisse
1661 1044 1711 1065 re-

1006 1085 1074 1117 fert
1098 1086 1211 1117 Schol.
1244 1087 1375 1117 Callim.
1408 1086 1442 1115 iu
1481 1085 1602 1115 Delum
1635 1087 1709 1115 175.

1005 1135 1130 1176 Βρέννος
1151 1138 1167 1166 ὃ
1183 1138 1243 1166 τῶν
1258 1135 1385 1167 Γάλλων
1407 1134 1555 1171 βασιλεὺς
1578 1146 1709 1172 συναγα-

1005 1187 1068 1225 γὼν
1083 1186 1154 1217 τοὺς
1170 1185 1308 1217 Κελτοὺς
1318 1186 1409 1223 ἦλθεν
1424 1185 1472 1215 ἐπὶ
1488 1184 1625 1222 Πύθωνα,
1641 1188 1710 1220 βου-

1009 1237 1137 1275 λόμενος
1151 1239 1206 1268 τοῦ
1226 1238 1303 1268 Θεοῦ
1323 1237 1363 1267 τὰ
1378 1236 1523 1276 χρήματα
1537 1234 1708 1276 διαρπάσαι·

1006 1287 1140 1320 πλησίον
1151 1287 1183 1316 δὲ
1194 1287 1375 1327 γενομένων,
1385 1289 1400 1317 ὁ
1410 1286 1571 1318 Ἀπόλλων
1583 1285 1711 1326 χαλάζῃ

1008 1333 1203 1374 χρησάμενος
1219 1336 1359 1366 ἀπώλεσε
1374 1337 1447 1368 τοὺς
1459 1336 1583 1367 πλείους
1599 1337 1689 1366 αὐτῶ,
1702 1360 1705 1361 ⁷

1006 1383 1142 1422 Ὀλῖγων
1171 1383 1224 1415 οὖν
1256 1386 1508 1425 περιλειφθέντων
1535 1385 1707 1425 Ἀντίγοιτη

1007 1446 1053 1465 τις
1089 1434 1180 1473 φίλος
1206 1435 1262 1464 τοῦ
1298 1433 1491 1473 Φιλαδέλφου
1517 1436 1703 1472 Πτολεμαῖι,

1008 1486 1143 1524 προξενεῖ
1171 1483 1279 1515 αὐτοὺς
1309 1485 1391 1523 αὐτῷ
1425 1484 1506 1514 ὥστε
1542 1484 1591 1514 ἐπὶ
1617 1488 1711 1523 μισηῖ

1010 1534 1238 1575 στρατεύεσθαι·
1263 1535 1313 1566 κα).
1327 1536 1387 1576 γὰρ
1404 1534 1534 1576 ἔχρῃζεν
1557 1537 1572 1565 ὁ
1588 1540 1686 1566 Πτο.»>
1705 1555 1708 1559 ›

1008 1588 1096 1624 μαῖος
1117 1585 1230 1617 τούτου
1252 1586 1490 1627 στρατεύματος·
1512 1587 1540 1616 οἷ
1556 1586 1588 1616 δὲ
1604 1587 1710 1625 ostiolis?

1008 1636 1226 1674 ἠβουλήθησαν
1251 1636 1301 1668 καὶ
1331 1638 1386 1667 τοῦ
1412 1637 1606 1675 Πτολεμαίου
1632 1639 1686 1673 διας
1709 1657 1711 1659 -

1010 1685 1106 1717 πάσαι
1120 1687 1160 1718 τὰ
1174 1686 1329 1728 χρήματα·
1354 1687 1445 1726 γνοὺς
1458 1686 1510 1718 οὖν
1525 1688 1708 1725 συλλαμβά-

1011 1749 1054 1767 νει
1066 1736 1184 1776 αὐτοὺς,
1199 1737 1249 1767 καὶ
1264 1736 1374 1775 ἀπάγει
1388 1737 1461 1777 πρὸς
1472 1738 1508 1768 τὺ
1523 1737 1645 1776 στόμιον
1657 1750 1712 1768 τικ-γ

1012 1787 1125 1818 Νείλου
1148 1787 1186 1817 'rb
1209 1787 1379 1826 λεγόμενον
1403 1786 1600 1822 Σεβενυτικὸν
1630 1788 1711 1827 fleg,

1010 1838 1150 1878 Σεβενν.]
1171 1837 1221 1868 καὶ
1249 1836 1441 1868 κατέκλυσεν
1466 1836 1574 1868 αὐτοὺς
1600 1838 1696 1867 ἐκεῖσε

1010 1887 1159 1918 Eorund.
1193 1887 1368 1918 Gallorum
1404 1888 1531 1918 mentio
1560 1897 1712 1917 occurris.

1011 1947 1066 1975 ap.
1093 1936 1242 1967 Pausan.
1269 1937 1302 1966 in
1329 1936 1456 1967 Atticis
1481 1947 1514 1977 p.
1531 1940 1581 1967 18.
1603 1937 1709 1967 “Ηνῖ»ε»π

1010 1986 1235 2026 [Πτολεμαῖος]
1263 1985 1512 2026 παρεσκευάζετο
1528 1987 1654 2018 ἐπιόντα
1678 2002 1710 2017 cn«

1007 2035 1152 2074 μύνεσθαι
1178 2034 1302 2074 Μάγαν,
1329 2035 1429 2074 ξένους
1456 2035 1631 2075 ἐπηγάγετο

1010 2085 1122 2116 ἄλλους
1144 2084 1195 2115 καὶ
1217 2084 1357 2117 Γαλάτας
1379 2087 1409 2118 ἐς
1430 2087 1689 2127 ·7-ετρακισ,>(ιλῖ-ι.Ἰ

1009 2135 1136 2167 τούτους
1151 2136 1259 2171 λαβὼν
1271 2136 1523 2172 ἐπιβουλεύοντας
1538 2149 1661 2177 κατασχ
1699 2155 1701 2158 <

1008 2187 1177 2226 Αἴγυπτον,
1191 2186 1331 2225 ἀνήγαγε
1346 2189 1427 2226 σφᾶς
1443 2188 1472 2219 ἐς
1488 2189 1582 2225 νῆσον
1599 2188 1699 2228 ἐρήμ-Μ

1008 2236 1054 2267 διὰ
1067 2236 1123 2266 τοῦ
1133 2237 1282 2274 ποταμοῦ·
1308 2236 1358 2267 καὶ
1373 2237 1401 2267 οἱ
1415 2236 1471 2276 μὲν
1488 2238 1615 2268 ἐνταῦθα
1631 2240 1666 2267 &a
1678 2257 1687 2266 ,ι
1704 2257 1708 2259 —

1008 2292 1102 2318 λοντο
1114 2285 1171 2317 ὑπό
1186 2298 1222 2317 τε
1234 2286 1380 2325 ἀλλήλων
1393 2287 1442 2318 καὶ
1456 2288 1512 2318 τοῦ
1526 2289 1624 2325 λιμοῦ,

762 2571 981 2619 LIBER
1026 2571 1207 2618 XXV.

305 2718 391 2750 ΟΑΡ.
403 2728 429 2750 1.
474 2720 526 2760 §2
551 2720 629 2750 Cum
644 2719 678 2751 in
704 2719 863 2750 Graeciam
884 2728 957 2759 pro-

250 2768 482 2810 ficiscerentur]
506 2768 655 2809 Legend.
680 2778 755 2800 esse
779 2773 862 2809 puto
887 2778 958 2808 pro-

250 2818 459 2860 ficisceretur,
472 2822 511 2849 ut
527 2818 568 2849 ad
590 2819 762 2850 Brennum
779 2817 959 2856 referatur,

260 2877 326 2900 non
351 2867 393 2899 ad
421 2868 551 2909 Gallos,
569 2869 625 2910 qui
649 2868 761 2900 relicti
786 2871 899 2900 essent
916 2867 958 2898 ad

1010 2716 1155 2748 tuendos
1172 2715 1282 2756 gentis
1300 2715 1471 2755 terminos,
1487 2715 1510 2746 i.
1527 2724 1556 2746 e.
1574 2714 1708 2745 Panno>

1011 2768 1102 2798 niam
1124 2771 1159 2798 et
1183 2767 1260 2797 loca
1285 2765 1428 2796 finitima
1444 2765 1625 2802 Dardanis,
1640 2765 1711 2795 Tri--

1012 2817 1120 2856 balliS,
1149 2816 1259 2855 Getis,
1290 2826 1364 2856 quae
1399 2816 1463 2855 ipsi
1502 2814 1698 2846 insederant

1013 2867 1124 2899 Faber.
1170 2866 1259 2900 Qui?
1293 2865 1385 2898 Galli
1413 2865 1543 2907 reliqui.
1591 2864 1636 2896 At
1668 2865 1709 2895 de
