2174 3424
456 351 541 394 622

457 466 533 488 cum
551 459 662 486 tamen
678 453 772 495 ἂρτὴρ
788 457 823 486 et
845 452 996 495 πέλυτρον
1018 453 1155 495 pedulia

457 506 525 537 sint
541 505 668 545 potius,
687 514 787 545 quam
810 505 928 535 calcei.
964 503 1154 545 Ἀναξυρίδαε

456 560 552 588 certe
579 565 605 586 s.
637 555 776 586 braccas
801 554 950 596 (Polluci
979 555 1155 595 proprium

457 606 639 636 Persarum
657 603 857 645 gestamen),
871 609 1068 645 ceterasque
1083 614 1154 635 ves-

457 661 509 687 tes
524 656 589 686 illis
604 655 776 686 coriaceas
793 655 878 686 intio
902 653 1019 695 fuisse,
1046 653 1154 685 tradit

457 706 590 738 Herod.
607 715 633 736 1.
649 708 701 737 71.
724 705 825 737 Bern.

500 757 518 796 ξ
539 759 559 787 4
582 756 736 796 Mentita]
756 756 845 786 Saxo
861 765 927 787 vu.
948 766 982 796 p.
1006 758 1079 786 125.
1103 757 1156 786 37.

456 807 465 824 ‘
479 805 672 838 Femineam
686 806 846 837 mentitus
859 804 1030 846 effigiem!

499 857 518 896 ξ
540 859 559 886 7
583 855 664 886 Haec
675 855 879 895 Babyloniam
892 855 1044 894 condidit]
1055 854 1155 887 Quod

456 906 568 947 ipsum
581 905 721 937 tradunt
735 905 860 937 Strabo
881 905 940 937 lib.
957 914 1031 936 XVI.
1048 905 1155 945 princ.

456 956 564 988 Diod.
581 965 621 986 11.
638 959 669 987 7.
693 955 797 987 Solin.
822 965 896 996 cap.
921 959 973 986 56.
995 955 1103 996 princ.
1119 959 1156 986 et

459 1006 526 1037 alii.
568 1007 694 1037 Verum
713 1005 906 1037 Herennius
925 1005 1024 1036 Philo
1049 1015 1068 1036 a
1089 1006 1156 1036 Ba-

458 1056 582 1097 bylone
597 1056 673 1087 Beli
687 1055 734 1086 fil.
760 1056 932 1087 conditam
949 1055 1078 1092 scribit,
1098 1056 1156 1097 qui

458 1106 525 1138 fuit
534 1110 626 1138 1800.
637 1106 732 1137 annis
745 1107 928 1148 antiquior,
940 1111 1028 1138 teste
1038 1107 1155 1147 steph.

459 1156 502 1188 de
519 1157 603 1188 Urb.
619 1157 652 1188 in
664 1156 820 1192 Βαβυλών.
859 1154 996 1188 Curtius
1011 1167 1044 1188 v.
1062 1160 1092 1187 l.
1105 1159 1157 1188 42.

458 1208 593 1246 Belum,
608 1213 740 1248 patrem
763 1207 859 1246 Nini,
883 1207 1093 1238 conditorem
1109 1205 1160 1237 fa·

459 1259 519 1298 cit,
535 1269 634 1300 quem
651 1269 671 1289 a
683 1257 849 1289 Nimrodo
861 1267 928 1288 non
945 1257 1157 1297 distinguunt

460 1310 629 1341 Eusebius
669 1309 704 1339 in
739 1309 847 1349 princ.
890 1308 1045 1339 Chronic.
1078 1307 1158 1338 Hie-

457 1369 530 1392 ron.
545 1360 580 1390 in
604 1369 634 1390 c.
649 1361 701 1390 11.
727 1358 840 1390 Oseae.
867 1358 1012 1398 August.
1029 1357 1071 1388 de
1085 1357 1157 1390 civ.

458 1410 504 1441 D.
521 1419 597 1440 xvx.
616 1412 666 1441 17.
689 1409 748 1440 sed
775 1408 970 1439 Herodotus
991 1407 1122 1448 (inique
1139 1417 1159 1439 a

458 1461 577 1502 Steph.
606 1461 638 1492 d.
661 1461 682 1492 l.
708 1458 949 1500 reprehensus)
971 1457 1158 1489 rectissime

457 1511 516 1542 lib.
546 1520 571 1542 1.
597 1514 668 1542 184.
691 1510 915 1550 Babyloniam
933 1519 951 1539 a
967 1508 1079 1539 multis
1097 1507 1158 1538 As-

460 1561 629 1602 syriorum
665 1560 800 1600 regibus
841 1559 1014 1590 conditam
1053 1557 1157 1589 fuisse

459 1611 646 1651 paullatim.
670 1610 769 1641 Unde
781 1609 971 1641 Marcellin.
986 1617 1093 1639 xxm.
1104 1611 1158 1639 20.

461 1662 470 1678 ‘
485 1660 613 1691 Moenia
629 1660 762 1701 quidem
790 1660 881 1691 urbis
903 1669 921 1690 a
937 1658 1158 1690 Semiramide

461 1715 660 1742 constructa
676 1709 776 1750 esse‚'
793 1710 860 1741 ait:
893 1710 902 1726 ‘
917 1718 1029 1740 arcem
1045 1712 1159 1739 autem

462 1761 505 1791 ab
522 1760 754 1801 antiquissimo
771 1769 851 1800 rege
871 1760 955 1790 Belo
971 1759 992 1789 :¹
1009 1764 1044 1790 et
1057 1758 1158 1790 Oros.

461 1820 501 1842 ιι.
527 1814 558 1841 6.
597 1812 605 1828 ‘
620 1810 843 1849 Babyloniam
875 1819 895 1840 a
929 1809 1082 1840 Nemrod
1112 1809 1159 1849 gi-

460 1864 561 1900 gante
577 1859 768 1890 fundatam:
802 1869 821 1889 a
844 1859 934 1890 Nino
949 1858 1002 1888 vel
1016 1858 1159 1888 Semira-

461 1909 553 1940 mide
590 1908 804 1948 reparatam.’
865 1908 913 1938 At
950 1907 1159 1939 Nemrodum

461 1959 597 2000 quidem
625 1958 767 1998 primum
797 1958 1006 1988 conditorem
1030 1957 1160 1988 faciunt

462 2014 498 2040 et
513 2008 683 2048 Josephus
705 2016 730 2038 ι.
760 2007 842 2038 Aut.
869 2007 951 2039 Jud.
968 2010 999 2037 6.
1036 2007 1158 2037 Zonar.

463 2063 544 2089 tom.
560 2067 583 2089 1.
601 2063 637 2089 et
653 2057 797 2089 Cedren.
810 2058 843 2087 in
858 2058 948 2088 Hist.
963 2058 1080 2097 Comp.
1097 2066 1160 2088 nec

464 2108 592 2140 abeunt
607 2108 720 2138 Sacrae
736 2107 842 2137 litera*
854 2106 940 2137 Gen.
955 2115 990 2138 x.
1003 2109 1053 2136 10.
1078 2106 1160 2137 Ber-

463 2168 530 2189 nec.
568 2158 680 2198 Hujus
691 2157 858 2197 opinionis
873 2160 992 2187 auctor
1007 2160 1059 2187 est
1071 2165 1161 2187 men-

463 2207 659 2238 dacissimus
670 2206 813 2237 Ctesias.
829 2205 983 2246 Babylon
994 2205 1072 2236 urbs
1084 2215 1161 2236 con-

463 2256 536 2288 dita
551 2261 606 2288 est
621 2267 640 2288 a
655 2257 790 2297 regibus
807 2255 954 2296 Assyriis
970 2257 1070 2295 longe
1084 2259 1161 2296 post

462 2307 537 2338 haec
563 2311 728 2346 tempora.
785 2305 862 2337 Vid.
897 2305 1081 2337 Marsham.
1118 2306 1162 2337 ad

463 2357 540 2388 Sec.
553 2366 644 2388 xvu.
671 2357 777 2388 Groev.

507 2407 646 2438 Harenae
681 2407 745 2437 vice
781 2407 930 2438 bitumine
964 2406 1162 2447 interstrato]

465 2458 635 2498 sequutus
657 2467 729 2488 sum
762 2457 893 2497 Cujacii
923 2457 1074 2488 doctoris
1097 2457 1163 2488 mei

467 2507 627 2539 Codicem
641 2518 649 2538 z
673 2506 764 2548 quod
780 2507 813 2537 in
827 2507 1079 2538 constructione
1094 2516 1164 2537 mu-

465 2567 580 2588 rorum
610 2556 794 2597 Babylonis
820 2566 918 2587 nemo
943 2556 1078 2587 harenae
1106 2560 1165 2587 aut

464 2607 550 2648 picis
574 2606 775 2637 meminerit.
812 2606 915 2636 Diod.
942 2605 1003 2636 Τὰς
1024 2603 1165 2636 πλίνθους

465 2656 506 2688 εἷς
532 2656 694 2696 ἄσφαλτον
723 2655 919 2693 ἐνδυσαμένη.
965 2655 1044 2687 Vid.
1069 2655 1164 2686 Curt.

466 2706 545 2738 Rus.
581 2707 640 2738 lib.
669 2716 704 2739 v.
740 2706 931 2738 Marcellin.
962 2705 1023 2737 lib.
1054 2713 1166 2737 xxm.

469 2757 571 2789 Oros.
592 2767 633 2788 11.
653 2760 685 2788 7.
725 2757 888 2798 Optimus
905 2755 1024 2796 optimi
1048 2761 1083 2786 et
1099 2756 1166 2786 cla-

468 2808 543 2838 riss.
554 2807 629 2838 Viri
645 2807 696 2839 Cl.
714 2807 864 2838 Puteani
888 2806 972 2837 liber
991 2806 1094 2837 habet
1114 2805 1167 2836 ha-

467 2869 551 2889 renae
562 2859 641 2899 pice.
686 2858 828 2890 Asulani
842 2859 896 2890 ed.
913 2868 1015 2890 arenae
1030 2861 1059 2890 et
1074 2858 1167 2889 calcis

468 2909 544 2940 vice.
584 2909 749 2950 Bongars.
807 2909 982 2940 Harenam
1010 2909 1165 2950 intellige

920 361 1060 391 NOTAE
1095 360 1357 391 vARIORUM
1393 362 1443 392 IN

1204 454 1291 485 calci
1320 453 1545 495 permixtam:
1585 463 1650 495 quo
1681 453 1779 485 modo
1807 452 1897 484 Plin.

1203 513 1335 545 quoque
1351 513 1464 536 xxxv.
1487 507 1539 534 15.
1555 514 1598 535 m.
1613 504 1622 520 ‘
1635 503 1818 541 Bitumen‚’
1837 503 1898 542 ait,

1203 555 1213 572 ‘
1227 554 1330 585 calcis
1347 564 1441 585 usum
1464 554 1660 594 praebuisse,
1682 554 1731 584 ita
1744 552 1899 584 ferrumi-

1204 604 1294 635 natis
1327 603 1509 644 Babylonis
1543 602 1670 634 muris.'
1714 602 1782 634 Ubi
1816 602 1899 632 item

1203 662 1270 684 non
1286 654 1412 684 calcem
1430 653 1553 683 nudam
1569 652 1741 691 intelligit,
1757 651 1817 681 sed
1834 651 1900 682 cal-

1204 712 1276 733 cem
1291 707 1473 733 arenatam.
1517 702 1697 733 Alterutra
1717 702 1806 732 enim
1830 700 1900 731 sola

1204 752 1238 783 in
1254 753 1356 784 muris
1379 753 1548 784 struendis
1574 753 1685 783 locum
1701 761 1766 782 non
1782 751 1899 782 habet.

1206 802 1298 833 Hinc
1313 803 1355 834 de
1371 803 1521 834 oratione
1535 812 1601 833 non
1618 803 1810 834 cohaerente
1831 801 1902 832 dic-

1205 855 1278 882 tum
1294 862 1314 882 a
1337 853 1490 893 Caligula
1504 853 1599 883 Suet.
1617 862 1646 883 c.
1664 854 1715 882 53.
1739 852 1748 868 ‘
1762 860 1901 881 arenam

1205 909 1280 932 esse
1307 902 1378 933 siue
1408 902 1526 933 calce.'
1570 902 1756 942 Perspicue
1795 900 1901 940 magis

1207 960 1306 990 quam
1321 951 1512 983 necessario
1533 951 1612 983 Ald.
1640 951 1824 991 exemplar,
1845 950 1901 980 Ιια-

1204 1011 1286 1032 renoe
1302 1006 1332 1033 et
1353 1003 1449 1046 palcis
1471 1004 1535 1034 vice
1557 1004 1612 1034 bit.
1636 1004 1694 1034 int.
1718 1003 1860 1033 Salmas.
1885 1002 1904 1032 ὅ

1205 1050 1368 1091 πάμμεγας
1380 1053 1414 1083 ὶι]
1429 1053 1531 1083 Solin.
1548 1055 1642 1084 1228.
1669 1053 1705 1084 C.
1723 1055 1754 1083 2.
1770 1052 1902 1092 legend.

1207 1107 1335 1143 censet,
1359 1104 1481 1134 arenati
1505 1103 1568 1134 vice
1591 1103 1739 1134 bitumine
1758 1104 1902 1133 interstr.

1207 1154 1316 1192 Bene,
1332 1157 1366 1183 et
1383 1153 1584 1184 admisissem
1598 1153 1631 1183 in
1646 1157 1789 1191 textum,
1804 1153 1831 1182 si
1849 1152 1902 1183 vel

1209 1213 1291 1234 unus
1307 1204 1390 1234 Mss.
1403 1204 1510 1236 Codd.
1524 1203 1720 1234 addixisset.
1766 1204 1828 1233 Est
1844 1212 1902 1232 au-

1208 1257 1278 1283 tem
1294 1253 1303 1270 ‘
1318 1253 1509 1284 arenatum'
1537 1253 1693 1284 Vitruvio
1715 1262 1778 1283 vu.
1796 1256 1827 1283 3.
1844 1252 1902 1283 fiu.

1208 1305 1217 1321 ‘
1231 1305 1306 1336 calx
1339 1314 1415 1335 cum
1451 1315 1553 1336 arena
1588 1304 1777 1346 permixta!
1824 1305 1904 1335 Non

1209 1357 1324 1397 placet
1348 1357 1436 1397 quod
1461 1361 1512 1387 est
1535 1357 1569 1387 in
1594 1356 1648 1387 ed.
1666 1366 1718 1387 an.
1735 1359 1828 1387 1500.
1845 1365 1904 1386 ex-

1209 1417 1300 1446 cusa,
1315 1407 1502 1447 castigante
1528 1406 1708 1446 SabeUico,
1730 1406 1843 1436 harena
1859 1405 1905 1436 bi-

1208 1458 1324 1488 tumine
1348 1458 1553 1488 interstruta:
1590 1461 1627 1486 ut
1655 1465 1716 1486 nec
1742 1456 1904 1487 aliorum:

1208 1518 1313 1547 arena,
1327 1509 1406 1547 pice,
1428 1507 1578 1537 bitumine
1600 1507 1660 1538 int.
1683 1506 1761 1546 quia
1774 1505 1811 1536 in
1825 1515 1905 1536 con-

1207 1558 1396 1588 structione
1418 1566 1586 1587 murorum
1611 1555 1795 1596 Babylonis
1811 1555 1908 1586 hare-

1210 1617 1261 1638 nae
1279 1612 1313 1639 et
1329 1607 1412 1647 picis
1435 1606 1594 1637 adhibitae
1620 1615 1719 1636 nemo
1741 1605 1906 1636 meminit.

1210 1657 1286 1688 vid.
1303 1657 1398 1689 Curt.
1416 1666 1450 1688 v,
1468 1659 1496 1688 1.
1518 1659 1572 1687 43.
1589 1655 1777 1686 Marcellin.
1797 1663 1907 1686 xxm.

1210 1709 1263 1738 20.
1301 1707 1402 1738 Oros.
1434 1716 1474 1737 11.
1501 1710 1531 1737 6.
1555 1706 1686 1737 Ber-nec.
1732 1705 1796 1736 Ed.
1825 1704 1906 1736 Ald.

1209 1758 1334 1788 harena>
1355 1761 1384 1788 et
1407 1757 1499 1787 calcis
1523 1757 1586 1787 tice
1601 1755 1750 1786 bitumine
1771 1755 1908 1786 interstr.

1210 1808 1255 1838 Et
1284 1817 1364 1839 sane
1400 1807 1504 1838 calcis
1533 1817 1573 1837 ea
1598 1806 1633 1836 in
1657 1816 1692 1836 re
1714 1805 1906 1846 praecipuus

1210 1866 1288 1886 usus
1301 1860 1365 1886 est.
1409 1856 1509 1887 Unde
1531 1855 1619 1886 Pliu.
1648 1863 1762 1885 xxxv.
1781 1857 1830 1884 15.
1855 1863 1906 1885 so-

1209 1907 1275 1937 lam
1291 1906 1456 1937 ‘calcem'
1479 1906 1641 1944 nominat,
1675 1905 1732 1936 ubi
1759 1905 1801 1935 de
1827 1904 1905 1936 eod.

1209 1957 1383 1988 bituminis
1398 1967 1458 1988 usu
1473 1957 1560 1997 agit;
1588 1956 1774 1996 scribitque
1797 1956 1806 1972 ‘
1821 1956 1907 1986 bitu-

1209 2016 1285 2037 men
1299 2007 1399 2037 calcis
1417 2015 1509 2037 usum
1531 2004 1737 2046 praebuisse,'
1753 2007 1819 2035 &c.
1843 2005 1908 2036 Ce-

1209 2063 1319 2090 terum
1330 2058 1417 2099 quod
1432 2057 1540 2089 Codd.
1553 2058 1636 2088 Mss.
1650 2067 1750 2087 arenae
1763 2060 1909 2095 tantum,

1210 2110 1263 2140 vel
1276 2109 1408 2148 harenoe,
1427 2108 1562 2147 liabent,
1577 2107 1718 2138 Salmas.
1733 2107 1765 2136 in
1785 2107 1906 2137 Exerc-

1211 2159 1300 2189 Plin.
1332 2158 1364 2188 iu
1390 2158 1493 2188 Solin.
1516 2167 1549 2196 p.
1576 2159 1668 2188 1228.
1692 2155 1840 2196 conjecit
1859 2156 1907 2186 le-

1211 2208 1310 2248 gend.
1328 2217 1400 2238 esse
1414 2206 1625 2237 arenativice:
1643 2206 1692 2236 uti
1709 2205 1785 2236 calx
1803 2213 1908 2235 arena

1211 2258 1381 2299 permixta
1407 2256 1551 2296 intelligi
1579 2256 1694 2296 possit.
1741 2255 1802 2285 Est
1818 2254 1907 2285 enim

1209 2309 1218 2324 ‘
1231 2306 1424 2338 arenatum'
1451 2306 1584 2337 Vitruv.
1610 2309 1645 2336 et
1662 2304 1785 2336 Catoni
1809 2304 1819 2320 ‘
1832 2304 1907 2335 calx

1212 2367 1313 2388 arena
1326 2355 1518 2398 permixta!
1550 2357 1652 2387 Vorst.

1256 2408 1287 2437 E
1312 2410 1396 2438 terra
1424 2405 1591 2444 exoestuut]
1639 2404 1800 2445 Plerique
1823 2407 1909 2435 vett.

1213 2462 1243 2491 et
1282 2462 1390 2490 erecta>
1423 2461 1546 2488 statuae.
1590 2456 1847 2487 Semiramidem
1874 2456 1909 2486 in

1213 2509 1305 2548 regia
1329 2509 1452 2548 χαλκᾶς
1481 2506 1597 2538 εἰκόνας
1623 2506 1773 2546 posuisse
1801 2505 1909 2537 refert

1212 2557 1317 2589 Diod.
1339 2567 1379 2589 11.
1398 2560 1428 2589 8.
1452 2562 1488 2588 et
1502 2560 1532 2587 9.
1557 2560 1592 2587 et
1615 2555 1649 2586 in
1671 2555 1797 2594 templo
1813 2555 1908 2587 Jovis

1213 2608 1293 2649 τρία,
1333 2608 1454 2649 inquit,
1487 2605 1712 2638 κατεσκεύασεν
1744 2604 1910 2644 ἀγάλματα

1214 2659 1316 2699 χρυσᾶ
1352 2657 1534 2698 σφυρήλατα
1568 2655 1651 2692 Διὸς,
1677 2656 1778 2695 Ἧρᾶς,
1813 2654 1910 2687 Ῥέας.

1214 2708 1283 2739 Sed
1299 2708 1434 2749 vulgata
1457 2707 1558 2738 lectio
1577 2705 1794 2738 confirmatur
1809 2706 1910 2747 Cuja-

1216 2758 1260 2789 cii
1274 2758 1372 2789 libro.
1395 2758 1500 2797 Bong.

1259 2809 1276 2848 ς
1300 2810 1319 2838 8
1343 2808 1535 2848 AEthiopium
1553 2817 1666 2847 quoque
1679 2817 1772 2846 regno
1786 2816 1839 2838 suo
1854 2808 1908 2838 od-

1207 2857 1302 2898 J'ecit]
1326 2858 1404 2889 Non
1422 2857 1586 2888 concedet
1610 2857 1672 2888 hoc
1698 2857 1827 2888 Herod.
1849 2857 1907 2888 lib.

1216 2908 1328 2950 11.qui
1344 2908 1548 2948 AEthiopiam
1564 2907 1605 2939 ab
1623 2908 1755 2940 nemine
1768 2913 1907 2939 externo
