2101 3419
410 367 504 407 xliv

455 474 606 504 Educatio
635 473 796 504 liberorum
829 473 913 513 apud
942 473 1110 514 Spartanos

409 517 453 551 iii,
469 519 499 551 3,
513 520 532 547 6
555 517 696 546 Lucanos
711 515 795 552 xxiii,
810 518 839 553 1,
851 518 870 547 7
894 515 1020 547 infantis
1034 517 1111 547 edu·

412 558 493 588 catio
511 558 592 594 xxiii,
607 563 639 594 4,
656 561 674 589 3

455 601 593 631 Educere
605 600 772 631 exercitum
782 600 816 630 in
827 600 924 631 aciem
938 600 1022 636 xviii,
1036 604 1066 637 l,
1078 604 1111 633 4.

411 643 532 679 xxxviii,
559 646 588 679 l,
611 646 642 675 8.
679 643 754 679 xliii,
780 645 809 681 1,
833 646 875 674 10
909 644 1112 685 Cappadocia

413 687 542 715 eductus
558 686 680 722 xxxviii,
694 690 727 722 5,
742 689 763 717 6

453 727 578 758 Effectu
593 727 710 769 majora
725 738 818 769 quam
833 733 907 758 voto
922 727 956 764 ii,
971 731 1004 764 6,
1021 730 1038 759 1

455 770 571 801 Efferre
584 772 703 811 aliquos
715 771 832 812 magnis
841 771 982 801 funerum
991 771 1113 811 impen-

411 812 451 842 sis·
468 813 518 849 xii,
536 816 566 850 l,
584 817 600 844 1
625 814 724 844 elatus
737 813 865 844 victoria
879 824 929 853 xv,
941 816 972 848 2,
987 816 1027 845 10
1050 813 1113 843 ela-

413 862 461 885 tus
478 855 594 896 impetu
610 856 740 886 fortunae
754 856 802 897 (id
817 861 874 892 est,
890 856 922 885 in
934 856 1029 886 altum
1041 857 1113 885 sub-

412 898 511 938 latus)
525 910 612 935 xxxv,
625 902 657 935 2,
670 902 690 930 4
705 898 809 929 Vorst.
831 899 930 929 elatus
943 909 960 929 e
971 898 1112 929 convivio

415 941 466 975 xii,
484 944 535 976 13,
551 945 571 972 9

456 983 560 1013 Efficit
569 988 713 1014 sexcenta
723 983 818 1014 millia
826 993 972 1025 passuum
982 983 1115 1024 spatium

416 1027 528 1055 montis
544 1027 615 1062 xliv,
632 1029 662 1061 l,
678 1029 699 1057 9

460 1068 622 1098 Etfodere:
648 1068 770 1098 oculum
787 1067 866 1109 regis
881 1067 991 1098 effodit
1005 1067 1117 1109 sagitta

416 1111 469 1145 vii,
485 1114 516 1145 6,
536 1115 574 1142 14
597 1111 716 1141 effossis
731 1110 828 1141 oculis
843 1109 904 1147 xxi,
918 1113 950 1146 4,
965 1113 984 1141 7

460 1154 657 1183 Eii'oeminata
671 1164 745 1193 gens
760 1153 889 1184 mollitie
903 1157 936 1183 et
955 1152 1073 1183 luxuria
1095 1151 1118 1188 i,

415 1199 446 1232 7,
466 1198 504 1226 13

460 1238 573 1267 Effoeta
588 1242 661 1267 aetas
675 1236 746 1278 (pro
759 1236 858 1273 senili,
871 1236 915 1267 ita
926 1237 1021 1273 dicta,
1033 1237 1118 1278 quod

418 1281 587 1315 fv1¹tul,l10c
601 1285 646 1309 est
659 1280 746 1319 proli,
760 1279 892 1321 amplius
903 1290 967 1310 non
979 1279 1019 1310 sit
1031 1279 1120 1321 apta)

421 1325 462 1361 vi,
477 1326 508 1357 7,
525 1326 544 1353 4
569 1322 705 1352 Ρ10111511.

455 1346 630 1395 Eiiundere
653 1364 724 1406 (pro
747 1363 979 1405 impertinenter
1000 1369 1032 1395 et
1053 1364 1120 1394 abs-

419 1419 479 1449 que
505 1408 620 1437 titione
643 1407 839 1447 impendere)
862 1407 902 1443 vi,
926 1410 957 1443 9,
982 1410 1000 1438 3
1035 1406 1121 1438 Galli

418 1452 450 1481 in
464 1450 635 1481 Grfeciams
624 1461 654 1479 e
665 1450 831 1480 etiundunt
841 1450 915 1491 (hoc
923 1455 980 1485 est,
990 1449 1120 1485 irruunt,

421 1495 602 1532 irrumpunt,
627 1494 665 1522 ab
688 1502 834 1533 aquarum
850 1492 881 1522 vi
904 1492 1002 1532 petita
1024 1497 1120 1522 meta·

422 1538 533 1576 phora)
551 1535 629 1570 xxiv,
642 1538 673 1571 6,
688 1539 703 1567 l
722 1535 861 1565 Freinsh.
886 1545 948 1565 non
961 1534 1121 1565 effundere

422 1578 560 1608 orbitatis
574 1578 708 1607 dolorem
721 1577 752 1607 in
765 1577 915 1618 lacrymas
928 1577 948 1613 i,
961 1580 993 1613 8,
1006 1580 1027 1608 9
1041 1577 1120 1607 effu-

422 1632 472 1650 sus
490 1622 518 1650 in
536 1620 672 1650 laetitiam
695 1620 747 1656 xii,
766 1623 818 1657 13,
834 1624 865 1651 7.
887 1620 968 1657 xxiv,
985 1623 1016 1655 3,
1033 1622 1052 1650 3
1076 1620 1121 1650 ef-

420 1664 506 1693 fusus
523 1664 644 1692 obviam
666 1663 799 1704 populus
821 1663 913 1699 xxxii,
930 1665 960 1698 1,
975 1665 994 1693 7
1025 1662 1124 1693 effusa

423 1707 521 1736 0111an
539 1706 702 1736 multitudo
717 1705 838 1736 obviarn
854 1705 994 1746 procedit
1009 1715 1038 1740 v,
1054 1708 1086 1741 4,
1102 1708 1123 1737 9

423 1750 581 1778 ‹11i'.indere
604 1748 719 1779 reditus
738 1748 881 1789 publicos
904 1748 936 1778 in
958 1753 1124 1789 apparatus

424 1792 565 1821 ludorum
582 1791 622 1826 vi,
638 1794 669 1826 9,
685 1794 705 1822 2

468 1834 565 1874 Egere
582 1834 716 1864 vindicta
731 1832 770 1869 ix,
784 1835 816 1869 2,
828 1836 848 1865 4
871 1833 981 1874 opibus
996 1832 1078 1869 xxiv,
1090 1835 1123 1869 6,

425 1880 444 1905 5
468 1883 538 1916 eget
553 1876 644 1906 nullis
659 1876 870 1906 defensoribus
885 1875 982 1906 tutela
995 1875 1056 1906 loci
1071 1875 1124 1911 xli,

427 1923 458 1953 5,
474 1922 492 1949 3
517 1930 609 1958 egens
625 1919 767 1948 humanae
783 1918 850 1959 opis
867 1918 950 1954 xxiii,
964 1920 996 1953 4,
1010 1921 1029 1949 7

472 1961 644 2000 Egeruntur
659 1962 753 1990 moles
768 1971 927 1991 arenarum
942 1961 984 1998 iv,
1001 1963 1031 1996 1,
1047 1963 1068 1992 6

422 2024 427 2028 ·
472 2004 599 2042 Egestas
616 2003 697 2039 xxiii,
713 2006 744 2038 2,
761 2006 802 2034 10

472 2046 584 2085 Egnedi
601 2046 631 2074 in
656 2045 792 2085 praelium
816 2045 848 2081 ii,
864 2047 896 2081 9,
911 2047 932 2077 9
957 2055 1055 2075 annos
1071 2054 1128 2086 pu·

430 2089 554 2119 bertatis
570 2088 639 2123 xxii,
657 2092 686 2124 l,
702 2091 732 2119 4.
755 2098 843 2123 xxxv,
859 2090 891 2123 2,
908 2090 928 2118 2

472 2131 603 2171 Egregie
619 2131 680 2166 viii,
697 2133 728 2166 3,
743 2133 774 2161 6.
797 2130 838 2166 ix,
856 2133 884 2165 l,
900 2132 920 2161 2

473 2173 622 2212 Egregius
642 2172 821 2203 adolescens
843 2172 887 2208 iii,
907 2175 934 2208 l,
951 2175 972 2203 9
1000 2171 1130 2212 egregiae

432 2217 541 2246 indolis
555 2217 741 2245 incrementa
753 2215 805 2251 vii,
817 2219 847 2251 5,
859 2217 878 2245 2
893 2214 1015 2255 egregia
1026 2215 1131 2244 indole

432 2260 531 2289 clarus
553 2258 605 2294 vii,
622 2261 653 2294 2,
672 2261 710 2289 13
739 2256 819 2287 inter
833 2257 930 2287 multa
952 2258 1075 2298 egregia
1096 2256 1132 2294 ii,

432 2305 463 2335 7.
481 2304 500 2331 f»

474 2344 602 2383 Ejurarc
618 2353 730 2373 nomen
746 2343 852 2383 patriae
866 2342 920 2379 xii,
934 2344 967 2378 4,
984 2345 1000 2374 l

476 2387 616 2415 Elabitur
638 2386 757 2426 gladius
780 2395 798 2415 e
822 2395 914 2415 manu
938 2384 1040 2421 xxxiii,
1063 2387 1097 2421 2,
1112 2387 1132 2416 3

434 2428 573 2468 deceptis
588 2427 768 2458 custodibus
784 2428 913 2457 elabitur
935 2427 1028 2462 xxvii,
1043 2430 1074 2463 3,
1094 2430 1131 2459 ll

477 2471 675 2501 Elaboraturn
697 2481 716 2501 a
737 2470 915 2511 parentibus
928 2469 1090 2511 imperium
1112 2470 1134 2507 i,

479 2555 598 2586 Lis-ctio
614 2554 693 2586 inter
707 2555 840 2596 aequales
856 2555 989 2587 difficilis
1008 2555 1030 2592 i,
1048 2559 1100 2592 10,
1115 2557 1136 2586 2

480 2599 672 2638 Εὶςμὶιτιηῑυε
695 2598 775 2628 ferus
792 2598 870 2628 ultro
894 2609 925 2629 se
948 2599 1038 2629 offert
1059 2598 1137 2628 San·

438 2642 579 2671 ‹lrocotto
596 2652 643 2676 xv,
659 2643 690 2677 4,
708 2643 747 2671 19
769 2641 830 2670 dux
845 2641 917 2671 belli
929 2646 961 2671 et
973 2641 1136 2681 praeliator,

437 2684 512 2713 ibid.
536 2684 768 2724 elephantorum
791 2689 884 2714 terror
900 2684 1020 2724 Pyrrho
1040 2683 1138 2714 victo-

441 2728 513 2755 riam
538 2726 682 2756 adversus
705 2725 863 2756 Romanos
887 2727 942 2756 dat
964 2725 1046 2762 xviii,
1070 2730 1100 2762 l,
1117 2729 1138 2757 6

442 2770 622 2809 elephantos
645 2779 715 2797 suos
730 2768 828 2799 Gallis
850 2769 988 2799 ostendit
1005 2768 1138 2810 Antigo-

442 2823 510 2846 nus,
527 2811 644 2841 terroris
659 2821 751 2841 causa
773 2822 841 2847 xxV,
858 2814 889 2848 1,
904 2815 925 2843 6

486 2854 632 2883 Eleusina
646 2863 730 2883 sacra
745 2853 777 2890 ii,
795 2856 827 2895 8,
841 2857 858 2885 1

485 2896 606 2925 Eli—usis
622 2895 654 2931 ii,
667 2899 698 2931 6,
714 2899 753 2926 12

486 2938 606 2978 Eligcre
631 2939 741 2969 ducem
763 2938 827 2976 viii,
849 2942 881 2977 2,
905 2941 935 2971 1.
963 2938 1040 2975 xliii,
1062 2941 1094 2975 5,
1117 2941 1135 2969 5

1058 375 1220 406 INDEX

1159 472 1272 503 milites
1286 471 1328 509 xi,
1343 476 1375 509 6,
1390 475 1410 504 4
1430 471 1569 512 judicem
1584 472 1648 509 viii,
1662 475 1743 513 3,14
1767 477 1857 507 mari-

1160 520 1225 545 tum
1248 514 1324 552 xliii,
1346 518 1377 551 3,
1403 517 1441 546 ll
1471 515 1588 546 electus
1605 515 1726 556 judicio
1749 520 1858 558 populi

1159 557 1233 594 xliv,
1248 561 1280 594 2,
1297 561 1316 589 7
1345 558 1407 587 dux
1430 558 1462 587 iu
1477 558 1558 588 hanc
1580 559 1719 588 militiam
1741 561 1858 591 electus

1193 603 1256 636 ,1,
1280 603 1301 631 2
1338 610 1400 629 11011
1423 605 1484 629 tam
1507 601 1547 630 ad
1569 601 1747 632 societatem
1774 603 1859 640 belli,

1160 610 1252 683 qriam
1265 642 1298 672 in
1310 642 1536 673 successionem
1548 644 1635 683 regni
1645 644 1735 674 electi
1750 645 1813 680 xiii,
1828 649 1859 682 l,

1162 688 1201 717 13
1232 695 1295 715 non
1310 695 1347 715 ex
1363 695 1424 714 una
1438 690 1541 726 gente,
1565 687 1618 716 sed
1641 697 1679 716 ex
1698 691 1764 717 toto
1787 689 1861 718 orbe

1161 728 1253 758 electi
1265 733 1408 758 terrarum
1423 728 1487 762 xiii,
1499 730 1529 764 1,
1544 731 1583 759 ll
1607 729 1714 759 electae
1729 729 1862 770 pulchri-

1162 770 1278 801 tudinis
1294 770 1419 810 pellices
1435 770 1487 806 xii,
1503 773 1534 806 3,
1550 773 1591 801 10

1205 811 1267 842 Elii
1289 813 1485 853 tyrannidem
1509 813 1667 852 patiuntur
1687 813 1769 848 xxvi,
1794 817 1824 850 l,
1840 816 1861 845 4

1181 854 1345 895 Perperam
1381 855 1463 886 enirn
1499 855 1542 886 ibi
1579 856 1640 897 leg.
1683 856 1862 898 Epirorum)

1196 903 1268 927 orst.

1206 939 1327 969 Elimaei
1342 939 1450 980 populi
1472 939 1572 976 nxvi,
1590 943 1620 978 1,
1635 944 1656 973 4
1678 941 1862 982 (legendum

1164 982 1269 1024 potius
1285 981 1436 1023 Elymaei)
1459 982 1555 1012 Vorst

1208 1024 1310 1054 Elissa
1337 1024 1430 1065 (alias
1460 1024 1563 1063 Dido)
1592 1024 1676 1060 xxiii,
1705 1027 1737 1060 4,
1768 1028 1787 1056 3
1831 1025 1864 1056 in

1166 1065 1305 1097 Africam
1328 1067 1408 1107 fugit
1435 1066 1519 1103 xviii,
1542 1071 1574 1106 5,
1597 1070 1616 1099 8
1646 1067 1886 1108 Carthaginem*

1167 1110 1275 1140 condit
1288 1109 1371 1145 xviii,
1385 1113 1416 1145 5,
1430 1112 1470 1140 14
1493 1115 1621 1140 mortem
1635 1110 1692 1140 sibi
1702 1109 1867 1141 consciscit

1167 1152 1252 1188 xviii,
1266 1155 1298 1188 6,
1314 1155 1332 1182 ⁷
1364 1162 1382 1181 a
1398 1151 1701 1193 Carthaginiensibus
1716 1163 1772 1194 pro
1795 1153 1866 1184 Dea

1168 1194 1280 1225 colitur
1294 1194 1377 1230 xviii,
1393 1197 1425 1231 6,
1439 1197 1459 1226 8

1211 1237 1372 1278 (Ellipsis·
1377 1237 1391 1277 )
1407 1243 1440 1267 ut
1453 1237 1599 1267 differant
1614 1237 1694 1268 bella
1706 1247 1797 1284 quam
1814 1248 1868 1278 ge-

1168 1285 1238 1310 rant
1252 1279 1402 1321 (subaud.
1425 1280 1577 1329 ‘potius')
1601 1281 1641 1316 vi,
1659 1283 1689 1316 1,
1704 1284 1722 1311 5
1747 1280 1867 1311 mittere

1169 1331 1225 1363 per
1236 1332 1330 1362 regna
1341 1322 1393 1362 qui
1410 1322 1586 1362 opinionem
1602 1328 1704 1353 serant
1719 1322 1868 1363 (subaud.

1170 1364 1326 1405 ‘aliquos'
1331 1365 1344 1405 )
1357 1364 1421 1401 viii,
1433 1367 1465 1401 3,
1478 1368 1498 1397 8
1521 1370 1629 1405 quarta
1643 1366 1694 1395 die
1707 1365 1867 1395 sanitatem

1169 1408 1287 1447 recepit
1299 1408 1471 1448 (subaud.‘
1485 1408 1583 1448 post’)
1607 1409 1647 1444 xi,
1663 1411 1695 1444 8,
1710 1411 1730 1439 9
1753 1409 1781 1448 (‘
1796 1407 1868 1437 tam’

1170 1449 1320 1480 omittitur
1342 1455 1491 1491 sequente
1515 1450 1666 1491 ‘quam’)
1693 1450 1747 1487 xii,
1771 1453 1802 1485 8,
1828 1452 1868 1482 14

1170 1492 1274 1523 Vorst.

1212 1534 1402 1576 Eloquentia
1412 1534 1583 1565 Alcibiadis
1594 1535 1734 1565 vitiorum
1748 1540 1870 1576 tegmen

1171 1587 1202 1612 v,
1214 1580 1247 1613 2,
1259 1580 1277 1608 7
1303 1577 1522 1608 Demosthenis
1537 1578 1602 1614 xiii,
1614 1583 1646 1614 5,
1660 1581 1701 1609 10
1723 1578 1872 1618 eloquen-

1172 1620 1222 1649 tiae
1246 1620 1344 1660 patria
1366 1619 1500 1650 Athenae
1523 1631 1553 1656 v,
1576 1624 1608 1657 9,
1631 1623 1652 1651 9
1684 1620 1872 1661 eloquentiae

1172 1662 1279 1703 priscae
1295 1662 1339 1693 vir
1353 1662 1482 1703 Trogus,
1499 1663 1591 1693 Praef.
1605 1667 1621 1695 1

1215 1704 1322 1735 Eluxit
1336 1705 1452 1736 miseris
1467 1715 1555 1736 casus
1570 1716 1692 1736 suorum
1706 1705 1767 1740 xix,
1782 1707 1814 1741 2,
1831 1707 1869 1736 ll

1215 1747 1348 1789 Elymaei
1372 1748 1480 1788 populi
1503 1748 1603 1785 xxxvi,
1619 1750 1686 1786 l,4
1715 1748 1874 1790 Elymaeus

1173 1790 1296 1830 Jupiter
1310 1791 1402 1826 xxxii,
1417 1795 1449 1827 2,
1468 1794 1482 1822 l

1215 1832 1353 1863 Emanus
1369 1833 1529 1864 Gallorum
1546 1833 1608 1862 dux
1623 1832 1703 1868 xxiV,
1719 1836 1750 1869 7,
1766 1836 1786 1864 2

1217 1875 1361 1905 Emathia
1402 1876 1527 1907 nomine
1565 1875 1757 1906 Emathionis
1796 1874 1874 1915 regis

1173 1918 1404 1958 cognominata,
1445 1925 1554 1959 postea
1589 1918 1781 1949 Macedonia
1821 1918 1875 1954 vii,

1175 1963 1206 1996 1,
1224 1963 1241 1992 1

1218 2002 1327 2033 Emere
1342 2002 1444 2032 omnia
1463 2002 1714 2042 compensatione
1731 2002 1875 2032 mercium

1175 2045 1220 2081 111,
1236 2048 1268 2081 2,
1286 2048 1323 2076 11
1355 2044 1534 2075 dilationem
1552 2045 1623 2075 belli
1638 2045 1676 2075 ab
1691 2045 1795 2085 aliquo
1813 2044 1876 2079 viii,

1176 2090 1208 2124 4,
1232 2090 1250 2118 7
1283 2087 1418 2127 periculo
1441 2087 1565 2126 spiritus
1588 2087 1646 2124 sui,
1672 2093 1707 2117 ut
1728 2093 1877 2117 extremos

1178 2129 1302 2171 spiritus
1318 2129 1449 2169 alicujus
1463 2129 1596 2170 excipias
1611 2129 1694 2166 xxiii,
1708 2132 1739 2164 2,
1757 2132 1776 2160 8

1221 2172 1359 2212 Emergit
1372 2182 1485 2202 nomen
1499 2172 1709 2203 Macedonum
1724 2173 1802 2202 inter
1817 2171 1881 2201 otia

1179 2214 1358 2246 Graecorum
1381 2215 1421 2251 vi,
1437 2217 1469 2251 9,
1484 2217 1505 2246 6
1534 2215 1664 2256 emergit
1684 2214 1785 2244 insula
1807 2225 1877 2250 xxx,

1179 2260 1212 2294 4,
1227 2260 1247 2289 2

1224 2298 1360 2329 Emerita
1374 2299 1527 2339 stipendia
1549 2299 1598 2340 (id
1614 2304 1671 2336 est,
1694 2299 1792 2335 finita,
1808 2309 1878 2329 cum

1181 2342 1337 2382 stipendia
1350 2343 1450 2372 faeere
1464 2352 1519 2373 seu
1541 2342 1646 2372 mereri
1670 2352 1733 2372 non
1749 2341 1880 2382 amplius

1182 2384 1325 2424 deberet)
1348 2385 1409 2419 xiv,
1425 2387 1455 2418 3,
1472 2387 1492 2415 8
1521 2384 1656 2415 emeritae
1675 2384 1792 2415 militiae
1815 2384 1881 2424 ple-

1183 2427 1270 2468 rique
1287 2427 1327 2463 xi,
1344 2432 1376 2462 6,
1392 2430 1411 2458 4
1439 2427 1539 2458 Vorst.

1227 2470 1352 2500 Emetiri
1366 2470 1463 2499 multa
1477 2469 1572 2500 millia
1585 2479 1728 2509 passuum
1741 2469 1782 2505 111,
1796 2471 1848 2504 15,
1862 2472 1881 2500 5

1183 2523 1341 2544 emensum
1359 2518 1478 2542 tantum
1492 2513 1607 2543 itineris
1622 2512 1685 2548 xlii,
1703 2515 1733 2549 1,
1748 2515 1768 2542 2

1226 2554 1349 2586 Emicat
1365 2555 1443 2586 inter
1457 2561 1574 2587 ceteros
1589 2554 1721 2596 alicujus
1737 2553 1832 2596 gloria
1851 2552 1884 2588 ii,

1186 2601 1219 2634 9,
1238 2601 1276 2629 15

1229 2639 1385 2680 Emigrare
1399 2650 1428 2675 v,
1447 2642 1498 2674 10,
1515 2642 1534 2671 4
1551 2645 1582 2670 et
1597 2643 1628 2671 9.
1650 2639 1724 2675 xliii,
1739 2641 1770 2675 4,
1785 2641 1806 2670 2

1228 2683 1376 2713 Emittere
1406 2692 1495 2712 voces
1525 2682 1675 2712 incassum
1708 2682 1748 2716 xi,
1782 2685 1831 2717 15,
1861 2684 1882 2712 6

1186 2726 1324 2757 emittere
1353 2731 1469 2766 partem
1494 2725 1624 2766 legionis
1648 2725 1680 2755 in
1705 2734 1828 2755 securos
1853 2728 1884 2753 et

1186 2769 1273 2799 laetos
1289 2767 1353 2804 xlii,
1368 2770 1400 2802 4,
1417 2771 1437 2798 8

1229 2810 1496 2841 Emolumentum:
1520 2809 1558 2839 ad
1581 2809 1674 2851 hujus
1695 2809 1883 2840 emolumen-

1186 2858 1250 2884 tum
1267 2852 1400 2893 pertinet
1415 2853 1454 2888 ix,
1473 2856 1501 2888 l,
1517 2856 1537 2883 2

1230 2895 1362 2926 Enatam
1378 2896 1469 2925 vitem
1486 2906 1522 2925 ex
1538 2894 1726 2925 naturalibus
1745 2893 1815 2924 filiae
1831 2902 1884 2934 per

1188 2948 1329 2970 somnum
1345 2937 1423 2968 vidit
1438 2937 1459 2975 i,
1474 2940 1506 2974 4,
1523 2940 1542 2969 2
