2101 3419
520 366 716 398 JUSTlNi
749 366 842 397 mn.
874 366 1020 397 xmu.
1051 367 1158 397 cAP.
1187 358 1230 400 5.

156 473 238 494 mam
263 461 339 502 ejus.
391 462 476 493 Mox
502 461 561 493 iid.
584 461 715 493 insidias
740 461 854 502 aperit.

157 513 275 544 Graev.
320 511 645 552 Rescripsiformum,
660 516 699 543 ut
719 512 753 542 in
769 511 856 542 anti-

158 562 330 604 quioribus
347 562 438 603 typis
451 561 623 602 expressis
639 565 704 600 est,
727 564 763 592 et
778 569 856 591 usus

160 612 315 644 obtinet:
338 621 405 653 qua
430 610 539 642 forma
563 610 696 651 vulgari
720 619 799 641 vm.
823 613 855 640 5.

163 663 216 692 13.
234 666 270 693 et
286 670 354 692 xu.
371 664 402 691 5.
417 664 449 692 4.
473 661 547 701 ipse
572 670 706 702 quoque
730 661 858 692 Noster

162 720 241 742 usus
258 715 322 743 est.
343 711 452 751 Bong.
466 709 716 749 maluitsormoe.
739 710 857 741 Vorst.

205 761 223 800 ς
238 763 258 791 9
280 760 384 798 Patef.
399 760 473 800 ins]
511 761 613 792 Oros.
628 769 663 792 v.
680 763 712 791 6.
728 760 738 777 ‘
753 760 857 791 Pate-

160 807 253 841 facta
267 809 421 841 Catilinae
434 809 689 850 conjuratione.’

206 860 223 899 ς
246 861 284 889 ll
311 860 410 890 Caras
434 858 559 899 habere]
597 859 644 891 Η.
673 869 703 891 e.
727 859 859 891 curiose

161 908 319 941 scrutari.
383 908 462 940 Non
492 909 700 942 dissimiliter
733 911 743 928 ‘
761 919 858 941 curas

164 958 285 999 agere'
307 959 421 999 posuit
441 959 655 1001 Lampridius
675 960 710 992 in
729 959 785 991 Al.
800 961 860 991 Se-

163 1018 246 1040 vero
261 1011 314 1040 64.
331 1008 389 1040 ubi
403 1009 543 1041 Salmas.
560 1010 709 1042 Ber-neco.
746 1009 862 1041 Antea

166 1058 255 1090 dixit
288 1060 298 1076 ‘
315 1058 447 1098 vigilias
487 1069 588 1099 agere
601 1059 623 1098 ;’
655 1060 710 1091 hic
748 1063 862 1090 autem

167 1110 332 1150 scriptum
351 1109 497 1140 arbitror
513 1109 618 1140 fuisse
633 1108 779 1140 excubias
789 1118 862 1148 age·

164 1169 211 1190 re.
255 1158 358 1189 Aliud
375 1158 463 1190 enim
483 1158 650 1199 excubiae,
672 1158 764 1189 aliud
780 1158 864 1198 vigi·

167 1209 235 1240 liae.
262 1209 377 1240 Faber.
430 1209 590 1249 Explicat
616 1209 782 1240 Bernecc.
807 1218 865 1240 cu-

169 1259 256 1289 riose
271 1258 425 1290 scrutari.
473 1257 522 1290 At
542 1259 616 1299 jam
640 1262 866 1299 praecesserat

169 1309 179 1325 ‘
199 1307 397 1348 peregrinos
434 1308 703 1349 recognoscere,’
738 1312 776 1339 ut
802 1308 865 1339 hoc

169 1357 215 1389 sit
245 1367 502 1398 supervacuum.
555 1357 642 1389 Mihi
667 1367 866 1398 persuasum

170 1412 225 1438 est
245 1406 418 1448 scripsisse
430 1407 520 1439 Just.
533 1417 616 1439 ειη-ιε
631 1407 751 1440 habere.
797 1408 868 1439 No-

171 1462 244 1489 tum
266 1467 371 1499 genus
400 1458 475 1498 hoc,
504 1461 541 1488 et
568 1461 765 1498 usurpatum
786 1457 867 1489 Sue-

171 1507 265 1539 tonio
290 1507 442 1548 aliisque.
496 1506 663 1539 Infinitivi
691 1511 769 1538 sunt
805 1517 868 1548 pro

172 1558 378 1597 nominibus,
396 1562 433 1589 ut
447 1558 457 1576 ‘
475 1567 563 1589 curae
579 1557 704 1589 habere
718 1557 870 1598 recogni-

174 1608 326 1649 tionem,'
335 1613 436 1650 atque
450 1608 496 1640 ita
508 1612 543 1640 et
558 1608 592 1639 in
604 1608 749 1640 caeteris.
766 1607 870 1645 Schef.

217 1661 235 1700 §
250 1662 290 1690 12
312 1659 400 1691 Adeo
411 1659 486 1700 illic,
502 1659 572 1700 Sym]
595 1658 650 1691 Cf.
666 1658 758 1690 hisce
773 1658 871 1690 Grae-

174 1719 232 1742 cos
269 1710 437 1751 Emporiis
472 1709 680 1747 habitantes,
709 1718 765 1749 ap.
796 1708 871 1740 Liv.

175 1768 306 1792 xxnv.
320 1763 351 1792 9.
366 1763 398 1791 4.
415 1763 451 1791 et
467 1769 561 1801 seqq.
585 1760 684 1791 Bern.

218 1811 306 1844 CAP.
323 1820 360 1843 ν.
376 1812 394 1852 ξ
409 1814 429 1842 2
455 1811 640 1850 carthagin.
657 1819 773 1851 quoque
788 1819 873 1841 exer-

175 1862 272 1902 citus]
296 1861 454 1902 Thucyd.
467 1871 492 1892 1.
512 1864 563 1892 13.
578 1864 609 1892 9.
626 1861 769 1900 Φωκαεῖς,
783 1864 872 1891 Μασ-

176 1912 287 1944 σαλίαν
316 1911 491 1952 οἰκίζοντες,
525 1911 750 1952 Καρχηδονίους
773 1910 875 1942 ἐνίκων

177 1963 412 2002 ναυμαχοῦντες.
436 1962 591 2002 Bongars.
635 1961 726 1994 Add.
745 1961 874 1993 Herod.

177 2022 204 2044 1.
222 2016 296 2044 166.
318 2013 415 2044 Rern.

220 2066 238 2106 §
254 2069 273 2096 3
305 2065 415 2096 Foedus
433 2073 550 2095 summa
563 2063 633 2105 fide
653 2062 876 2104 custodierunt]

177 2115 189 2135 ¹
207 2115 408 2147 Custodire’
431 2125 506 2156 pro,
530 2124 678 2156 servare,
699 2119 876 2155 praestare,

181 2165 263 2197 satis
277 2166 444 2197 Latinum.
485 2164 567 2196 Vid.
590 2166 673 2197 Lex,
694 2165 818 2196 Rhodii
840 2164 876 2195 in

182 2216 342 2256 Largum.
386 2215 444 2247 Sic
459 2219 496 2246 et
517 2215 633 2246 Graeci
648 2225 742 2247 suum
758 2213 878 2255 φυλάσ-

181 2277 245 2297 σειν
263 2270 438 2306 usurpant.
486 2265 620 2297 Videsis
642 2266 704 2297 lib.
725 2270 878 2298 nostrum

182 2318 225 2350 de
242 2317 450 2349 Hebraismis
469 2318 514 2349 N.
528 2319 566 2350 T.
583 2327 613 2349 c.
628 2321 660 2349 6.
688 2318 790 2350 Vorst.

228 2368 281 2407 §4
311 2366 422 2397 Gloria
444 2367 562 2397 virente
578 2367 725 2407 floreret]
766 2366 879 2398 Valde

186 2416 317 2456 dubito,
352 2415 526 2456 scripsisse
552 2415 601 2447 sie
631 2416 817 2455 Justinum,
844 2420 880 2448 et

185 2466 350 2498 vocabula
365 2466 430 2497 duo
453 2465 498 2498 id.
513 2464 738 2506 significantia
749 2465 880 2506 junxis-

187 2525 234 2547 se.
276 2516 416 2547 Mallem
433 2525 494 2555 pro
515 2516 634 2546 virente
659 2515 809 2546 scribere
833 2515 881 2546 ni-

186 2568 281 2605 tente,
304 2568 362 2596 aut
384 2565 498 2606 potius
520 2568 630 2596 totum
656 2564 783 2604 delere,
805 2574 880 2595 cum

187 2616 339 2656 suspicer
354 2625 395 2646 ex
415 2615 527 2655 glossa
539 2615 596 2646 τοῦ
609 2615 619 2632 ‘
631 2613 771 2646 floreret
783 2614 791 2628 '
809 2624 882 2646 esse

189 2664 383 2697 formatum.
405 2664 510 2702 Schqf.

232 2717 249 2757 ξ
269 2718 290 2746 6
312 2716 485 2747 Simulacro
511 2714 604 2755 Deae]
638 2713 738 2747 Quod
761 2713 883 2745 sedens

192 2764 295 2797 fuisse
312 2766 347 2797 in
362 2765 527 2802 Massilia,
541 2765 667 2797 Strabo
682 2764 789 2796 refert
800 2773 882 2796 xru.

193 2815 297 2855 Bong.

237 2866 254 2905 ς
275 2867 295 2895 9
317 2864 447 2896 Publice
459 2864 588 2905 funere]
630 2863 766 2896 Indicto
792 2874 839 2897 sc.
865 2875 886 2896 a

192 2919 310 2947 senatu
325 2914 460 2956 justitio
474 2915 674 2958 publicoque
687 2916 792 2948 luctu.
828 2917 885 2948 De

1490 357 1605 399 1033

905 460 969 493 hoc
996 461 1131 493 honoris
1155 471 1280 503 genere
1310 460 1379 492 vid.
1405 460 1603 494 Kirchman.

905 514 990 544 Fun.
1015 513 1113 543 Rom.
1136 522 1162 544 1.
1178 515 1211 543 4.
1235 514 1386 544 Bernecc.
1437 513 1604 544 Existimo

905 563 997 595 Just.
1015 562 1188 603 scripsisse
1199 572 1233 603 p.
1249 564 1348 603 luctu,
1363 572 1428 594 non
1440 562 1605 603 p.funere.

906 613 1029 645 Faber.

950 665 1024 704 §10
1049 662 1251 702 Immunitas]
1287 663 1343 694 Sc.
1364 672 1384 693 a
1411 661 1547 693 tributis
1571 666 1608 693 et

907 713 1143 752 vectigalibus.
1196 712 1264 753 Ap.
1300 712 1396 743 Suet.
1432 711 1519 752 Aug.
1554 714 1608 743 40.

907 761 1083 802 Augustus
1112 761 1232 800 Liviae,
1256 770 1318 801 pro
1341 760 1485 801 quodam
1503 759 1611 790 tribu-

909 812 998 844 tario
1014 812 1115 843 Gallo
1132 811 1280 851 roganti,
1292 812 1301 827 ⁴
1320 810 1492 841 civitatem
1510 819 1609 850 nega·

908 863 971 903 vit,
999 862 1245 893 immunitatem
1275 859 1424 900 obtulit,’
1452 865 1534 900 puta
1564 869 1609 892 ne

909 913 1051 954 posthac
1067 916 1155 943 esset
1167 911 1380 943 tributarius.
1425 911 1551 944 Quales
1567 919 1611 941 an

910 963 1070 995 Romanis
1094 962 1327 993 Massilienses
1349 965 1448 992 antea
1472 959 1612 1000 fuerint,

910 1013 999 1045 haud
1029 1013 1072 1044 ab
1102 1022 1139 1043 re
1168 1012 1329 1044 dubites:
1365 1011 1493 1052 quippe
1521 1011 1613 1042 socia

911 1063 1032 1095 civitas
1052 1066 1087 1093 et
1103 1062 1232 1093 amica:
1258 1071 1357 1102 quam
1373 1061 1488 1092 Caesar
1510 1065 1546 1092 et
1561 1070 1612 1091 se-

912 1113 983 1145 cuti
999 1112 1180 1152 Principes
1196 1111 1300 1142 etiam
1323 1115 1401 1152 post
1423 1121 1542 1153 graves
1564 1110 1615 1143 of·

913 1162 1026 1194 sensas
1059 1162 1203 1193 liberam
1238 1166 1495 1202 conservarunt,
1525 1166 1614 1193 teste

914 1212 1028 1244 Strab.
1055 1221 1104 1243 lv.
1128 1221 1163 1252 p.
1190 1214 1263 1243 125.
1285 1214 1340 1243 40.
1396 1211 1477 1242 Vid.
1500 1215 1615 1243 tamen

915 1261 1139 1293 immunitatis
1169 1261 1403 1302 libertatisque
1433 1261 1616 1293 discrimen

917 1321 973 1352 ap.
990 1311 1067 1342 Liv.
1082 1319 1165 1341 XLV.
1181 1313 1234 1342 26.
1259 1319 1300 1342 11.
1314 1314 1367 1342 12.
1382 1313 1435 1341 13.
1459 1311 1557 1342 Bern.

958 1361 1057 1391 Locus
1071 1363 1165 1400 spect.
1183 1359 1252 1400 Sym]
1291 1360 1393 1391 Corn.
1420 1360 1546 1391 Fronto
1571 1359 1614 1391 de

917 1411 1004 1443 Diff.
1020 1411 1169 1442 Vocum:
1193 1409 1519 1450 ‘Spectacula‚loca
1540 1414 1619 1441 sunt

918 1462 1009 1492 unde
1030 1459 1249 1502 spectamus.'
1287 1459 1343 1491 cf.
1357 1460 1454 1501 Lips.
1473 1459 1516 1491 ad
1531 1460 1619 1491 Tac.

920 1519 1002 1542 xm.
1019 1509 1062 1542 A.
1077 1513 1130 1541 54.

963 1561 1004 1592 In
1027 1560 1150 1601 senatu]
1186 1559 1243 1591 Sic
1272 1559 1320 1591 ait
1342 1559 1424 1591 alibi
1446 1559 1541 1592 Suet.
1562 1560 1618 1592 ‘in

921 1611 1036 1653 equite
1059 1609 1240 1651 spectare‚'
1262 1609 1294 1642 h.
1314 1619 1344 1641 e.
1359 1610 1449 1641 inter
1465 1611 1618 1651 equites:

922 1667 961 1694 ut
975 1661 1029 1692 hic
1045 1660 1054 1677 ‘
1067 1661 1101 1691 in
1117 1658 1259 1699 senatu‚'
1283 1659 1306 1690 i.
1329 1669 1359 1690 e.
1375 1659 1466 1691 inter
1487 1664 1621 1691 senato·

923 1722 989 1744 res.
1032 1710 1112 1742 Vid.
1133 1710 1225 1750 Lips.
1241 1708 1284 1741 ad
1308 1718 1391 1741 xm.
1414 1710 1495 1741 Tac.
1528 1710 1620 1741 Mod.

924 1762 1009 1794 Ead.
1027 1761 1138 1803 phrasi
1155 1761 1202 1792 sic
1217 1770 1296 1792 usus
1317 1761 1412 1791 Suet.
1428 1760 1546 1793 Claud.
1565 1764 1620 1793 25.

924 1816 974 1844 16.
992 1812 1075 1843 dicit
1091 1810 1270 1842 Armenios
1294 1810 1304 1827 ‘
1317 1810 1444 1842 sedisse
1471 1811 1504 1841 in
1528 1820 1622 1842 sena-

923 1863 986 1903 tu‚’
1007 1862 1041 1893 h.
1065 1872 1095 1893 e.
1121 1866 1159 1893 ut
1177 1861 1259 1892 ibid.
1281 1861 1483 1901 explicatur,
1507 1861 1540 1892 in
1555 1862 1621 1893 Or-

925 1913 1072 1951 chestra,
1101 1921 1127 1943 s.
1151 1911 1224 1942 loco
1255 1910 1296 1942 ad
1324 1910 1463 1942 Theatri
1489 1911 1622 1942 radices

925 1972 1035 1994 scenae
1073 1961 1240 2002 proximo,
1269 1970 1311 1992 ex
1341 1970 1407 2002 quo
1438 1960 1621 1992 Senatores

925 2012 1140 2054 spectabant.
1163 2012 1219 2043 Ita
1233 2012 1242 2029 ‘
1258 2017 1413 2052 spectare
1427 2011 1460 2043 in
1477 2011 1622 2053 Equite'

926 2063 1014 2094 dixit
1027 2063 1121 2094 Suet.
1134 2062 1262 2093 Domit.
1277 2064 1309 2092 8.
1319 2064 1349 2093 7.
1363 2062 1394 2092 h.
1409 2071 1438 2093 e.
1456 2061 1490 2093 in
1504 2071 1621 2104 eques-

926 2113 1035 2145 tribus
1056 2113 1236 2152 subselliis,
1260 2122 1286 2144 s.
1304 2112 1467 2153 Equitum
1491 2113 1619 2145 cuneis.

927 2163 1047 2204 Jungit
1066 2162 1297 2194 Tertullianus
1322 2162 1356 2193 in
1378 2162 1438 2193 lib.
1459 2162 1502 2193 de
1518 2163 1624 2203 Spec-

928 2213 1064 2253 taculis,
1082 2213 1091 2230 ‘
1107 2212 1217 2244 arceri
1236 2216 1356 2243 senatu
1371 2215 1407 2244 et
1426 2212 1564 2253 equite,'
1589 2213 1625 2244 h.

928 2273 960 2295 e.
998 2262 1246 2294 honestioribus
1284 2261 1407 2293 theatri
1436 2262 1544 2294 locis:
1582 2262 1625 2294 de

929 2312 1050 2354 quibus
1080 2312 1215 2343 omnino
1250 2311 1387 2343 videndi
1418 2312 1511 2352 Lips.
1544 2312 1626 2344 Am-

929 2362 1036 2403 phith.
1062 2371 1091 2394 c.
1111 2364 1162 2393 14.
1187 2366 1223 2393 et
1238 2362 1280 2394 P.
1296 2362 1405 2394 Faber
1424 2363 1567 2395 Semest.
1583 2371 1625 2395 ιι.

930 2416 963 2446 6.
985 2413 1081 2444 Rern.

973 2463 1045 2503 §11
1073 2460 1243 2501 vocontiis]
1274 2462 1386 2502 Vulgo
1407 2463 1524 2503 inepte
1555 2462 1627 2494 Vol-

930 2512 1011 2542 scis.-
1044 2511 1097 2542 cui
1119 2510 1260 2542 lectioni
1280 2511 1410 2551 Volcae,
1433 2512 1555 2543 Galliae
1583 2512 1627 2543 ad

933 2561 1130 2592 Rhodanum
1145 2560 1273 2601 populi,
1292 2570 1425 2592 causam
1449 2561 1628 2595 dederunt.

931 2610 1093 2642 Vocontii
1116 2615 1193 2641 sunt
1214 2610 1247 2641 in
1268 2610 1380 2642 Gallia
1400 2611 1628 2653 Narbonensi,

933 2662 989 2703 qui
1005 2661 1039 2692 in
1056 2661 1243 2692 Ptolemaeo
1258 2661 1418 2693 mendose
1437 2661 1627 2704 Οὗσκόνδιοι,

934 2722 996 2754 pro
1012 2711 1195 2743 Οὐοκόντιοι.
1222 2712 1286 2743 Est
1301 2716 1337 2743 et
1352 2713 1503 2745 Massilia
1517 2714 1628 2755 ejusd.

936 2762 1164 2794 Narbonensis
1197 2761 1317 2793 Galliae
1355 2762 1490 2795 civitas.
1543 2764 1630 2796 Inde

935 2812 1143 2844 occasionem
1162 2812 1304 2852 sumpsit
1318 2812 1447 2853 Trogus
1466 2814 1628 2855 originem

935 2872 1029 2894 suam
1065 2861 1284 2893 edisserendi.
1320 2862 1478 2902 Bongars.
1537 2864 1628 2898 Plin.

934 2922 991 2945 111.
1006 2916 1037 2945 4.
1062 2911 1118 2944 fin.
1142 2916 1178 2943 et
1199 2920 1264 2944 vu.
1282 2914 1334 2945 18.
1358 2912 1543 2946 Vocontios
1567 2913 1629 2947 foe-
