2174 3424
557 346 753 378 JUSTlNl
787 347 880 377 Lm.
912 348 965 377 11.
996 348 1101 380 cAP.
1132 339 1200 380 15.

167 439 306 471 subinde
322 438 369 470 rei
386 437 627 480 perfectionem
651 444 686 470 et
702 449 854 471 consum-

166 490 347 521 mationem
373 488 553 529 significat.
598 490 653 520 Ita
679 498 746 522 Χιι.
772 493 802 521 3.
820 493 851 522 2.

164 539 249 570 dicit
269 538 278 555 ‘
296 543 492 579 perpetrare
514 538 639 569 bellum
653 538 673 569 ι’
697 544 733 570 et
748 548 851 572 xxxr.

164 592 193 621 5.
208 591 239 620 2.
261 589 270 606 ‘
289 598 472 629 perrogare
488 588 627 620 omnes!
655 589 756 621 Vorst.

203 639 221 678 ξ
237 641 276 669 14
308 638 442 678 Ducem]
476 638 641 679 Ναύαρχον
669 639 851 670 constitue-

162 692 250 718 runt.
293 688 444 729 Thucyd.
461 697 486 718 1.
513 691 566 719 22.
590 688 694 720 Diod.
722 698 772 721 xl.
797 691 850 720 45.

160 739 394 781 Probus,quos
405 741 491 781 lege.
520 741 673 780 Bongars.
717 742 769 772 De
784 751 849 782 quo

157 789 249 822 facto
265 796 300 821 et
316 790 408 821 Plut.
433 791 467 821 in
481 791 639 821 Themist.
664 795 698 821 et
723 791 848 823 Parall.

157 840 309 871 AEmilius
326 840 460 871 Probus
477 841 509 871 in
524 840 687 872 Themist.
713 844 747 870 et
760 841 847 871 Pau-

157 890 261 921 sania.
306 889 404 922 Quod
421 900 496 920 mox
513 890 676 930 sequitur,
688 890 697 906 ‘
711 899 773 930 pro
786 890 846 920 du-

156 944 234 971 catu
259 949 398 980 regnum
425 938 602 970 affectasse
619 939 846 979 Pausaniam,'

156 994 220 1028 est,
246 989 372 1020 honore
388 989 482 1020 ducis
498 999 562 1020 non
579 993 775 1020 contentum
793 999 843 1020 re-

153 1050 228 1080 gem
245 1039 390 1072 Graeciae
406 1039 613 1070 constituere
634 1049 669 1069 se
687 1039 841 1070 voluisse.

153 1090 252 1122 Quod
268 1090 345 1120 ideo
358 1089 513 1120 monend.
528 1098 570 1119 ne
583 1089 657 1130 quis
672 1098 746 1119 curn
765 1089 843 1119 His-

150 1148 240 1178 pano
265 1140 389 1180 interp.
419 1139 554 1180 sequius
584 1139 656 1169 haec
687 1139 841 1179 accipiat.

150 1188 239 1221 Add.
253 1189 314 1220 inf.
331 1198 380 1221 1x.
397 1192 429 1221 4.
445 1192 475 1220 2.
498 1190 597 1220 Rern.

193 1240 210 1280 ξ
228 1243 265 1271 15
293 1241 488 1280 Quoscunque
499 1241 538 1271 ad
552 1249 583 1270 se
594 1239 731 1279 nuntios]
749 1238 840 1270 Libri

149 1295 233 1320 vett.
258 1291 376 1330 optimi
398 1290 454 1320 alii
476 1290 611 1330 pontios,
638 1290 694 1320 alii
716 1290 838 1330 potios,-

147 1338 323 1370 barbaram
349 1348 476 1376 vocem,
501 1344 559 1369 aut
582 1339 707 1371 Justini
734 1344 837 1370 aetate

146 1389 317 1429 usitatam,
330 1397 388 1420 aut
403 1389 589 1427 Persicam,
605 1389 680 1429 quis
695 1388 837 1420 fortasse

146 1440 349 1480 suspicetur.
394 1439 487 1470 Nihil
499 1444 629 1470 mutare
643 1449 740 1470 ausus
753 1449 836 1480 sum,

146 1501 248 1531 quum
265 1492 354 1532 vulg.
371 1492 451 1522 lect.
468 1491 597 1522 duobus
614 1492 696 1522 Mss.
714 1491 834 1522 confir-

143 1545 266 1580 metur,
279 1551 344 1572 non
357 1546 466 1572 tamen
478 1542 727 1582 antiquissimis.
751 1543 834 1573 Bon-

140 1600 227 1630 gars.
273 1592 422 1623 Freinsh.
448 1591 547 1622 istinc
571 1591 660 1622 eruit
683 1592 836 1622 conscios:

143 1641 374 1681 probabiliter,
391 1646 427 1673 ut
443 1641 611 1679 arbitror3
636 1642 702 1672 imo
717 1644 833 1682 probe.

140 1690 207 1721 Sed
234 1691 359 1732 absque
385 1701 505 1732 magna
528 1702 627 1722 causa
653 1693 831 1734 quicquam

140 1741 317 1772 immutare
331 1742 446 1782 religio
459 1746 521 1773 est.
539 1743 722 1774 Berneccer.
753 1745 830 1776 Cas-

139 1801 239 1832 parus
270 1793 414 1823 Simonis
455 1793 472 1822 ὂ
498 1792 722 1832 πολύ-γλωσσος
757 1794 828 1826 fere

139 1842 308 1882 persuasit
337 1842 417 1873 mihi
448 1843 614 1874 retinend.
643 1844 729 1884 quod
754 1854 829 1875 con-

135 1896 265 1924 stanter
280 1897 375 1924 extat
388 1893 420 1923 in
431 1893 611 1924 Mss.n0tae
624 1901 695 1933 opt.
708 1895 828 1933 pontias

137 1947 195 1974 aut
209 1943 318 1983 potios,
346 1952 485 1983 esseque
509 1944 726 1974 vernaculum
753 1954 826 1975 nos-

134 2000 222 2027 trum
261 1987 361 2037 Jssbflt,
383 1994 412 2026 h.
426 2004 457 2026 e.
477 1994 624 2026 nuntius.
682 1995 826 2027 Omnino

133 2055 354 2086 persuasurus
379 2044 412 2075 id
428 2043 551 2084 fuerat,
579 2045 607 2075 si
624 2045 823 2084 reperissem

133 2097 236 2128 etiam
273 2096 363 2127 inter
400 2095 561 2127 Persico-
573 2096 775 2127 Germanica
804 2108 823 2128 a

132 2147 248 2187 Lipsio
264 2147 407 2178 collecta
424 2147 565 2177 Centur.
579 2155 633 2177 111.
649 2147 757 2187 Epist.
770 2151 821 2179 44.

132 2197 175 2228 ad
202 2197 338 2237 Belgas,
363 2201 398 2228 et
422 2197 643 2237 Raphelengii
671 2198 821 2229 Persico-

131 2247 502 2288 Belgico-Germanica‚
525 2256 566 2277 ex
583 2248 820 2280 Pentateucho

129 2296 268 2328 Persico
279 2301 468 2328 contracta.
500 2296 588 2327 Illud
601 2297 734 2337 quidem
749 2308 820 2329 cer-

128 2352 199 2378 tum
224 2352 287 2387 est,
311 2357 387 2378 cum
413 2351 502 2378 teste
531 2346 678 2378 Auctore
705 2353 817 2381 nostro

126 2407 227 2429 xxw.
243 2402 280 2429 et
294 2406 381 2428 xxv.
414 2397 581 2428 Strabone
598 2406 662 2429 xu.
678 2402 713 2428 et
729 2398 817 2430 Pau-

127 2448 219 2479 sania
234 2448 268 2478 in
284 2447 451 2487 Phocicis,
468 2457 598 2478 omnem
611 2447 726 2478 Asiam
743 2449 816 2480 Cel-

125 2502 170 2528 tae
193 2498 287 2529 velut
311 2497 464 2528 examine
489 2497 633 2538 quodam
657 2498 814 2538 impleve-

125 2547 204 2587 rint,
226 2557 288 2579 nec
304 2547 374 2578 sine
390 2547 453 2578 illis
478 2556 574 2587 reges
591 2547 731 2579 orientis
748 2549 814 2580 ulla

122 2595 211 2628 bella
224 2597 400 2637 gesserint,
413 2606 454 2627 eo
467 2597 668 2627 commercio
683 2597 812 2637 linguas

124 2655 254 2687 quoque
282 2646 391 2686 gentis
422 2645 597 2686 utriusque
627 2648 811 2685 permixtas

122 2694 244 2726 fuisse:
267 2704 376 2736 neque
391 2705 470 2726 casu
481 2695 657 2735 accidisse,
670 2701 717 2735 ut,
733 2697 812 2728 dum

124 2744 173 2775 illi
188 2745 307 2786 Tigrin
332 2745 499 2784 biberunt,
522 2745 554 2775 hi
570 2746 737 2785 Rhenum,
761 2747 810 2778 Is-

122 2798 222 2834 trum,
248 2794 416 2834 Albimve,
440 2799 509 2825 tam
526 2795 631 2825 multa
646 2796 810 2828 vocabula

121 2849 189 2874 tam
217 2850 337 2876 exacte
354 2845 541 2876 communia
555 2844 722 2876 habeant:
747 2847 807 2878 sed

119 2894 309 2925 necessario
322 2895 374 2925 vel
387 2903 405 2925 a
420 2894 530 2926 Persis
542 2894 599 2925 illa
613 2895 739 2937 Celtas,
755 2897 807 2928 vel

1513 340 1598 382 693

903 450 922 472 a
935 441 1039 472 Celtis
1054 442 1189 481 Persas,
1202 442 1360 474 hausisse.
1395 443 1501 474 Porro
1514 444 1523 461 ‘
1537 454 1595 484 po-

902 490 982 521 tios'
997 496 1031 522 et
1056 491 1066 508 ‘
1079 492 1210 532 pontios
1222 491 1230 504 '
1249 493 1434 531 promiscue
1451 493 1591 533 dicitur,

900 544 938 570 ut
959 539 969 556 ‘
986 539 1131 581 frango‚’
1154 542 1162 557 ‘
1180 540 1298 582 frago‚'
1324 542 1412 573 unde
1435 543 1444 559 ‘
1461 542 1594 574 naufra—

900 600 961 630 gus
975 590 995 621 :’
1019 591 1029 608 ‘
1047 590 1169 631 tango,’
1191 591 1200 607 ‘
1218 591 1321 631 tago‚’
1335 593 1423 622 unde
1445 593 1454 609 ‘
1472 593 1592 633 tagax'

900 645 936 671 et
965 641 974 657 ‘
993 641 1187 681 contagium
1200 640 1221 672 :’
1254 643 1263 658 4
1282 644 1419 682 pungo,’
1449 643 1458 659 4
1478 643 1591 683 pugo,'

899 690 988 722 unde
1022 691 1032 708 ⁴
1049 692 1150 731 pugio
1164 690 1186 722 :'
1220 691 1229 707 ‘
1249 694 1394 731 ranceo,'
1428 692 1438 709 ‘
1455 693 1591 724 raceo:’

898 743 906 758 ‘
924 741 1139 780 laurentum,'
1162 741 1172 758 ‘
1187 741 1382 772 lauretum!
1426 742 1482 774 Ita
1499 743 1589 774 Galli

896 800 938 822 ex
955 792 963 808 ‘
982 792 1114 822 laterna
1125 791 1133 804 '
1149 790 1280 822 faciunt
1295 792 1442 831 lanterne,
1456 797 1492 823 et
1508 803 1588 824 con-

897 846 949 872 tra
965 851 1005 872 ex
1026 842 1036 858 4
1052 841 1229 881 mensura,'
1251 852 1386 873 mesure:
1410 842 1419 859 ‘
1436 843 1587 882 mansio,’

894 891 1020 923 maison.
1074 890 1249 930 Hetrusci,
1272 891 1280 908 ‘
1299 891 1464 931 sponsus,⁷
1487 902 1585 932 sposO.

894 941 993 981 Hisp.
1011 941 1020 958 ‘
1038 940 1176 980 sensus,'
1192 950 1278 972 seso.-
1301 940 1310 957 ‘
1328 941 1433 980 ansa,’
1448 951 1514 981 asa,
1530 944 1584 982 ᾅτ.

894 991 1053 1021 Ceterum
1080 990 1122 1021 de
1150 990 1328 1021 Pausaniae
1367 1001 1441 1022 cum
1469 992 1585 1024 Persis

892 1040 1068 1080 epistolico
1107 1040 1308 1071 commercio
1339 1040 1406 1071 vid.
1448 1051 1582 1083 quoque

891 1090 1047 1130 Thucyd.
1063 1099 1087 1121 1.
1102 1093 1155 1121 22.
1170 1093 1201 1122 4.
1225 1090 1321 1121 Idem.
1367 1091 1451 1122 Mss.
1467 1101 1581 1123 omnes

889 1141 1035 1172 melioris
1048 1146 1135 1172 notae
1149 1142 1303 1182 ignorant
1313 1141 1350 1172 τὸ
1360 1142 1495 1183 nuntios,
1510 1153 1583 1184 pro-

889 1199 953 1230 que
970 1200 1008 1221 eo
1024 1191 1148 1223 habent
1161 1192 1274 1232 potios,
1296 1193 1427 1232 pontias,
1440 1194 1579 1233 pontion,

886 1241 1012 1271 nuncios
1020 1242 1150 1281 pontius.
1174 1241 1274 1272 Unde
1285 1242 1474 1282 suspicatur
1487 1253 1579 1284 mag-

885 1300 947 1321 nus
965 1292 1070 1332 Bong.
1087 1301 1203 1322 vocem
1219 1292 1273 1323 hic
1297 1292 1496 1331 Barbaram,
1520 1299 1580 1325 aut

884 1340 1011 1372 Justini
1024 1351 1094 1373 aevo
1108 1346 1315 1382 usurpatam,
1326 1348 1382 1373 aut
1394 1343 1579 1383 Persicam,

883 1390 1001 1422 latere.
1057 1392 1209 1422 Proinde
1240 1392 1430 1423 Gronovius
1460 1400 1577 1424 noster

883 1441 967 1482 legit
980 1443 1165 1482 portitores:
1179 1452 1368 1483 quoscunque
1379 1445 1418 1473 ud
1431 1453 1463 1473 se
1476 1444 1576 1483 porti·

881 1494 963 1522 tores
988 1492 1131 1523 misisset.
1175 1492 1329 1522 Monstra
1354 1493 1412 1523 illa
1427 1493 1575 1524 vocabu-

881 1541 1001 1580 lorum,
1011 1551 1053 1571 ex
1066 1545 1241 1571 contracta
1251 1541 1419 1572 scribendi
1433 1543 1574 1582 ratione,

877 1591 1008 1630 Ρῡιίῦεε,
1037 1596 1117 1622 nata
1147 1591 1275 1631 possint
1303 1591 1419 1622 videri.
1465 1594 1574 1624 Voca-

882 1640 959 1671 bulo
983 1641 1086 1680 igitur
1103 1643 1166 1671 aevi
1184 1641 1234 1671 sui
1259 1651 1335 1671 usus
1361 1640 1464 1673 fuerit
1479 1643 1571 1675 Just.

880 1690 889 1707 ‘
913 1691 1119 1721 PortItores'
1153 1690 1425 1731 ’γραμματοφόρους
1455 1693 1573 1734 appel-

878 1740 1004 1772 labant.
1049 1741 1117 1772 Sed
1148 1741 1219 1772 haec
1252 1742 1398 1773 viderint
1434 1744 1570 1774 eruditi.

878 1791 1038 1821 Caussam
1075 1791 1221 1822 nondum
1251 1791 1348 1822 video
1388 1802 1446 1822 cur
1476 1794 1567 1834 vulg.

875 1840 955 1872 lect.
987 1841 1112 1872 debeat
1141 1841 1274 1872 mutari.
1311 1841 1471 1873 Boxhorn.
1528 1843 1569 1873 In

875 1891 1025 1921 omnibus
1054 1891 1135 1922 Mss.
1164 1891 1340 1931 legebatur
1368 1892 1487 1931 pontios
1513 1894 1566 1923 vel

868 1940 980 1979 potios.
1039 1941 1077 1971 F.
1114 1941 1278 1981 scriptum
1315 1940 1380 1972 fuit
1414 1943 1569 1981 protinus.

872 1991 975 2021 Error
999 1997 1110 2022 autem
1128 1996 1221 2022 ortus
1249 1997 1301 2022 est
1326 2001 1369 2022 ex
1393 1992 1565 2024 literarum

872 2043 1085 2083 compendio.
1124 2043 1209 2074 Voss.
1254 2043 1338 2073 Mss.
1363 2053 1477 2074 omnes
1504 2054 1564 2085 op-

871 2092 945 2123 timi
980 2093 1105 2124 habent
1132 2093 1231 2133 potios
1260 2093 1312 2124 vel
1341 2094 1474 2133 pontias,
1502 2105 1562 2135 pro

868 2143 1004 2181 nuntios,
1029 2142 1119 2183 quod
1137 2143 1244 2182 Bong.
1269 2146 1367 2182 putat
1388 2143 1562 2176 barbaram

870 2198 927 2223 aut
941 2193 1112 2223 Persicam
1129 2202 1202 2223 esse
1216 2202 1343 2224 vocem.
1389 2194 1459 2233 Ego
1477 2195 1561 2225 Pon-

867 2245 928 2274 tios
957 2244 1112 2274 existimo
1142 2252 1178 2274 se
1208 2243 1396 2274 rectissime
1422 2244 1560 2284 habere,

867 2293 926 2324 sed
943 2294 985 2324 de
1003 2294 1055 2332 iis,
1079 2294 1136 2335 qui
1154 2303 1195 2324 ex
1212 2294 1325 2324 Ponto
1343 2299 1433 2334 sunt,
1458 2304 1558 2334 opor-

866 2348 939 2374 tere
954 2344 1074 2384 accipi.
1121 2344 1200 2374 Fuit
1224 2353 1344 2384 nempe
1370 2344 1557 2374 Pausanias

865 2394 1069 2425 constitutus
1085 2394 1117 2424 in
1132 2394 1369 2433 Hellesponto,
1384 2403 1460 2424 cum
1475 2395 1556 2425 seri-

863 2443 961 2474 beret
977 2444 1018 2474 ad
1036 2443 1200 2482 Xerxem,
1215 2448 1252 2473 ut
1268 2453 1310 2473 ex
1322 2444 1472 2483 Thucyd.
1490 2453 1556 2475 ma-

862 2493 1032 2524 nifestum.
1076 2493 1161 2523 Inde
1181 2493 1284 2533 igitur
1299 2494 1355 2534 qui
1378 2494 1556 2524 mitteban-

862 2547 930 2583 tur,
946 2547 1043 2574 erant
1058 2543 1187 2581 Pontii,
1214 2542 1344 2573 Graecis
1360 2540 1491 2581 Πόντιοι,
1517 2548 1555 2573 ut

862 2604 917 2634 ap.
948 2594 1064 2634 Steph.
1093 2597 1146 2623 est
1177 2593 1302 2631 legere.
1349 2592 1424 2622 Nisi
1455 2597 1552 2631 putes

861 2648 1039 2684 utrumque
1056 2641 1220 2682 jungeud.
1242 2640 1331 2681 quod
1346 2640 1380 2670 in
1396 2641 1550 2681 quibusd.

860 2693 1041 2734 reperitur,
1054 2692 1176 2722 nuutios
1188 2691 1327 2730 Pontius,
1342 2696 1379 2721 ut
1394 2691 1459 2720 sint
1474 2701 1551 2721 mm-

859 2743 900 2774 tii
914 2743 1025 2773 Pontii
1050 2741 1159 2772 nuntii
1181 2750 1222 2771 ex
1244 2740 1355 2770 Ponto
1372 2749 1398 2770 S.
1415 2740 1550 2771 Helles-

858 2798 962 2834 ponto
992 2791 1094 2822 missi.
1130 2788 1235 2826 Schef.
1292 2789 1402 2819 Latini
1432 2794 1547 2820 tamen

855 2842 983 2873 malunt
1009 2840 1158 2872 Ponticus
1185 2848 1281 2879 quam
1307 2839 1447 2871 Pontius.
1491 2840 1546 2871 Sic

856 2903 935 2925 sane
951 2893 992 2924 P.
1008 2892 1114 2931 Mela,
1130 2891 1259 2930 Florus,
1274 2890 1338 2922 alii.
1363 2891 1468 2922 Groev.
