2101 3419
599 358 796 390 JUS'rlNl
831 357 925 387 ms.
957 355 1185 387 xxxvut.
1216 357 1323 388 CAP.
1356 348 1425 388 10.
1596 347 1708 387 1005

262 454 369 488 millia
381 454 552 496 irrupere:
577 455 732 487 calonum
747 454 954 496 lixarumque

264 505 406 549 amplior
421 504 599 536 numerus.'
631 505 730 535 Bern.

320 554 586 595 Scenicorumque]
619 555 697 585 Hoc
725 555 810 586 Mss.
842 555 950 594 Bong.

260 616 328 638 non
352 610 548 647 agnoscunt.
594 606 640 636 Et
665 604 799 637 videtur
822 605 951 636 rectius

263 656 390 687 abesse.
413 655 516 693 Schef.

303 707 321 746 ξ
353 709 371 737 3
397 706 524 745 Caligas
548 714 624 736 auro
636 705 792 746 figerent]
816 704 950 744 Caligas

258 756 347 787 inter
366 756 597 786 calceamenta
618 754 731 795 fuisse,
753 755 862 785 velex
880 755 911 786 11.
929 755 950 786 Ι.

258 804 472 836 manifestum
491 810 567 836 est:
591 810 626 836 et
649 805 809 845 imperite
833 805 950 836 ‘brac-

258 855 332 887 cas’
361 855 410 886 sic
436 855 602 895 appellari
627 856 729 896 vulgo
760 864 949 894 censemuS,

258 915 398 946 quarum
419 910 531 937 tamen
555 916 650 937 usum
667 911 751 938 vett.
770 908 949 946 Romanos,

256 956 407 996 Graecos,
420 956 588 987 Hebraeos
611 956 747 997 penitus
763 957 949 997 ignorasse,

258 1006 400 1038 Casaub.
429 1006 639 1038 demonstrat
666 1006 708 1037 ad
734 1006 830 1038 Suet.
860 1005 948 1049 Aug.

256 1059 307 1087 82.
331 1056 492 1088 Ceterum
509 1057 550 1087 de
565 1056 628 1088 hoc
644 1057 950 1088 calceamentorum

256 1106 338 1136 luxu
365 1107 472 1138 multa
499 1106 637 1147 collegit
666 1116 708 1137 ex
744 1106 949 1147 antiquitate

256 1156 345 1187 Phil.
359 1156 534 1187 Rubenius
550 1157 582 1187 in
596 1157 721 1187 Electis
733 1165 773 1188 11.
785 1158 835 1187 14.
858 1155 950 1187 Add.

256 1207 408 1248 quaedam
434 1216 477 1237 ex
500 1207 649 1237 Brisson.
674 1207 790 1247 Antiq.
808 1216 847 1237 11.
869 1210 899 1238 5.
915 1211 952 1238 et

257 1256 441 1287 Paucirolli
455 1255 654 1296 Deperditis
669 1265 702 1295 p.
718 1258 790 1286 338.
805 1259 840 1287 et
856 1265 949 1297 seqq.

257 1306 389 1338 Beruec.
417 1307 485 1338 Ms.
498 1310 631 1338 suerent.
677 1307 796 1338 Festus
808 1307 839 1337 in
855 1316 951 1347 voce,

256 1357 461 1388 Mustrz'cola:
496 1357 717 1389 ‘Musti-icola
749 1362 801 1389 est
828 1358 950 1388 machi-

255 1407 335 1437 nula
350 1417 392 1438 ex
408 1408 545 1447 regulis,
560 1408 594 1438 in
613 1418 675 1448 qua
691 1408 824 1439 calceus
844 1417 948 1438 novus

256 1455 390 1487 suitur.’
414 1457 549 1488 Gronov.
598 1457 764 1498 ‘Caligae’
796 1458 850 1488 hic
877 1467 947 1488 mu-

256 1507 408 1538 nimenta
438 1507 581 1547 pedum:
620 1513 658 1539 ut
691 1509 741 1538 vel
773 1517 814 1538 ex
848 1507 948 1538 verbo

255 1557 265 1574 ‘
280 1558 491 1597 proculcare’
510 1558 598 1599 quod
625 1559 777 1599 sequitur
796 1563 948 1599 apparet.

255 1607 329 1638 Val.
342 1609 390 1639 M.
403 1617 453 1640 lx.
466 1611 495 1640 1.
509 1609 587 1640 Ext.
600 1611 630 1640 4.
644 1609 718 1640 ead.
729 1609 771 1639 de
785 1619 820 1639 re
835 1617 948 1648 agens,

253 1657 263 1673 ¹
274 1666 392 1688 aureos
404 1658 516 1689 clavos
529 1657 674 1698 crepidis
688 1658 874 1698 subjectos’
889 1659 947 1689 ait.

255 1707 334 1746 Ubi,
347 1708 434 1748 quod
449 1707 577 1738 Noster
599 1709 608 1725 ‘
620 1708 749 1739 aurum'
763 1709 860 1747 dicit,
876 1710 885 1724 ‘
895 1718 948 1739 au-

253 1765 331 1786 reus
349 1757 462 1788 clavus
477 1756 495 1796 ;'
519 1757 674 1798 quodque
698 1759 707 1775 ‘
720 1758 875 1798 caligam’
891 1768 948 1789 vo.

253 1810 321 1844 cat,
353 1806 363 1822 ‘
376 1806 527 1846 crepida’
555 1808 760 1847 appellatur.
805 1807 882 1840 vid.
912 1813 948 1840 et

252 1855 452 1896 Nigr-onium
467 1856 499 1887 in
515 1856 572 1887 lib.
588 1857 629 1887 de
642 1857 759 1897 Caliga
771 1857 948 1897 Veterum,

252 1910 289 1936 et
316 1906 461 1937 Casaub.
489 1907 523 1937 in
550 1907 642 1937 Suet.
669 1906 816 1946 August.
846 1907 946 1939 Vorst.

251 1955 472 1997 Hocfigerent
488 1959 683 1996 suspectum
697 1961 761 1987 est.
793 1957 841 1987 Ut
858 1956 946 1986 enim

250 2004 414 2036 fulmenta
427 2006 591 2037 solearum
606 2005 766 2046 figuntur,
785 2010 843 2037 aut
859 2005 946 2036 suffi-

250 2060 389 2096 guntur,
416 2057 464 2087 ita
484 2066 549 2088 non
565 2057 665 2088 soleae
682 2057 777 2096 ipsae,
793 2061 850 2087 aut
866 2055 944 2086 cali·

251 2116 315 2147 gae.
354 2107 438 2138 Mss.
455 2106 580 2138 habent
598 2107 754 2146 facerent,
772 2107 902 2148 fierent,
925 2116 944 2137 a

248 2165 313 2197 quo
328 2156 505 2196 posteriori
523 2156 674 2196 proxime
694 2156 793 2187 abest
807 2159 943 2195 suerent,

251 2204 340 2246 quod
357 2205 433 2237 itid.
455 2206 488 2235 in
512 2205 655 2246 quodam
670 2206 851 2246 reperitur.
898 2206 943 2236 Et

248 2258 333 2295 puto
355 2255 544 2286 rectissime
570 2255 612 2285 de
637 2256 751 2295 caligis
775 2255 943 2295 usurpari.

248 2305 399 2335 Suuntur
411 2314 504 2345 auro,
518 2305 652 2346 quando
665 2305 828 2336 fulmenta
839 2305 943 2336 clavis

249 2354 357 2385 aureis
374 2354 584 2395 suffiguntur.
621 2354 690 2385 Sed
705 2354 728 2385 f.
745 2355 791 2385 nil
808 2354 841 2385 in
858 2355 942 2386 Nos-

249 2407 304 2434 tro
327 2408 380 2435 est
400 2404 551 2435 mutand.
589 2405 678 2436 Nam
693 2409 729 2436 et
745 2405 835 2435 Plin.
852 2405 895 2435 ad
910 2405 942 2437 h.

248 2453 358 2493 ipsum
370 2452 439 2484 fere
453 2454 585 2485 modum
601 2464 742 2486 XXXIII.
754 2457 784 2485 3.
809 2456 818 2472 ‘
832 2454 943 2495 Agno-

249 2512 326 2535 nem
354 2503 474 2534 Teium
500 2503 686 2535 Alexandri
711 2504 829 2545 Magni
856 2515 943 2545 prae-

248 2552 376 2584 fectum
394 2554 504 2585 aureis
527 2555 630 2585 clavis
653 2553 810 2594 suffigere
831 2555 943 2595 crepi-

249 2602 326 2633 das'
352 2603 484 2634 solitum
505 2602 633 2641 ferunt,
656 2613 848 2644 quanquam
864 2604 943 2635 libri

247 2656 334 2683 vett.
356 2652 402 2683 ibi
425 2652 570 2684 habeant
585 2653 748 2695 configere,
764 2654 853 2694 quod
871 2663 942 2685 rec-

247 2702 315 2733 tius
329 2703 474 2734 videtur.
506 2704 626 2744 Neque
639 2704 738 2734 aliter
754 2703 942 2744 accipiend.

238 2751 344 2793 figere
365 2763 419 2793 ap.
440 2754 615 2793 Nostrum,
631 2763 729 2794 quam
747 2758 784 2785 ut
799 2755 940 2795 simplex

249 2811 312 2841 pro
337 2803 533 2843 composito,
558 2804 740 2844 configere,
765 2804 853 2844 quod
876 2803 941 2836 fre-

249 2856 391 2892 quenter
424 2853 457 2884 in
490 2853 613 2886 talibus
647 2858 823 2894 usurpant.
883 2854 941 2886 Sic

1008 451 1138 482 Colum.
1160 459 1225 482 v11.
1248 453 1279 481 3.
1324 451 1334 467 ‘
1349 449 1537 481 Robustam
1556 449 1704 481 tabulam

1007 500 1182 541 configunt
1208 500 1356 532 aculeis!
1405 501 1482 532 Nisi
1508 500 1580 541 quis
1606 501 1706 541 plane

1005 555 1141 583 censeat
1156 561 1210 591 ap.
1227 551 1326 583 Nost.
1343 550 1498 591 primitus
1510 550 1615 581 fuisse
1630 561 1705 581 auro

1004 602 1208 644 configerent;
1238 606 1315 642 post
1342 601 1516 632 librarium
1546 611 1704 642 compen-

1004 652 1099 683 diose
1112 651 1287 692 scripsisse
1303 652 1482 693 cofigerent,
1496 662 1571 683 cum
1585 653 1706 683 lineola

1004 701 1038 732 in
1056 712 1085 741 ο,
1098 706 1270 742 postremo
1286 701 1368 732 illud
1385 711 1418 732 eo
1434 712 1453 732 a
1469 712 1575 743 praec.
1597 712 1633 732 ro
1650 703 1705 733 ab·

1003 757 1173 793 sumptum
1196 762 1281 783 esse.
1316 752 1434 793 Scluff
1479 753 1563 784 Mox
1586 753 1705 784 ‘dimi-

1004 803 1102 835 cant’
1122 803 1255 843 ignorat
1270 802 1406 834 Saresb.

1047 854 1064 893 §
1094 855 1114 883 8
1140 852 1306 892 Copiarum
1333 852 1529 893 praebitione]
1560 853 1601 884 In
1633 853 1702 884 Ms.

1002 902 1130 943 legitur
1143 902 1346 941 exhibitione,
1358 903 1447 944 quod
1461 902 1620 943 pra-fero,
1632 904 1703 934 vul-

1001 957 1187 993 gatumque
1200 952 1270 992 huj.
1284 952 1392 983 habeo
1405 962 1466 992 pro
1480 952 1701 992 glossemate:

1004 1001 1149 1043 ‘copiae’
1176 1002 1218 1032 de
1243 1002 1342 1033 rebus
1366 1001 1564 1032 necessariis
1580 1002 1704 1033 intelli-

1004 1052 1124 1092 gendae
1148 1061 1223 1083 cum
1249 1051 1291 1081 ad
1315 1051 1454 1091 victum,
1476 1055 1548 1082 tum
1564 1051 1606 1082 ad
1623 1051 1700 1082 alia.

1004 1102 1107 1140 Scltef.

1047 1154 1094 1184 Et
1108 1152 1157 1184 die
1171 1152 1304 1192 statuta]
1327 1153 1384 1183 De
1399 1151 1551 1192 vesperis
1566 1152 1702 1192 Siculis,

1004 1207 1040 1234 et
1060 1202 1228 1243 ejusmodi
1251 1202 1390 1232 lanienis
1415 1202 1618 1242 improvisis,
1634 1203 1701 1233 vid.

1004 1253 1216 1283 collectanea
1232 1251 1403 1283 Camerar.
1421 1251 1506 1282 Hor.
1524 1251 1656 1282 Subcis.
1674 1261 1699 1282 1.

1004 1305 1055 1334 83.
1090 1303 1189 1332 Rern.

1047 1352 1192 1383 Dicisum
1214 1351 1397 1391 exercitum]
1422 1351 1574 1382 Frontin.
1596 1351 1701 1383 Strat-

1003 1412 1028 1435 1.
1045 1405 1076 1433 8.
1095 1405 1145 1433 11.
1161 1401 1284 1441 Polyb.
1301 1410 1356 1440 ap.
1372 1400 1484 1431 Vales.
1498 1402 1550 1431 37.
1575 1400 1672 1430 Idem.

1046 1453 1062 1493 ξ
1078 1455 1117 1482 10
1139 1451 1318 1491 Vincerent]
1332 1451 1370 1481 F.
1383 1450 1528 1481 vinceret.
1553 1450 1577 1480 F
1579 1450 1701 1480 reinsli.

1002 1502 1116 1533 Probo
1132 1501 1222 1541 conj.
1239 1500 1391 1532 Freinsh.
1410 1504 1447 1531 et
1462 1500 1537 1540 lego
1553 1500 1699 1531 vinceret.

1002 1551 1116 1583 Schef.

1048 1600 1223 1641 Occiditur]
1245 1599 1393 1641 Appian.
1417 1600 1493 1640 Syr.
1518 1609 1550 1640 p.
1568 1603 1640 1632 132.
1665 1600 1698 1632 b.

1003 1653 1113 1692 ipsum
1144 1651 1208 1682 sibi
1238 1661 1354 1682 manus
1386 1652 1540 1682 intulisse
1571 1651 1699 1682 scribit.

1002 1705 1134 1735 Bernec.
1179 1703 1296 1734 Verba
1319 1704 1391 1735 haec
1407 1708 1504 1734 sunt:
1530 1702 1588 1733 Καὶ
1606 1701 1700 1743 στρά-

1001 1753 1081 1785 τεύει
1095 1753 1145 1784 καὶ
1158 1753 1208 1784 ὅδε
1221 1753 1408 1794 [Ἀντίοχος]
1423 1753 1471 1784 ἐπὶ
1481 1753 1537 1784 τὸν
1551 1752 1701 1795 Φραάτην,

1000 1804 1055 1836 τὸν
1063 1804 1197 1845 ἀδελφὸν
1207 1804 1308 1836 αἰτῶν.
1324 1806 1340 1834 ὁ
1348 1804 1404 1843 μὲν
1415 1804 1451 1841 δὴ
1461 1803 1599 1845 Φραάτης
1607 1804 1700 1834 ἀὐτὸν

1002 1854 1098 1885 ἔδεισε
1115 1854 1166 1885 καὶ
1186 1854 1242 1885 τὸν
1256 1854 1428 1895 Δημήτριον
1450 1853 1624 1894 ἐξέπεμψεν·
1642 1855 1658 1883 ὃ
1673 1854 1698 1884 δ’

1000 1903 1173 1943 Ἀντίοχος,
1189 1903 1239 1934 καὶ
1252 1903 1286 1935 (ὃς
1300 1903 1476 1939 συνέβαλλέ
1490 1915 1527 1933 τε
1541 1904 1605 1934 τοῖς
1618 1907 1698 1943 Παρ-

1001 1955 1122 1994 θυαίοις,
1144 1953 1197 1985 καὶ
1219 1954 1405 1994 ἡσσώμενος,
1427 1953 1534 1984 ἑαυτὸν
1554 1952 1697 1984 ἔκτεινεν.

1001 2005 1070 2036 Pro
1092 2004 1142 2035 καὶ
1164 2004 1197 2036 ὃς
1221 2006 1254 2036 in
1277 2006 1371 2036 Med.
1394 2005 1511 2036 codice
1531 2005 1697 2044 scriptum

1000 2060 1053 2085 est
1069 2054 1119 2084 καὶ
1134 2055 1184 2086 ὡς.
1220 2054 1311 2085 Hinc
1328 2054 1351 2086 f.
1370 2054 1503 2094 legend.
1515 2054 1566 2084 ὁδ’
1583 2052 1698 2084 Ἀντίο-

997 2115 1056 2143 χος
1075 2106 1182 2134 κακῶς.
1224 2106 1342 2143 Κακῶς,
1367 2103 1548 2143 infeliciter,
1573 2108 1610 2133 ut
1641 2113 1696 2142 ap.

997 2154 1126 2185 Herod.
1142 2163 1192 2185 1v.
1215 2157 1289 2185 205.
1306 2154 1348 2184 de
1365 2153 1581 2183 Pharetima:
1609 2151 1698 2183 Ἀπέ-

997 2207 1066 2235 θανε
1085 2205 1194 2235 κακῶς·
1218 2203 1304 2244 ζῶσα
1322 2203 1383 2244 ’γὰρ
1408 2202 1521 2234 εὐλέων
1536 2202 1695 2243 ἐξέζεσενῑ

998 2259 1032 2284 et
1044 2254 1258 2286 AElian.X111.
1274 2255 1315 2284 V.
1330 2254 1374 2284 H.
1386 2256 1439 2284 31.
1477 2255 1584 2284 Κακῶς
1599 2252 1699 2283 ἀπαλ-

997 2302 1102 2342 λάξας.
1140 2304 1194 2335 Id.
1221 2313 1355 2344 quoque
1373 2313 1410 2335 X.
1427 2303 1468 2334 de
1485 2304 1564 2334 Nat.
1580 2302 1695 2335 Anim.

997 2356 1049 2384 34.
1061 2354 1208 2384 violenta
1217 2358 1325 2384 morte
1335 2352 1542 2384 Antiochum
1555 2353 1696 2393 periisse

997 2403 1124 2434 tradit:
1170 2402 1229 2433 Καὶ
1259 2402 1408 2442 Ἀντιόχῳ
1438 2402 1471 2433 δὲ
1494 2402 1696 2434 νεοττεύουσα

998 2454 1159 2494 [χελιδὼν]
1176 2454 1209 2484 ἐν
1228 2454 1321 2484 αὐτοῦ
1343 2453 1470 2494 [σκηνῇ]
1486 2453 1527 2484 τὰ
1540 2453 1696 2492 μέλλοντά

997 2504 1025 2534 οἱ
1038 2502 1266 2540 ἀπαντήσεσθαι
1287 2503 1459 2544 ὑπῃνίξατο·
1480 2504 1615 2534 ἀνελθὼν
1634 2504 1696 2544 ’γὰρ

997 2553 1038 2585 εἷς
1053 2553 1123 2585 τοὺς
1138 2553 1271 2592 Μήδους,
1288 2552 1354 2584 εἶτα
1366 2552 1470 2593 μέντοι
1486 2555 1541 2584 οὐκ
1562 2555 1695 2592 ἐπανῆλ-

997 2606 1048 2634 θεν
1070 2603 1111 2635 εἷς
1135 2603 1207 2635 τοὺς
1230 2603 1354 2645 Σύρους,
1376 2604 1447 2635 ἀλλ’
1480 2604 1589 2636 ἑαυτὸν
1615 2604 1696 2636 κατά

996 2665 1064 2685 τινα
1079 2653 1154 2685 ἔωσε
1169 2653 1308 2694 κρημνόν.

1040 2706 1057 2745 ᾧ
1074 2708 1111 2736 11
1138 2704 1316 2744 Festinato]
1339 2705 1428 2735 Saxo
1446 2714 1499 2735 XI.
1520 2715 1552 2745 p.
1570 2707 1644 2735 218.
1661 2709 1692 2737 5.

997 2756 1006 2773 ‘
1021 2755 1206 2786 Slesvicum
1221 2755 1242 2786 f.
1258 2755 1459 2786 contendit.'
1476 2765 1554 2787 ΧΠ.
1572 2766 1604 2796 p.
1618 2759 1692 2788 252.

997 2807 1050 2837 39.
1080 2806 1089 2823 ‘
1104 2805 1140 2837 F.
1157 2810 1234 2846 post
1251 2805 1358 2846 ipsum
1376 2806 1593 2847 pervehitur.'
