2101 3419
428 363 525 405 xlvi

425 469 660 510 inspicientibus
686 479 723 499 ea
756 474 864 499 natura
888 467 947 500 luci
972 467 1128 509 (videtur)

427 513 468 547 iv,
487 516 517 548 l,
534 515 573 543 13
609 512 709 542 Vorst.
726 517 797 541 sunt
812 512 843 541 in
859 511 962 552 aliquo
979 517 1057 542 artes
1086 512 1126 548 vi,

427 559 459 589 5,
476 559 494 585 5
510 560 557 584 est
572 554 644 583 mihi
657 559 810 584 certamen
826 554 878 590 vii,
895 558 926 590 2,
942 558 962 586 6
978 559 1127 594 quantum

426 597 457 626 in
473 596 525 626 illo
542 597 601 626 fuit
623 597 663 633 ix,
676 599 709 632 4,
726 600 743 627 1
767 607 832 627 esse
843 596 934 637 hujus
946 598 1128 628 constantiae

427 644 461 668 ut
483 639 523 674 ix,
548 642 580 674 4,
605 642 626 670 9
662 644 710 669 est
738 639 797 669 vile
822 645 984 680 paternum
1013 650 1127 670 nomen

425 682 510 721 apud
525 681 604 711 filios
626 692 655 717 x,
673 685 703 718 1,
724 684 743 713 7
777 686 824 712 est
838 682 912 712 mihi
926 682 1040 712 bellum
1056 693 1126 713 curn

425 724 530 765 aliquo
553 724 605 759 xii,
622 727 654 760 2,
669 728 688 755 5
726 734 792 754 esse
817 723 883 755 sine
913 725 1067 766 lacrymis,
1095 730 1127 755 et

425 767 491 797 sine
508 766 569 796 ullo
585 767 722 797 tristioris
737 767 846 797 mentis
871 773 1050 808 argumento
1073 767 1126 804 xii,

428 812 480 845 15,
496 812 515 840 3
539 815 585 839 est
599 809 644 839 illi
659 814 745 840 tanta
760 810 940 850 magnitudo
956 810 1050 840 animi
1071 810 1125 847 xii,

427 854 480 886 15,
495 854 516 882 9
539 851 654 882 suntin
671 852 831 889 thesauris,
851 853 883 882 in
903 863 1006 883 annuo
1029 852 1126 883 vecti-

425 893 498 934 gali,
515 899 561 924 tot
575 894 670 924 millia
684 895 747 930 xiij,
764 898 794 931 1,
811 898 831 927 9
847 905 913 925 esse
929 895 997 936 ejus
1006 895 1126 926 virtutis

425 942 457 966 et
472 937 674 967 venerationis
697 938 761 973 xiii,
777 940 808 974 1,
826 940 866 968 10
891 943 938 968 est
963 938 994 967 in
1020 938 1125 979 aliquo

423 989 462 1009 ea
485 980 665 1019 magnitudo
693 980 801 1010 virium
830 984 863 1010 et
888 980 1060 1020 sapientiae,
1089 990 1126 1011 ea

424 1021 621 1062 pulchritudo
637 1023 741 1052 formae
758 1028 790 1053 et
803 1024 968 1062 proceritas
991 1023 1126 1064 corporis

424 1064 488 1099 xiii,
503 1067 533 1100 l,
552 1067 588 1095 11
614 1075 680 1095 esse
694 1065 760 1095 sine
775 1065 836 1095 fide
858 1065 930 1101 xxii,
948 1068 1010 1101 ],6
1033 1065 1126 1096 saluti

424 1106 453 1136 ei
468 1106 527 1135 fuit
549 1106 620 1142 xxii,
643 1110 674 1142 1,
691 1110 730 1137 15
754 1117 823 1137 esse
839 1107 870 1136 in
895 1108 1023 1147 imperio
1051 1108 1124 1144 xxii,

423 1151 456 1184 3,
469 1152 489 1179 6
512 1159 578 1179 esse
594 1149 690 1179 dubia
703 1150 765 1180 fide
777 1149 880 1186 xxxiii,
896 1153 928 1186 2,
943 1153 963 1181 8
993 1151 1125 1192 partium

424 1190 683 1231 Pompeianarum
706 1192 770 1228 xlii,
783 1195 815 1229 4,
827 1195 848 1223 6
871 1193 976 1223 essein
989 1193 1126 1234 partibus

423 1233 566 1273 alicujus,
582 1234 657 1264 ibid.
680 1239 726 1264 est
754 1245 881 1275 regnum
906 1236 1040 1266 muneris
1069 1236 1125 1266 ali-

423 1286 553 1316 quorum
576 1276 639 1312 xlii,
655 1280 688 1312 5,
703 1280 722 1308 8
745 1287 811 1308 esse
826 1282 920 1307 tantae
935 1278 1024 1308 famae
1051 1279 1125 1315 xliv,

423 1321 455 1353 4,
474 1321 512 1349 15
538 1323 624 1349 tanta
644 1319 676 1349 in
700 1318 762 1351 illis
786 1320 971 1351 verecundia
992 1321 1052 1351 fuit
1073 1332 1124 1358 xv,

423 1363 456 1397 2,
474 1363 512 1392 14

465 1403 652 1435 Etiamnunc
679 1403 744 1441 viii,
758 1407 790 1441 4,
806 1407 826 1436 7

465 1445 586 1477 Etrusci
602 1446 716 1477 bellum
727 1458 797 1478 curn
810 1448 914 1479 AEnea
926 1454 1037 1490 gerunt
1051 1448 1127 1486 xliii,

427 1490 457 1524 l,
475 1491 514 1520 13

463 1531 531 1561 Etsi
554 1530 621 1568 i,7‚
636 1534 668 1563 7.
690 1543 720 1569 v,
736 1535 768 1570 9,
785 1536 815 1564 s.
837 1533 880 1569 vi,
896 1536 926 1568 1,
944 1536 964 1565 e

465 1573 580 1604 Evadit
607 1579 754 1614 patronus
783 1575 882 1616 plebis
904 1587 941 1607 ex
964 1575 1125 1608 defensore

423 1616 584 1647 senatoriae
599 1628 699 1648 causae
721 1617 782 1654 xvi,
797 1621 830 1655 4,
848 1621 888 1649 10

463 1659 635 1700 Evaginare
650 1661 786 1700 gladium
808 1661 829 1698 i,
841 1663 873 1697 9,
889 1664 909 1692 8

465 1702 622 1742 Euagoras
637 1703 735 1744 Cypri
751 1714 801 1733 rex
823 1714 853 1739 ν,
870 1707 901 1739 6,
920 1705 960 1734 10

466 1745 611 1775 Euander
625 1746 656 1775 in
672 1746 793 1776 Italiam
806 1747 892 1777 venit
912 1744 988 1781 xliii,
1006 1748 1036 1782 1,
1053 1747 1094 1777 10

464 1787 645 1818 Eucratides
656 1788 888 1819 Bactrianorum
903 1799 953 1818 rex
974 1789 1027 1824 xli,
1039 1791 1071 1825 6,
1084 1791 1100 1820 1

463 1830 563 1860 Evehi
576 1831 690 1861 ratibus
705 1832 744 1861 ad
758 1832 893 1872 aliquem
915 1831 948 1867 ii,
962 1834 994 1867 6,
1011 1834 1049 1862 11

464 1872 603 1904 Evellcre
641 1884 766 1904 aureum
799 1874 887 1905 Jovis
929 1874 1123 1904 simulacrum

423 1914 522 1950 xxxix,
537 1918 569 1950 2,
585 1919 606 1947 6

465 1957 595 1988 Evenire
610 1958 702 1988 alicui
718 1958 791 1999 (pro
807 1959 927 1994 cedere,
950 1957 1034 1999 dari)
1059 1957 1123 1994 xiii,

422 2003 454 2036 4,
472 2003 522 2031 16.
554 2000 664 2036 xiii,5,
681 2004 701 2032 8
735 2001 872 2032 Freinsh.
897 2001 999 2031 evenit
1030 2000 1122 2030 alicui

421 2048 501 2073 sorte
525 2043 683 2082 provincia
715 2043 779 2079 xiii,
795 2048 827 2079 5,
843 2047 863 2074 8
897 2042 1046 2073 eveniunt
1072 2042 1122 2072 vix

420 2085 510 2116 denis
532 2086 655 2116 armatis
678 2086 789 2127 singuli
815 2088 929 2122 hostes,
956 2085 982 2116 si
1010 2085 1122 2116 divisio

421 2128 476 2158 fiat
498 2127 538 2163 xi,
557 2131 609 2163 13,
624 2131 643 2159 7

464 2170 657 2200 Eventilatur
667 2170 812 2201 terrestris
824 2170 947 2211 spiritus
954 2170 1026 2207 xliv,
1039 2173 1069 2207 1,
1082 2173 1122 2201 10

463 2212 602 2243 Eventus
615 2214 754 2244 audaciae
769 2213 837 2254 ejus
857 2224 920 2244 non
941 2213 1041 2243 defuit
1064 2214 1122 2253 (de

420 2265 568 2295 prospero
580 2256 711 2296 eventu)
727 2256 758 2292 ii,
773 2260 805 2292 9,
821 2259 859 2287 11
884 2261 1012 2286 eventus
1035 2256 1123 2287 aliter

419 2298 479 2328 sert
501 2298 533 2334 ii,
558 2301 610 2334 13,
635 2301 653 2329 3
691 2299 731 2329 dc
757 2304 871 2329 eventu
901 2298 974 2329 belli
1000 2299 1124 2329 oracula

420 2340 579 2371 consulere
602 2340 634 2377 ii,
650 2344 682 2376 6,
700 2344 750 2373 16.
783 2341 826 2377 ἰίἰ,
843 2346 875 2377 5,
889 2344 910 2373 4
943 2343 983 2372 de
1008 2346 1122 2371 eventu

419 2383 588 2413 futurorum
612 2384 652 2420 xi,
670 2386 722 2420 11,
738 2387 758 2415 2
782 2384 888 2414 audito
912 2383 986 2414 belli
1009 2389 1122 2414 eventu

420 2426 482 2461 viii,
510 2429 542 2462 2,
573 2429 593 2457 8
627 2436 690 2456 non
723 2427 848 2457 meliore
886 2432 1000 2458 eventu
1029 2436 1122 2468 quam

419 2468 522 2498 omine
545 2469 624 2505 xxvi,
641 2472 672 2505 2,
688 2472 708 2500 4

461 2510 624 2552 Euergetae
645 2512 697 2548 xii,
714 2515 778 2547 5,9

462 2553 578 2584 Eversa
593 2555 662 2584 urbs
689 2555 761 2591 xvii,
779 2557 808 2589 1,
823 2557 843 2586 2

464 2596 618 2627 Eumenes
654 2597 719 2633 xiii,
743 2600 776 2632 4,
802 2600 843 2628 16
879 2596 1122 2637 Neoptolemum

419 2638 535 2669 occidit
558 2639 621 2676 xiii,
638 2643 669 2676 8,
685 2644 705 2671 8
728 2638 824 2670 hostis
848 2649 867 2669 a
892 2640 1122 2670 Macedonibus

414 2680 574 2720 judicatur
596 2683 659 2719 xiii,
683 2686 714 2718 8,
738 2686 778 2713 10
810 2681 942 2712 vincitur
967 2683 1006 2712 ab
1029 2682 1122 2712 Anti-

419 2734 501 2765 gono
525 2725 585 2761 xiv,
601 2728 633 2761 2,
650 2728 670 2756 2
695 2726 798 2755 denuo
825 2735 894 2755 curn
919 2724 1123 2766 Argyraspid-

419 2767 480 2802 xiv,
510 2770 542 2803 3,
559 2771 574 2799 l
615 2767 776 2808 Antigono
801 2768 924 2798 deditur
946 2769 1007 2804 xiv,
1032 2771 1064 2804 3,
1083 2771 1122 2799 12

419 2809 480 2843 xiv,
523 2813 555 2846 4,
594 2813 632 2841 15
679 2812 718 2841 ab
760 2821 860 2851 eoque
903 2811 934 2840 in
982 2811 1124 2840 custodia

421 2852 549 2882 habt-tur
573 2853 633 2889 xiv,
649 2856 739 2895 4,-24
765 2853 913 2884 Eumenis
942 2859 1125 2894 strategema

419 2893 477 2928 xiv.
494 2897 523 2930 l,
542 2898 581 2925 10

464 2936 616 2968 Eumenes
647 2937 805 2980 Bithynia:
845 2949 895 2970 rex
935 2938 1125 2970 Antiochum

1069 370 1232 403 INDEX

1180 468 1343 500 Hieracem
1368 473 1401 499 et
1426 468 1534 500 Gallos
1558 468 1656 500 vincit
1686 469 1778 506 xxvii,
1800 473 1831 506 3,
1858 475 1877 503 2

1179 511 1264 541 Asiae
1279 511 1423 552 majorem
1439 518 1556 552 partem
1566 518 1699 553 occupat
1712 513 1804 548 xxvii,
1815 516 1846 548 3,
1857 517 1879 545 6

1179 553 1329 584 Romanis
1357 554 1519 585 auxiliatur
1555 560 1662 585 contra
1689 555 1877 585 Antiochum

1178 596 1259 633 xxxi,
1275 600 1306 631 8,
1327 600 1345 628 5
1380 602 1486 628 contra
1506 598 1653 628 Perseum
1675 598 1777 634 xxxiii,
1805 600 1834 633 l,
1859 601 1878 628 3

1178 649 1248 669 cum
1279 639 1388 669 Prusia
1423 640 1539 671 bellum
1567 641 1646 681 gerit
1679 640 1771 676 xxxii,
1799 643 1832 676 4,
1858 643 1879 671 2

1178 681 1326 712 Eumenis
1341 682 1373 711 in
1389 681 1549 714 Romanos
1570 683 1688 719 merita,
1714 688 1747 714 et
1771 684 1878 713 horum

1178 723 1366 764 ingratitudo
1388 725 1512 764 xxxviii,
1527 729 1558 761 6,
1574 728 1592 756 3
1609 731 1641 756 et
1655 728 1675 757 4

1222 766 1377 797 Eumenes
1393 766 1543 798 Demetrii
1557 768 1639 798 filius
1660 767 1734 803 xvii,
1746 770 1778 803 2,
1795 770 1836 798 10

1221 809 1359 840 Evocare
1374 810 1451 847 (hoc
1466 816 1524 847 est,
1547 810 1728 840 nominatim
1751 809 1880 851 vocare)

1177 850 1230 887 xii,
1248 855 1299 890 12,
1315 855 1336 883 9
1359 853 1449 894 (hinc
1463 852 1668 884 Evocatorum
1687 853 1770 893 apud
1784 852 1880 883 Rom.

1177 905 1290 925 nomen
1317 900 1374 932 est,
1398 896 1438 926 de
1465 895 1577 936 quibus
1602 895 1674 925 vide
1696 895 1782 935 Lips.
1807 895 1880 925 Mil.

1177 936 1270 967 Rom.
1285 937 1307 972 i,
1323 937 1361 979 8)
1383 937 1519 970 Freinsh.
1549 948 1678 969 evocare
1702 938 1834 978 aliquem
1861 948 1881 969 e

1177 979 1320 1010 convivio
1357 980 1409 1016 vii,
1433 983 1465 1016 3,
1487 983 1508 1011 4
1546 986 1714 1011 evocantur
1741 979 1879 1010 omnium

1177 1021 1348 1052 civitatium
1377 1022 1471 1063 legati
1500 1023 1683 1054 Corinthum
1717 1022 1760 1059 ix,
1786 1025 1818 1060 4,
1849 1025 1880 1053 1.

1177 1064 1277 1100 xxxiV,
1295 1067 1324 1100 1,
1339 1067 1361 1096 6
1383 1070 1528 1096 evocatus
1543 1066 1583 1096 ad
1595 1076 1716 1106 poenam
1731 1066 1783 1102 xii,
1795 1068 1848 1103 14,
1859 1070 1878 1098 5

1219 1107 1351 1138 Evolare
1366 1108 1398 1138 in
1414 1107 1572 1148 publicum
1596 1108 1629 1144 ii,
1644 1111 1676 1144 7,
1693 1111 1734 1139 10

1219 1149 1392 1190 Euphrates
1402 1151 1514 1181 fluvius
1529 1151 1570 1188 xi,
1588 1154 1640 1187 12,
1658 1154 1710 1182 10.
1722 1150 1774 1186 xii,
1792 1152 1845 1187 13,
1858 1153 1878 1182 4

1176 1191 1313 1223 Parthici
1341 1193 1425 1233 regni
1455 1193 1542 1224 limes
1576 1193 1630 1229 xli,
1643 1197 1676 1230 6,
1693 1196 1732 1225 13
1763 1193 1878 1234 Tigrim

1177 1235 1287 1275 recipit
1309 1235 1372 1273 xlii,
1384 1239 1414 1271 3,
1430 1239 1468 1268 ll
1494 1237 1623 1276 paludes
1634 1236 1800 1277 Euphratis
1814 1236 1880 1272 xlii,

1176 1280 1208 1313 3,
1226 1281 1265 1309 ll
1288 1278 1320 1307 in
1335 1278 1476 1309 Bursian]
1491 1280 1595 1309 urbem
1605 1284 1687 1310 trans
1700 1279 1880 1320 Euphraten

1176 1320 1329 1351 concessit
1344 1320 1522 1352 Alexander
1542 1321 1596 1363 xii,
1610 1324 1663 1358 13,
1674 1325 1694 1353 4

1220 1362 1354 1404 Europae
1375 1364 1473 1405 major
1495 1375 1564 1405 pars
1588 1365 1646 1395 sub
1667 1363 1879 1394 Amazonibus

1175 1405 1208 1441 ii,
1221 1409 1253 1441 4,
1270 1409 1308 1438 14
1331 1406 1466 1448 Europae
1477 1407 1624 1438 terminus
1638 1407 1791 1448 Hispania
1806 1406 1880 1443 xliv,

1179 1451 1208 1485 1,
1228 1451 1244 1479 1

1219 1490 1362 1531 Europus
1377 1502 1504 1532 regnum
1515 1491 1547 1522 in
1559 1491 1696 1533 Europa,
1709 1502 1748 1522 an
1760 1490 1855 1533 Epiro
1868 1491 1880 1522 ?

1177 1537 1263 1563 tenet
1285 1534 1337 1569 vii,
1354 1537 1385 1571 1,
1401 1538 1421 1565 6
1448 1534 1586 1565 Freinsh.

1220 1575 1377 1617 Eurydice
1404 1577 1544 1618 Philippi
1585 1581 1682 1608 mater
1713 1576 1768 1612 vii,
1796 1579 1829 1612 4,
1857 1580 1877 1608 5

1176 1618 1317 1648 maritum
1344 1619 1462 1650 insidiis
1490 1620 1569 1660 petit
1605 1620 1658 1656 vii,
1682 1622 1715 1655 4,
1741 1622 1761 1651 7
1798 1619 1878 1649 filios

1175 1661 1344 1691 Alexandri
1381 1662 1433 1698 vii,
1455 1666 1486 1698 5,
1508 1665 1528 1694 4
1558 1667 1590 1693 et
1614 1663 1795 1694 Perdiccam
1825 1672 1880 1703 per

1175 1703 1303 1734 insidias
1318 1704 1463 1735 interficit
1483 1705 1536 1741 vii,
1552 1708 1585 1742 5,
1599 1708 1621 1737 6

1218 1746 1375 1788 Eurydice
1389 1746 1508 1778 Aridaei
1521 1758 1597 1779 uxor
1618 1748 1680 1784 xiv,
1696 1751 1728 1785 5,
1746 1750 1762 1779 l
1796 1746 1878 1778 occi-

1174 1789 1257 1819 ditur
1270 1791 1309 1820 ab
1325 1790 1514 1831 Olympiade
1537 1790 1597 1827 xiv,
1613 1794 1646 1827 5,
1664 1794 1704 1822 10

1218 1831 1375 1874 Eurydice
1391 1833 1568 1874 Lysimachi
1584 1834 1648 1863 filia
1670 1832 1730 1868 xvi,
1743 1835 1775 1868 2,
1791 1835 1811 1864 4

1217 1874 1375 1916 Eurydice
1425 1875 1588 1906 Ptolemaei
1631 1874 1876 1917 (Philopatoris)

1173 1927 1258 1953 uxor,
1281 1918 1451 1959 eademque
1477 1928 1572 1956 soror,
1597 1919 1637 1949 ab
1660 1929 1697 1949 eo
1723 1918 1876 1949 occiditur

1172 1969 1241 1995 xxx,
1261 1963 1288 1996 1,
1304 1962 1323 1991 7

1191 2001 1409 2048 ‘Eurylochus
1431 2003 1470 2034 ab
1494 2002 1673 2034 Alexandro
1697 2003 1874 2034 interfectus

1170 2043 1223 2080 xli,
1239 2048 1270 2081 6,
1288 2048 1328 2076 14

1212 2086 1414 2128 Eurymedon
1443 2087 1680 2119 Atheniensium
1708 2087 1741 2117 in
1769 2087 1875 2118 Sicilia

1170 2128 1234 2159 dux
1256 2130 1298 2166 iv,
1314 2134 1346 2167 4,
1365 2133 1402 2161 11
1426 2130 1588 2161 fortissime
1613 2130 1764 2161 dimicans
1789 2130 1875 2161 cadit

1169 2171 1211 2207 iv,
1227 2175 1258 2208 5,
1274 2175 1293 2203 7

1213 2214 1362 2256 Euryone
1378 2213 1527 2256 Amyntae
1541 2215 1605 2245 filia
1626 2215 1679 2251 vii,
1694 2217 1726 2251 4,
1742 2218 1761 2246 5

1212 2256 1386 2298 Eurysaces
1397 2257 1504 2298 Ajacis
1518 2258 1599 2288 filius
1621 2258 1694 2293 xliv,
1711 2261 1742 2294 3,
1757 2261 1777 2290 3

1213 2298 1260 2330 Ex
1275 2301 1405 2331 adverso
1419 2305 1502 2330 stant
1517 2300 1629 2331 classes
1660 2299 1695 2337 ii,
1713 2303 1763 2337 14,
1780 2303 1800 2332 8
1834 2311 1872 2332 ex

1171 2341 1290 2383 integro
1320 2343 1426 2373 urbem
1449 2343 1590 2374 condunt
1610 2342 1818 2374 Athenienses
1839 2343 1874 2380 ii,

1173 2387 1225 2420 15,
1239 2388 1254 2416 1
1280 2396 1316 2416 ex
1329 2385 1448 2426 integro
1460 2386 1574 2416 bellum
1590 2386 1735 2416 adversus
1747 2387 1873 2418 Graecos

1170 2425 1305 2458 instituit
1320 2427 1435 2458 Xerxes
1460 2428 1492 2465 ii,
1507 2431 1558 2465 15,
1572 2431 1610 2460 17
1634 2440 1669 2459 ex
1682 2429 1778 2459 altera
1788 2435 1872 2470 parte

1171 2470 1244 2510 (pro
1260 2471 1299 2501 ab
1315 2471 1409 2502 altera
1425 2470 1528 2511 parte)
1543 2471 1585 2508 iv,
1601 2474 1633 2507 3,
1650 2474 1666 2502 l
1691 2482 1728 2501 ex
1743 2478 1873 2513 utraque

1172 2518 1258 2552 parte
1274 2515 1351 2554 (hoc
1373 2519 1431 2549 est,
1459 2513 1629 2554 utrimque)
1654 2514 1697 2551 iv,
1718 2516 1750 2551 4,
1768 2518 1809 2547 12
1833 2526 1871 2545 ex

1170 2557 1343 2587 continenti
1359 2557 1436 2597 (hoc
1450 2562 1508 2592 est,
1533 2557 1655 2598 statim)
1681 2557 1702 2593 i,
1718 2560 1749 2593 9,
1766 2560 1818 2589 19.
1841 2568 1872 2594 v,

1170 2602 1202 2634 3,
1219 2601 1250 2629 7.
1275 2610 1304 2636 ν,
1316 2603 1347 2635 5,
1362 2603 1394 2631 4.
1419 2599 1460 2634 vi,
1473 2603 1504 2635 7,
1519 2602 1567 2631 10.
1581 2600 1622 2636 xi,
1634 2602 1666 2635 4,
1679 2602 1719 2631 12
1735 2600 1873 2631 Freinsh.

1171 2651 1208 2671 ex
1234 2652 1363 2681 persona
1385 2641 1536 2672 sociorum
1561 2642 1702 2672 inducias
1731 2653 1871 2683 rumpere

1170 2683 1214 2720 iii,
1229 2687 1260 2720 7,
1280 2688 1317 2716 14
1342 2695 1379 2715 ex
1401 2685 1564 2715 commodo
1590 2690 1787 2726 utrorumque
1812 2696 1871 2726 pax

1170 2727 1252 2757 sacta
1284 2727 1348 2764 viii,
1363 2730 1395 2763 4,
1411 2730 1431 2758 2
1464 2738 1501 2758 ex
1524 2729 1582 2758 hac
1605 2738 1697 2758 causa
1717 2728 1771 2764 xii,
1794 2732 1825 2765 2,
1841 2731 1873 2760 9.

1170 2769 1223 2806 xii,
1243 2773 1293 2806 13,
1310 2773 1340 2801 3.
1376 2770 1429 2806 xii,
1456 2772 1508 2806 14,
1535 2773 1555 2801 8
1593 2780 1630 2801 ex
1658 2771 1874 2811 desperatione

1172 2812 1264 2842 saluti
1292 2813 1430 2843 redditus
1455 2813 1528 2853 (pro
1558 2812 1646 2853 post)
1689 2815 1742 2849 xii,
1773 2817 1825 2850 10,
1853 2817 1869 2845 1

1172 2854 1276 2886 Vorst.
1299 2855 1462 2895 exquibus
1476 2856 1565 2886 rebus
1589 2856 1789 2887 arbitrabatur
1819 2856 1871 2892 xii,

1175 2901 1259 2934 14,5
1282 2910 1318 2928 ex
1334 2898 1407 2938 suga
1433 2909 1567 2939 pugnam
1590 2904 1728 2939 repetere
1761 2899 1814 2935 xli,
1839 2902 1871 2934 2,

1172 2944 1193 2972 9
1217 2941 1321 2972 urbem
1351 2951 1387 2971 cx
1416 2941 1541 2974 nomine
1567 2942 1640 2984 equi
1667 2941 1869 2985 Bucephalcn
