2174 3424
658 404 852 436 JUSTINI
891 404 984 434 ΜΒ,
1019 403 1048 432 1.
1081 402 1187 432 car.
1219 391 1258 431 l.

245 501 360 534 subiit.
395 500 471 532 Nec
485 507 621 530 movere
637 508 698 530 nos
714 497 830 536 debet,
847 496 936 538 quod

244 557 312 583 tam
323 552 422 591 longe
435 549 566 580 feratur
577 548 697 579 vixisse
711 552 789 579 ante
801 548 937 579 Ninum.

244 600 395 640 Decepit
410 599 567 639 Trogum,
585 602 621 628 ut
643 598 821 637 plerosque
843 597 937 635 alios,

243 648 518 681 mendacissimus
547 647 692 685 Ctesias,
723 646 780 687 qui
810 646 936 686 primus

244 699 461 740 Assyriorum
481 706 584 738 regno
601 701 729 727 tantam
746 695 865 726 tribuit
882 705 939 726 an-

243 750 451 792 tiquitatem,
463 753 500 780 ut
513 749 585 789 ejus
602 748 697 778 initia
710 747 743 777 in
756 747 938 778 secundum

243 811 264 831 a
293 800 420 831 diluvio
448 800 596 830 seculum
631 798 796 829 incidant.
854 799 938 829 Cum

245 853 325 883 satis
351 856 446 882 certo
471 854 606 882 constet
631 860 707 880 cum
734 859 775 880 ex
804 849 939 880 silentio

245 901 446 941 scriptorum
473 899 790 940 antiquissimorum,
819 899 939 938 Mosis,

246 950 404 982 Auctoris
428 949 507 980 libri
536 949 663 988 Josuae,
687 948 858 986 Judicum,
884 949 939 979 Sa·

247 1000 380 1039 muelis,
396 1000 550 1039 Homeri,
566 998 650 1040 (qui,
670 1000 695 1029 si
722 1003 788 1029 tam
812 999 940 1029 illustre

247 1049 366 1080 fuisset
388 1048 603 1088 Assyriorum
628 1047 818 1087 imperium,
836 1052 874 1078 ut
891 1053 940 1078 to-

247 1101 316 1132 tius
346 1100 437 1131 Asiae
465 1099 536 1130 fere
562 1109 625 1140 per
650 1103 780 1130 tantum
808 1103 941 1139 tempus

247 1149 355 1181 fuerit
380 1149 538 1189 potitum,
565 1158 631 1179 non
659 1149 848 1188 potuissent
874 1158 941 1179 non

247 1200 320 1240 ejus
349 1199 553 1230 mentionem
589 1197 718 1238 facere,
754 1207 817 1229 nec
856 1198 942 1238 passi

248 1254 361 1281 essent
387 1249 437 1279 illi
464 1253 532 1279 tam
559 1253 718 1289 potentes
747 1257 856 1287 reges,
884 1252 943 1279 aut

248 1310 362 1332 eorum
392 1298 560 1340 praefecti,
594 1299 730 1339 impune
764 1298 828 1329 sibi
858 1298 943 1338 eripi

249 1349 501 1382 florentissimas
514 1349 666 1389 regiones
683 1358 702 1379 a
716 1347 856 1388 Josua3)
873 1352 944 1379 tum

250 1411 293 1432 ex
323 1400 520 1431 testimonio
547 1398 727 1439 Herodoti,
753 1398 808 1439 qui
834 1398 890 1429 lib.
918 1407 943 1428 1.

249 1450 355 1481 tradit
376 1449 632 1481 Semiramidem
660 1452 691 1479 5.
720 1448 946 1488 generationi-

251 1501 313 1532 bus
339 1500 488 1532 floruisse
515 1505 593 1531 ante
619 1499 778 1531 Nitocrin
804 1504 945 1530 matrem

251 1552 424 1593 Labyniti,
441 1561 538 1592 quem
555 1552 663 1592 Cyrus
680 1550 775 1589 vicit,
791 1551 822 1581 h.
841 1561 870 1581 e.
889 1551 945 1580 vix

253 1604 328 1632 200.
344 1601 437 1632 annis
462 1605 542 1631 ante
567 1601 692 1640 Cyrum
719 1609 857 1638 regnum
887 1599 949 1630 As-

254 1651 419 1692 syriorum
435 1655 506 1681 tum
534 1649 683 1681 nondum
707 1649 810 1680 fuisse
826 1654 949 1689 ortum,

255 1710 331 1732 cum
362 1710 380 1731 a
404 1700 519 1731 Ctesia
548 1700 705 1730 scribitur
727 1698 873 1730 deletum
900 1698 950 1730 fu-

254 1750 333 1781 isse.
377 1750 432 1781 Ne
462 1749 573 1780 dicam
600 1748 634 1778 id
666 1758 805 1788 arguere
835 1748 950 1779 inania

256 1809 385 1839 regum,
407 1799 463 1839 qui
486 1802 561 1838 post
579 1798 704 1828 Ninum
728 1803 764 1828 et
779 1797 852 1837 ejus
869 1807 950 1828 uxo-

256 1858 325 1880 rem
340 1851 652 1886 commemorantur,
668 1846 812 1877 nomina.
837 1847 951 1878 Quan-

258 1899 300 1930 do
316 1899 483 1939 AEgyptus
507 1908 526 1928 a
552 1898 642 1928 Nino
665 1902 699 1928 et
716 1897 952 1937 Semiramide,

256 1949 283 1980 si
310 1948 434 1980 ctesiae
463 1947 645 1986 credimus,
673 1946 814 1977 subacta
830 1947 952 1987 jugum

256 2000 318 2031 hoc
333 1998 505 2029 excussit?
549 1997 666 2028 Altum
680 1997 721 2027 de
734 1997 784 2028 his
797 1997 951 2028 omnibus

257 2049 292 2079 in
323 2048 558 2088 AEgyptiorum
591 2047 739 2078 historiis
769 2047 951 2079 silentium.

258 2098 352 2129 Nihil
382 2097 498 2128 falsius
529 2096 766 2128 commentitia
796 2096 952 2137 Assyrio-

258 2157 333 2179 rum
362 2147 576 2188 antiquitate.
619 2147 840 2178 Verissimum
861 2148 953 2179 vide-

259 2203 327 2235 tur,
363 2199 452 2239 quod
483 2197 681 2229 Herodotus
703 2197 867 2238 prodidit,
891 2208 954 2238 per

260 2252 334 2281 500.
348 2257 450 2279 annos
463 2248 617 2288 Assyrios
633 2248 666 2278 in
680 2247 762 2279 Asia
774 2248 954 2288 Superiore

260 2309 372 2331 rerum
405 2299 532 2339 potitos
555 2307 651 2329 esse:
682 2307 744 2329 nec
771 2301 885 2328 tamen
909 2298 955 2329 vi-

261 2349 387 2380 dentur
407 2348 503 2389 regni
524 2348 592 2388 huj.
615 2347 710 2379 initia
732 2348 830 2379 valde
851 2347 956 2379 fuisse

262 2399 364 2438 clara,
390 2398 449 2429 sed
487 2397 680 2438 perexigua.
723 2397 811 2428 Tum
842 2402 955 2429 autem

261 2447 377 2480 floruit
396 2448 554 2487 maxime,
590 2457 666 2479 cum
688 2447 776 2478 illius
802 2447 957 2488 potentia

261 2499 297 2530 in
309 2498 420 2530 Sacris
432 2498 556 2529 Literis
570 2498 673 2528 tantis
682 2497 835 2529 laudibus
849 2498 958 2529 extol·

262 2549 358 2588 litur‚
374 2551 409 2579 et
422 2547 521 2579 factis
537 2547 619 2588 ipsis
634 2547 835 2579 ostenditur.
880 2547 958 2580 Quo

266 2604 378 2629 autem
407 2602 559 2637 tempore
579 2595 723 2627 maxime
744 2596 780 2627 in
795 2595 959 2628 Hebraeo-

264 2657 338 2678 rum
371 2646 464 2678 libris
497 2650 778 2677 commemoratur
814 2647 958 2687 viguisse

265 2697 482 2738 Assyriorum
507 2705 660 2737 regnum,
685 2696 714 2727 si
736 2696 884 2728 Ctesiam
908 2706 959 2728 se-

266 2748 409 2790 quimur,
437 2747 565 2779 dudum
590 2748 717 2778 nullum
739 2747 816 2788 fuit,
834 2749 960 2790 quippe

266 2797 356 2839 quod
370 2801 449 2828 ante
464 2796 568 2828 fuerit
584 2807 604 2827 a
615 2797 728 2827 Medis
740 2797 960 2838 exstinctum,

267 2856 371 2887 penes
387 2856 469 2887 quos
494 2856 607 2877 rerum
629 2856 790 2878 summam
811 2851 882 2879 tum
899 2857 962 2888 per

269 2899 344 2928 200.
360 2895 432 2928 fere
446 2906 548 2928 annos
563 2896 667 2928 fuisse
683 2897 826 2929 credunt
842 2902 878 2929 et
893 2903 960 2929 tra-

271 2946 363 2978 dunt.
406 2946 472 2979 Sed
488 2946 627 2979 istarum
640 2947 830 2980 notularum
846 2958 963 2990 angus-

1597 387 1682 429 619

988 495 1046 527 tiae
1063 504 1129 525 non
1151 494 1355 535 permittunt
1377 497 1416 524 ut
1436 493 1510 524 haec
1527 491 1680 533 pluribus

987 554 1241 587 persequamur,
1258 543 1346 584 quod
1363 543 1441 574 alibi
1463 541 1552 574 forte
1580 541 1684 573 facie-

988 605 1061 626 mus
1097 595 1290 634 diligenter.
1344 593 1433 623 Haec
1465 596 1593 622 tantum
1626 591 1682 622 hic

988 645 1086 676 libuit
1100 648 1278 682 annotare,
1297 646 1334 673 ut
1346 642 1539 681 scrupulum
1556 641 1682 671 exima-

988 706 1061 727 mus
1091 694 1287 730 lectoribus,
1316 701 1414 733 quem
1439 691 1489 721 vir
1516 690 1684 721 eruditiss.

988 747 1106 786 movit,
1122 756 1197 777 cum
1214 749 1356 785 propter
1372 747 1560 782 temporum
1582 741 1685 772 ratio·

989 805 1062 835 nes,
1087 794 1270 827 secundum
1301 792 1426 824 Ctesiae
1454 791 1602 822 calculos
1626 790 1686 820 fal-

991 846 1148 884 sissimos,
1163 843 1409 884 repudiandam
1433 841 1565 872 censuit
1581 840 1687 879 opini-

990 905 1087 926 onem
1104 895 1145 925 de
1163 892 1325 931 Sesostri,
1345 891 1401 932 qui
1418 895 1578 930 corrupto
1593 890 1684 920 Vex—

991 945 1041 976 ori
1073 948 1146 975 erat
1176 942 1394 974 substitutus.
1438 941 1547 970 Groev.
1604 938 1686 969 Dici

990 995 1047 1025 vix
1064 997 1178 1034 potest
1195 997 1278 1033 quot
1308 996 1343 1022 et
1370 995 1512 1032 quantas
1527 989 1580 1021 hic
1592 989 1686 1019 loeus

992 1044 1109 1075 turbas
1126 1042 1282 1081 dederit3
1298 1041 1374 1072 dum
1389 1050 1423 1071 se
1447 1049 1560 1071 omnes
1577 1039 1688 1070 omnia

992 1093 1281 1133 scirepostulant.
1324 1092 1408 1122 Rern
1426 1100 1487 1132 ego
1512 1090 1552 1120 ad
1579 1099 1687 1129 pauca

992 1143 1202 1181 contraham,
1238 1150 1350 1182 neque
1386 1150 1439 1171 me
1470 1139 1688 1180 prolixiorem

993 1194 1118 1226 fecero.
1162 1192 1343 1224 Turnebus
1382 1201 1444 1232 pro
1480 1191 1608 1222 Vexoris
1639 1190 1689 1220 le-

994 1244 1092 1285 gend.
1116 1248 1233 1274 censet
1250 1241 1409 1281 Sesostris,
1433 1240 1522 1281 quod
1538 1249 1602 1280 ego
1619 1249 1689 1270 om-

994 1304 1065 1332 nes,
1077 1293 1119 1324 ob
1135 1292 1220 1323 tanti
1233 1291 1297 1322 viri
1314 1291 1552 1322 auctoritatem
1568 1290 1600 1320 in
1615 1289 1690 1320 lite-

995 1345 1042 1375 ris
1078 1342 1343 1381 humanioribus,
1380 1340 1541 1382 amplecti
1578 1340 1690 1371 video.

993 1395 1061 1426 Sed
1091 1394 1217 1426 frustra
1249 1397 1285 1424 et
1317 1397 1446 1423 temere
1479 1391 1513 1422 id
1536 1389 1578 1421 ab
1606 1389 1690 1421 Adr.

994 1445 1152 1476 Turnebo
1176 1448 1341 1474 assertum
1373 1446 1437 1473 est.
1483 1441 1542 1481 At,
1571 1440 1692 1480 inquit,

996 1496 1029 1526 in
1057 1495 1205 1526 secunda
1220 1495 1320 1524 Musa
1341 1491 1508 1523 Herodoti
1526 1491 1633 1522 multa
1648 1489 1691 1521 de

998 1545 1158 1584 Sesostri,
1182 1553 1291 1585 eaque
1315 1553 1394 1574 sane
1417 1551 1579 1583 perquam
1600 1550 1693 1580 mag-

998 1595 1097 1626 nifica
1128 1599 1163 1625 et
1192 1594 1347 1632 illustria,
1376 1592 1580 1623 referuntur.
1624 1590 1693 1621 Sed

998 1646 1078 1688 quid
1090 1650 1159 1677 tum
1174 1646 1185 1676 ?
1230 1644 1285 1675 An
1311 1644 1387 1674 ideo
1408 1642 1551 1673 Vexoris
1567 1640 1695 1673 Justini

999 1701 1143 1737 repente
1158 1695 1218 1726 fiet
1233 1694 1393 1726 Sesostris
1410 1691 1600 1724 Herodoti?
1646 1690 1694 1721 At

999 1746 1061 1777 hoc
1077 1755 1141 1777 nec
1165 1745 1239 1776 fieri
1260 1744 1383 1785 potuit,
1404 1752 1514 1783 neque
1535 1740 1619 1772 ferri
1635 1749 1695 1780 po-

1000 1800 1079 1827 test.
1124 1796 1269 1826 Proteus
1286 1794 1374 1824 enim
1389 1802 1432 1823 ex
1450 1790 1625 1822 Herodoto
1643 1790 1695 1830 ip-

1001 1855 1036 1875 so
1049 1849 1125 1885 post
1140 1844 1333 1874 Pherouem
1357 1843 1390 1873 in
1412 1842 1559 1882 AEgypto
1575 1849 1696 1880 regna-

1001 1895 1073 1932 vit3
1097 1899 1175 1925 ante
1191 1894 1380 1924 Pheronem
1396 1892 1582 1929 Sesostris;
1612 1900 1695 1930 ergo

1002 1954 1056 1975 res
1083 1943 1276 1984 planissime
1299 1941 1386 1973 falsa
1420 1946 1485 1980 est,
1513 1950 1611 1981 quam
1640 1939 1697 1970 isti

1003 1998 1072 2025 tam
1082 1993 1185 2025 facile
1195 1992 1382 2025 credidere.
1414 1992 1553 2022 Dixerit
1565 1990 1697 2031 aliquis,

1001 2044 1088 2085 haec,
1118 2054 1191 2085 quae
1213 2053 1233 2074 a
1251 2052 1305 2074 me
1321 2042 1494 2082 dicuntur,
1520 2041 1644 2072 nuliam
1659 2040 1698 2071 fi-

1003 2095 1080 2125 dem
1103 2094 1228 2125 facere.
1275 2093 1349 2124 Imo
1380 2096 1493 2124 autem
1518 2092 1572 2122 vel
1595 2090 1700 2122 maxi-

1003 2154 1104 2183 mam,
1117 2148 1219 2185 atque
1234 2143 1319 2174 adeo
1336 2142 1570 2174 certissimam.
1610 2142 1699 2172 Nam

1003 2195 1150 2226 Proteus
1167 2203 1210 2225 ex
1226 2192 1356 2225 Herod.
1381 2198 1416 2224 et
1443 2192 1594 2223 Homero
1611 2192 1700 2231 ipso,

1003 2244 1061 2285 qui
1076 2244 1183 2274 multo
1206 2243 1375 2284 antiquior
1399 2246 1463 2282 est,
1487 2241 1699 2282 temporibus

1004 2294 1087 2326 belli
1106 2293 1244 2333 Trojani
1270 2303 1324 2333 ap.
1343 2292 1520 2332 AEgyptios
1535 2290 1700 2322 florebat:

1005 2346 1098 2377 unde
1135 2344 1324 2376 necessario
1360 2342 1520 2382 efficitur,
1549 2341 1701 2372 Vexorin

1006 2405 1074 2426 non
1097 2404 1196 2436 posse
1212 2403 1286 2425 esse
1300 2393 1483 2432 Sesostrin,
1499 2402 1575 2423 cum
1591 2392 1700 2423 Vexo-

1008 2446 1054 2477 ris
1076 2449 1145 2476 tam
1161 2443 1275 2475 multis
1292 2443 1388 2474 annis
1404 2447 1484 2473 ante
1500 2441 1627 2473 Ninum
1643 2440 1702 2471 im-

1008 2496 1094 2537 perii
1130 2493 1301 2535 Assyriaci
1331 2493 1541 2524 conditorem
1566 2491 1704 2523 vixerit.

1008 2547 1117 2577 Plane
1131 2545 1221 2576 enim
1236 2548 1272 2575 et
1291 2542 1420 2574 diserte
1436 2542 1499 2573 hoc
1516 2541 1612 2582 ponit
1624 2541 1702 2573 Jus-

1009 2597 1112 2636 tinus,
1137 2595 1264 2626 ‘multo
1281 2593 1504 2634 antiquiorem
1525 2591 1628 2622 fuisse
1644 2592 1705 2623 Ni-

1009 2647 1074 2679 no!
1119 2646 1254 2686 Itaque,
1279 2648 1317 2675 ut
1338 2644 1447 2674 dicam
1472 2642 1562 2683 quod
1585 2642 1705 2681 sentio,

1009 2696 1156 2728 Vexoris
1182 2696 1240 2726 ille
1266 2693 1382 2725 fabula
1403 2692 1616 2724 ethnicorum
1631 2691 1706 2722 fne-

1011 2748 1069 2787 rit,
1083 2747 1164 2778 nihil
1182 2744 1286 2785 aliud,
1301 2744 1365 2774 nisi
1381 2747 1418 2775 tu
1437 2743 1544 2773 multa
1559 2742 1636 2781 alia,
1652 2751 1706 2773 ea-

1012 2808 1077 2839 que
1108 2797 1266 2834 certiora,
1301 2794 1392 2825 inter
1427 2791 1558 2824 fabulas
1590 2791 1707 2824 haberi

1010 2848 1124 2886 voles;
1147 2849 1241 2878 certe
1257 2844 1353 2875 nobis
1367 2843 1502 2884 ignotus
1518 2845 1584 2883 est,
1595 2851 1707 2883 neque

1011 2896 1175 2929 Sesostris
1190 2904 1262 2927 esse
1277 2898 1402 2935 potest.
1446 2893 1534 2925 Nam
1552 2902 1629 2924 cum
1646 2892 1707 2923 Ni-

1013 2957 1074 2979 nus
1089 2956 1156 2979 non
1169 2946 1274 2978 multo
1299 2947 1375 2986 post
1397 2943 1560 2976 diluvium
1576 2942 1706 2975 Noachi
