2101 3419
422 357 534 400 1008

423 471 524 493 manu
550 461 654 502 ipsius
682 461 809 501 tollam,
840 471 915 503 quae
942 471 991 494 sc.
1017 462 1119 493 nimio

423 511 516 542 oneri
541 515 605 548 est,
631 520 774 552 eumque
798 511 832 541 in
857 511 1014 543 sudorem
1036 512 1119 543 dare

422 566 558 602 posset3
580 563 630 593 ita
646 572 749 603 grave
772 573 812 594 ac
828 564 1051 604 ponderosum
1067 567 1119 595 est

421 612 565 644 solidum
579 612 662 643 illud
679 622 722 643 ex
739 623 820 644 auro
835 613 999 645 Victoriae
1020 614 1118 645 simu-

419 663 560 694 lacrum.
604 663 671 694 Hic
680 663 796 703 jocus,
807 664 881 695 haec
893 664 1003 695 irrisio
1014 664 1118 696 sacri-

421 713 487 753 legi
504 712 667 753 principis
682 712 759 744 fuit.
784 713 899 745 Faber.

465 764 518 803 §6
539 763 631 794 Jovis
655 773 781 794 aureum
804 763 1017 803 simulacrum]
1051 763 1116 795 Ar-

419 813 499 845 nob.
515 822 564 844 vt.
580 812 655 844 adv.
671 813 715 844 G.
729 823 762 854 p.
777 816 852 844 257.
866 813 929 844 hoc
943 814 1116 854 sacrilegi-

419 873 474 894 um
487 863 603 894 tribuit
613 862 780 894 Antiocho
793 863 975 904 cyziceno,
990 864 999 881 ‘
1016 873 1115 904 quem

418 912 534 944 ferunt
560 912 678 943 decem
704 913 897 944 cubitorum
921 914 1045 946 Jovem
1072 923 1116 944 ex

419 963 560 994 delubro
575 972 710 993 aureum
727 963 912 1004 sustulisse,
939 969 974 994 et
989 973 1031 994 ex
1047 973 1115 994 aere

419 1013 598 1044 bracteolis
660 1012 878 1044 substituisse
942 1013 1114 1045 fucatum?

419 1063 520 1095 Bern.

461 1115 489 1145 A
503 1115 672 1146 latronibus
681 1114 815 1155 capitur]
840 1115 890 1146 Cl.
899 1115 1060 1146 Bochart.
1072 1125 1112 1146 11.

418 1167 468 1195 16.
486 1165 624 1205 Phaleg.
638 1170 735 1205 putat
750 1166 833 1197 hanc
848 1165 1021 1196 historiam
1039 1175 1114 1206 per-

418 1214 526 1245 tinere
544 1215 584 1246 ad
602 1215 834 1246 Alexandrum
852 1216 985 1254 Balam,
1011 1225 1113 1256 quum

416 1266 571 1297 Justiuus
595 1266 648 1297 hic
671 1271 750 1306 agat
774 1266 816 1297 de
834 1266 1043 1306 Alexandro,
1059 1266 1113 1297 cui

416 1326 601 1356 cognomen
617 1315 680 1347 t'uit
696 1316 846 1347 Zabinae.
872 1316 969 1347 Gron.

459 1367 475 1406 ξ
493 1368 512 1396 7
538 1366 615 1400 Quae
629 1376 709 1404 cum,
722 1365 791 1406 ἐξα]
824 1366 1038 1396 Simillimum
1055 1375 1111 1397 ex-

416 1415 561 1455 emplum
588 1419 641 1445 est
668 1425 722 1456 ap.
750 1415 915 1447 Liv.V111.
942 1419 993 1447 18.
1017 1416 1112 1456 cujus

416 1465 569 1496 meminit
597 1475 729 1506 quoque
754 1466 828 1496 Val.
853 1466 902 1497 Μ.
920 1475 961 1497 11.
976 1470 1006 1498 5.
1022 1469 1052 1498 3.
1078 1471 1114 1497 et

416 1516 626 1547 Orosiusui.
655 1519 704 1546 10.
751 1516 857 1547 Plura
883 1517 1021 1556 collegit
1047 1516 1111 1548 Ph.

415 1566 587 1597 Camerar.
618 1567 756 1597 Ceutur.
783 1576 806 1598 1.
832 1570 863 1598 9.
891 1566 1009 1608 quibus
1035 1566 1111 1598 add.

414 1616 513 1646 Paul.
526 1617 625 1647 Diae.
644 1625 682 1647 11.
701 1620 751 1648 15.
774 1617 872 1648 Rern.

459 1668 641 1707 eupiditate
649 1667 882 1707 dominationis]
903 1666 957 1698 Ita
967 1676 1110 1698 xxxvii.

415 1720 443 1748 1.
460 1720 490 1748 4.
516 1718 612 1749 Idem.

460 1767 603 1798 Venienei
616 1768 654 1798 ab
668 1768 904 1808 exercitatione]
929 1768 977 1799 Cl.
994 1768 1110 1799 Usser.

411 1816 445 1846 in
463 1816 586 1848 Annal.
604 1817 708 1849 lEtat.
726 1828 774 1849 vi.
801 1828 831 1858 p.
852 1821 923 1849 124.
940 1819 1055 1849 mallet
1071 1818 1108 1849 ab

411 1867 559 1898 exercitu.
604 1867 651 1899 At
668 1869 748 1899 nihil
764 1868 916 1900 mutand.
935 1869 1109 1899 Exercita-

411 1918 461 1948 tio
488 1918 576 1948 enim
606 1919 733 1949 luctam
762 1923 870 1949 notat.
916 1922 1105 1949 xxxvuA.

409 1967 418 1983 ‘
438 1968 515 1998 Non
532 1968 563 1998 in
582 1967 858 1999 advocationibus
881 1969 941 1999 sed
964 1970 996 1999 in
1013 1979 1108 2000 exer-

411 2017 647 2049 citationibus!
710 2018 802 2049 Plut.
842 2019 874 2049 in
918 2019 1038 2059 Pomp.
1073 2029 1106 2059 p.

409 2070 484 2098 640.
530 2066 590 2097 Καὶ
603 2066 811 2106 γυμνάζοντος
826 2067 932 2098 ἑαυτὸν
943 2067 1026 2106 ἵππῳ
1041 2068 1107 2109 περὶ

408 2116 445 2146 τὸ
461 2115 679 2156 στρατόπεδον.
721 2118 792 2148 Liv.
807 2127 842 2148 x.
858 2121 908 2148 ll.
932 2118 941 2134 ‘
959 2118 996 2148 T.
1008 2118 1042 2148 M
1050 2127 1107 2148 an-

409 2166 487 2205 lius,
503 2166 557 2196 vix
575 2166 652 2196 dum
669 2167 836 2206 ingressus
851 2167 994 2198 hostium
1010 2166 1105 2207 fines,

408 2226 510 2257 quum
537 2221 756 2247 exerceretur
781 2217 870 2248 iuter
893 2218 1037 2258 equites,
1063 2218 1105 2248 ab

407 2266 526 2306 rapido
542 2275 642 2296 cursu
666 2266 928 2306 circumagendo
945 2276 1032 2307 equo
1056 2266 1104 2297 ef-

406 2315 510 2356 fusus,
545 2317 719 2357 extemplo
756 2326 863 2358 prope
892 2317 1104 2358 exspiravit.'

410 2366 509 2397 Gron.

449 2418 466 2457 ς
483 2419 503 2447 8
526 2417 710 2458 Praedz‘clis]
735 2418 812 2450 Non
829 2419 943 2459 placet
958 2418 1010 2449 hic
1025 2429 1104 2459 proe-

406 2467 511 2508 dictis,
535 2472 571 2499 et
588 2468 743 2499 vitiosum
769 2478 844 2500 esse
870 2469 976 2510 liquet
993 2470 1045 2500 vel
1061 2479 1103 2500 ex

407 2527 458 2553 eo,
486 2517 564 2559 quia
590 2519 743 2559 sequitur
765 2520 856 2559 ‘jam
885 2519 988 2559 ante,'
1015 2519 1104 2560 quod

404 2569 449 2607 τῷ
470 2569 630 2609 proedictis
644 2569 750 2600 otiose
768 2570 961 2610 apponitur.
1008 2571 1103 2601 Malo

405 2618 555 2649 scribere
569 2619 712 2659 proditis,
735 2619 847 2651 Schef.

447 2669 600 2699 CAPAH.
647 2670 662 2709 ς
682 2671 696 2699 1
725 2671 825 2705 Quam
847 2670 950 2710 Syrioe
974 2680 1104 2709 regnum

404 2718 495 2758 esset]
520 2719 556 2750 F.
573 2720 637 2759 leg.
653 2731 682 2760 q.
699 2720 732 2751 S.
740 2720 870 2758 futurus
883 2731 940 2752 ess.
966 2722 1072 2754 Gron.

446 2771 462 2809 ξ
477 2772 494 2799 3
515 2769 633 2809 Cyzic.]
650 2770 836 2802 Antiochus
850 2772 903 2802 hic
918 2772 1103 2812 Cyzicenus

405 2821 660 2859 cognominatus
691 2820 768 2858 fuit,
797 2822 876 2862 quia
907 2823 1019 2862 Cyzici
1046 2832 1100 2863 ap.

406 2869 584 2900 Craterum
615 2871 780 2911 hospitem
819 2871 883 2903 fuit
924 2873 1100 2904 educatus.

404 2919 482 2949 Vid.
499 2920 611 2952 Vales.
634 2921 675 2952 ad
697 2922 859 2964 Excerpt.
886 2923 1099 2965 Porphyrog.

874 368 1016 399 NOTAE
1050 368 1313 400 VARIORUM
1347 370 1398 400 IN

1170 471 1212 494 ex
1228 463 1332 495 Diod.
1348 473 1380 504 p.
1397 466 1448 495 19.

1212 514 1395 544 Exercitum
1420 513 1520 555 Cypri
1541 512 1755 553 sollicitatum]
1777 513 1862 544 Mss.

1169 568 1204 594 et
1219 564 1316 596 Junt.
1332 564 1447 605 Grypi.
1469 565 1515 595 Et
1526 564 1588 595 hoc
1601 573 1716 594 verum
1729 572 1862 594 censeo.

1167 614 1402 645 Sollicitantur
1418 614 1507 645 enim
1523 613 1695 644 exereitus
1711 612 1865 652 aliorum,

1166 669 1206 696 ut
1229 664 1263 695 iu
1288 669 1420 696 nostras
1441 669 1615 695 transeant
1635 667 1772 704 partes;
1795 672 1864 694 non

1166 725 1249 746 vero
1266 715 1322 756 qni
1345 715 1469 746 nostris
1482 714 1646 746 sumtibus
1658 714 1864 754 colliguntur

1166 766 1200 797 in
1215 765 1287 796 aliis
1298 765 1504 805 regionibus.
1523 766 1630 796 Graev.
1653 764 1694 795 In
1707 764 1793 794 Mss.
1809 766 1864 794 est

1168 816 1295 856 Grippi,
1306 815 1394 847 unde
1404 814 1503 846 facile
1511 814 1680 855 intelligas
1691 813 1863 845 scribend.

1166 875 1240 896 esse
1259 866 1374 906 Grypi.
1421 864 1519 897 Quod
1536 869 1572 896 et
1595 865 1629 895 in
1654 864 1707 896 ed.
1728 864 1787 895 illa
1802 873 1862 904 op-

1165 916 1248 947 tima
1262 917 1359 948 Jnnt.
1376 919 1531 956 apparet.
1566 915 1677 946 Faber.
1721 913 1861 946 Graevio

1165 966 1278 1007 placet
1296 966 1411 1006 Grypi.
1454 965 1540 996 Mihi
1561 975 1643 996 vero
1667 964 1764 1006 Cypri
1787 973 1861 995 rec-

1165 1021 1236 1048 tum
1255 1016 1400 1047 videtur.
1445 1016 1552 1047 Paulo
1566 1019 1643 1056 post
1657 1015 1747 1046 enim
1759 1013 1860 1045 eund.

1163 1067 1256 1097 illum
1285 1066 1485 1105 exercitum,
1518 1067 1527 1083 ‘
1546 1066 1740 1106 peregrinos
1763 1073 1861 1096 exer-

1165 1117 1252 1148 citus
1279 1116 1337 1157 qui
1362 1117 1396 1147 in
1422 1116 1607 1147 certamina
1632 1114 1776 1146 fratrum
1805 1114 1864 1145 ad-

1165 1167 1257 1198 ducti
1274 1167 1365 1207 sint‚'
1385 1170 1497 1198 vocat.
1526 1166 1630 1198 Vorst.
1675 1167 1783 1197 Recte
1799 1165 1862 1196 Fa-

1165 1217 1237 1248 ber.
1283 1217 1371 1250 Nam
1394 1217 1619 1248 sollicitantur
1641 1216 1784 1247 aliorum
1803 1225 1860 1246 ex-

1163 1267 1301 1298 ercitus.
1324 1266 1360 1297 Si
1376 1266 1565 1306 scripsisset
1580 1266 1679 1306 Cypri
1689 1266 1859 1304 collectum,

1162 1321 1221 1348 aut
1235 1317 1449 1358 conscriptum,
1463 1321 1498 1348 et
1509 1316 1585 1348 libri
1596 1320 1679 1347 vett.
1695 1315 1777 1346 nihil
1790 1324 1859 1346 mo-

1164 1372 1296 1406 verent,
1323 1368 1468 1408 vulgatae
1499 1367 1679 1408 scripturae
1708 1375 1774 1397 non
1800 1365 1858 1397 ad-

1162 1426 1381 1448 versaremur.
1408 1418 1515 1448 Groev.

1211 1468 1301 1499 Velut
1315 1468 1462 1508 dotalem]
1486 1467 1607 1508 Virgil.
1624 1467 1696 1499 AEn.
1713 1476 1763 1498 lv.
1785 1470 1859 1498 104.

1164 1519 1173 1535 ⁴
1190 1518 1309 1550 Liceat
1323 1519 1473 1559 Phrygio
1487 1518 1614 1549 servire
1631 1517 1766 1555 marito,
1786 1517 1857 1548 Do-

1163 1570 1313 1610 talesque
1331 1574 1398 1600 tuae
1414 1569 1537 1609 Tyrios
1559 1568 1760 1608 permittere
1776 1567 1857 1599 dex-

1161 1619 1245 1651 trae!
1288 1621 1334 1650 Et
1351 1628 1398 1650 ix,
1416 1622 1490 1650 737.
1515 1619 1524 1635 ‘
1543 1619 1619 1650 Non
1643 1618 1714 1650 haec
1734 1617 1857 1649 dotalis

1161 1670 1253 1710 regia
1269 1668 1426 1700 Amatae!
1451 1669 1549 1699 Gron-

1205 1721 1221 1760 ξ
1235 1723 1252 1750 5
1271 1718 1524 1760 Requirijussit]
1535 1718 1752 1749 Praetulerim
1760 1718 1857 1751 Junt.

1161 1771 1585 1811 scriptionen1‚req.‹1uxit.
1610 1769 1726 1800 Graev.
1758 1769 1855 1801 Junt.

1158 1821 1262 1860 duxit,
1280 1821 1300 1851 i.
1318 1831 1348 1851 c.
1366 1819 1704 1860 putavit‚judicavit.
1749 1819 1856 1850 Male.

1160 1872 1281 1912 Neque
1309 1871 1397 1902 enim
1423 1870 1562 1901 dicimus
1588 1870 1680 1901 duxit
1702 1870 1787 1901 illam
1809 1879 1857 1901 re-

1158 1922 1252 1961 quiri,
1264 1922 1322 1953 sed
1338 1921 1549 1961 requirendam
1562 1931 1635 1952 esse.
1678 1919 1856 1951 Memoriae

1158 1977 1249 2003 certe
1266 1973 1357 2003 nulla
1380 1972 1535 2012 exempla
1559 1974 1754 2010 occurrunt,
1779 1979 1855 2010 quae

1158 2022 1190 2052 id
1219 2022 1392 2053 suadeant.
1432 2021 1545 2052 Faber.
1604 2020 1726 2051 Editur
1754 2020 1854 2060 vulgo

1146 2072 1257 2110 jussit.
1296 2071 1360 2102 Sed
1376 2071 1453 2100 mihi
1468 2070 1693 2110 placetdustit.
1728 2069 1853 2100 Sensus

1155 2120 1354 2153 manifestus
1367 2124 1436 2151 est:
1460 2121 1688 2161 Tryphaenam
1701 2120 1782 2150 nihil
1795 2129 1854 2150 an-

1157 2171 1283 2211 tiquius
1307 2170 1443 2200 duxisse
1467 2179 1566 2210 quam
1590 2179 1739 2200 sororem
1756 2170 1853 2201 Cleo-

1156 2225 1289 2260 patram
1319 2219 1463 2260 requiri:
1508 2222 1628 2259 estque
1657 2219 1703 2250 ita
1741 2218 1851 2250 ‘anti-

1156 2270 1279 2311 quius‚'
1306 2275 1343 2300 ut
1371 2270 1466 2309 allam,
1492 2269 1699 2309 adjectivum
1729 2278 1852 2300 nomen

1155 2323 1378 2363 comparativi
1396 2321 1530 2361 gradus.
1573 2321 1608 2352 Si
1625 2325 1738 2352 antem
1752 2321 1851 2360 jussit

1154 2373 1258 2410 legas,
1280 2382 1346 2403 non
1363 2382 1422 2412 pro
1438 2372 1570 2402 nomine
1586 2371 1769 2412 adjectivo,
1790 2371 1851 2402 sed

1154 2433 1216 2464 pro
1233 2423 1394 2454 adverbio
1419 2422 1610 2453 habendum
1637 2421 1726 2452 erit:
1749 2420 1851 2462 idque

1153 2474 1223 2504 siue
1237 2473 1391 2513 exemplo
1405 2472 1487 2503 fere.
1516 2472 1619 2503 Vorst.
1663 2471 1757 2502 Nihil
1770 2470 1853 2502 auti-

1153 2524 1256 2565 quz'us]
1282 2524 1370 2554 Huic
1395 2533 1459 2553 non
1484 2527 1577 2553 recte
1598 2522 1753 2562 jungitur
1781 2530 1854 2552 ver·

1155 2574 1352 2613 bumjussit,
1368 2573 1455 2614 qnod
1472 2577 1524 2603 est
1538 2573 1571 2602 in
1587 2572 1741 2611 vulgatis.
1778 2571 1850 2603 Ita-

1153 2633 1218 2666 que
1243 2624 1358 2655 Juntae
1386 2622 1566 2654 ediderunt
1591 2622 1682 2653 duxit
1707 2631 1769 2662 pro
1795 2631 1849 2661 eo,

1154 2674 1242 2716 quod
1257 2674 1443 2715 probarunt
1453 2673 1515 2703 viri
1531 2673 1636 2703 docti.
1681 2673 1756 2712 Ego
1767 2681 1853 2710 prae-

1154 2724 1228 2755 fero
1252 2723 1432 2755 lectionem
1461 2723 1527 2754 Ms.
1553 2722 1586 2752 iu
1613 2732 1679 2763 quo
1707 2722 1850 2753 habetur

1153 2775 1234 2806 nihil
1257 2778 1339 2811 ante,
1364 2783 1465 2813 quam.
1508 2772 1678 2803 Nimirum
1703 2772 1752 2803 illi
1778 2775 1849 2803 ante

1154 2824 1382 2864 adscripscrat
1410 2822 1532 2863 aliquis
1569 2822 1722 2853 voculam
1750 2821 1849 2862 prius,

1153 2884 1227 2915 quae
1243 2873 1500 2913 deindejuncta
1513 2872 1628 2912 priori,
1652 2871 1847 2912 factumque

1151 2923 1322 2964 αηίερνίυε,
1338 2923 1383 2954 ita
1400 2927 1513 2954 uatum
1530 2923 1685 2964 antiquius
1699 2932 1740 2954 ex
1756 2922 1846 2964 inge-
