2174 3424
501 303 586 345 718
959 315 1100 345 No'rAE.

500 407 590 448 quod
613 417 819 448 magnopere
849 407 973 440 falsum
1000 413 1065 442 est.
1109 410 1199 441 Nam

500 469 583 500 gens
609 464 645 490 et
675 460 809 499 plebem
833 461 1075 501 complectitur
1098 465 1134 492 et
1150 471 1201 492 se-

500 516 630 542 natum.
675 512 790 544 Quare
816 517 964 544 mentem
980 513 1045 544 alio
1061 522 1200 544 conver-

500 566 553 592 tas
580 571 719 592 necesse
754 566 818 594 est.
862 563 987 596 Quaero
1016 563 1132 603 itaque
1157 572 1200 594 an

499 620 583 651 gens
599 610 718 642 Attica
734 613 819 643 sumi
843 614 952 654 possit
978 624 1040 654 pro
1057 614 1199 645 senatu?

501 661 606 692 Haud
619 662 846 702 sane,inquis.
870 662 918 693 At
934 669 1082 702 senatus,
1097 662 1199 704 quid?

500 711 624 742 Nonne
640 711 697 742 ille
710 712 856 744 nobilitas
871 713 942 744 est?
988 713 1066 744 Hoc
1082 713 1201 753 negari

499 769 566 791 non
581 766 704 801 potest.
751 762 874 794 Nonne
890 763 985 803 plebs
1007 768 1042 794 et
1057 763 1203 794 nobilitas

498 810 538 851 (i.
554 820 584 843 e.
595 810 749 853 senatus)
763 818 932 853 perpetuo
949 813 1038 844 inter
1053 823 1088 844 se
1104 813 1201 844 dissi-

500 860 555 891 dio
590 860 768 892 laborant?
814 863 937 893 Nonne
969 863 1031 894 hoc
1069 872 1201 904 quoque

501 915 678 951 perpetuae
696 911 849 942 veritatis
860 917 923 950 est,
935 917 973 943 ut
982 912 1142 944 nobilitas
1156 913 1202 944 sit

501 960 649 999 superba
661 965 697 991 et
709 961 879 1001 impotens
891 962 925 992 in
941 962 1099 1002 plebem?
1124 963 1201 993 Hoc

500 1010 569 1040 tale
586 1015 637 1041 est
655 1015 691 1041 ut
703 1020 779 1042 eum
796 1021 868 1042 esse
890 1012 923 1042 in
940 1012 1040 1042 rebus
1057 1011 1200 1052 publicis

498 1059 669 1100 hospitem
706 1065 743 1091 et
776 1061 992 1102 peregrinum
1028 1066 1200 1102 oporteat,

500 1111 556 1151 qui
571 1110 613 1141 de
630 1120 670 1141 eo
688 1111 909 1142 dubitandum
924 1112 1064 1152 putarit.
1087 1112 1201 1144 Quare

500 1161 721 1201 corrigendus
746 1162 937 1194 necessario
968 1162 1022 1193 hic
1045 1163 1068 1194 l.
1095 1166 1130 1193 et
1152 1162 1200 1193 sic

497 1212 661 1252 legendus
674 1223 681 1243 :
707 1213 877 1252 Imperium
891 1214 932 1243 ad
945 1216 1085 1243 senatum
1101 1215 1201 1242 trans-

490 1261 613 1302 fertur,
636 1263 688 1302 quz'
709 1273 788 1301 cum,
809 1263 904 1293 insita
924 1262 1081 1293 nobilitati
1095 1272 1200 1302 super-

499 1312 561 1349 bia,
578 1312 744 1342 crudeliter
765 1312 798 1342 in
820 1312 950 1352 plebem,
970 1313 1022 1352 &aa
1068 1311 1147 1342 Vin’
1164 1316 1200 1342 tu

497 1362 577 1392 addi
595 1362 742 1403 aliquid?
766 1363 818 1392 En
847 1361 909 1392 tibi
933 1362 1106 1392 oraculum
1132 1371 1200 1392 non

498 1421 541 1441 ex
570 1421 672 1452 specu
709 1411 907 1452 Trophonii,
939 1411 998 1442 sed
1027 1421 1069 1442 ex
1096 1411 1200 1451 adyto

498 1461 646 1491 Sallustii
660 1461 692 1491 iu
708 1461 867 1501 Jugurth.
883 1461 1025 1501 opinor:
1052 1462 1061 1478 ⁴
1078 1462 1200 1502 Super-

499 1510 555 1541 bia
586 1511 723 1542 solenne
746 1511 934 1542 nobilitatis
958 1511 1107 1542 malum.’
1151 1510 1200 1542 At

498 1561 584 1592 Mss.
616 1565 728 1591 tamen
758 1561 839 1592 nihil
875 1562 1014 1601 habent,
1044 1562 1134 1593 unde
1165 1561 1199 1592 id

498 1611 727 1651 confirmetur,
751 1612 841 1653 quod
867 1612 972 1643 dicis?
1016 1612 1083 1643 Sed
1102 1613 1199 1652 ratio,

496 1663 721 1703 etjudicandi
739 1661 898 1700 facultas,
924 1666 960 1693 et
984 1663 1110 1694 veritas
1127 1663 1200 1703 ipsa

498 1713 635 1744 nullone
649 1714 681 1744 in
692 1714 767 1744 loco
785 1723 840 1753 ap.
858 1718 891 1744 te
908 1713 1010 1744 sunt?
1034 1712 1200 1744 deberent

499 1768 607 1802 certe,
634 1764 698 1794 nisi
724 1768 758 1794 te
782 1763 824 1794 ab
851 1764 916 1794 illis
942 1767 1108 1793 semotum
1126 1772 1199 1793 esse

497 1813 681 1854 profiteris.
706 1813 819 1845 Faber.
868 1813 965 1844 Genti
977 1812 1130 1851 intellige
1142 1821 1200 1842 no-

497 1863 628 1901 bilium,
652 1863 742 1904 quod
767 1863 853 1894 adeo
878 1863 987 1893 Fabro
1005 1862 1146 1902 placuit,
1163 1866 1201 1892 ut

497 1912 695 1953 refragante
719 1913 963 1953 exemplarium
985 1921 1150 1942 consensu
1167 1911 1200 1941 in

498 1968 632 1994 textum
663 1963 799 1993 admitti
827 1962 1062 1993 contenderet.
1099 1962 1201 1998 Oxou,

498 2013 591 2044 Puto
604 2013 714 2043 locum
730 2012 828 2042 aliter
841 2011 1039 2042 curandum.
1066 2010 1200 2050 Nempe

497 2062 581 2092 illud
609 2062 699 2101 genti
729 2061 886 2092 existimo
913 2066 1110 2101 corruptum
1139 2070 1200 2100 per

496 2113 700 2152 scripturam
717 2112 1005 2152 compendiosam,
1023 2121 1061 2142 ac
1079 2121 1140 2152 pro
1158 2121 1198 2142 eo

497 2162 644 2203 ponend.
664 2162 789 2201 gentili,
811 2162 946 2193 delend.
961 2167 1073 2192 autem
1089 2162 1198 2200 insita,

495 2217 657 2253 tanquam
688 2212 744 2242 τοῦ
767 2212 897 2251 gentliis
933 2213 1090 2252 glossam.
1135 2213 1198 2243 Est

497 2261 586 2292 enim
618 2262 799 2301 ‘superbia
829 2261 985 2301 gentilis,'
1017 2271 1092 2302 quae
1119 2261 1197 2292 huic

498 2312 590 2353 genti
607 2312 717 2343 insita.
763 2312 836 2343 Nisi
856 2312 1004 2343 retinere
1019 2312 1117 2342 insita
1129 2321 1197 2342 ma-

497 2363 618 2400 tumus,
630 2367 664 2392 et
677 2361 790 2392 delere.
807 2362 961 2392 alterum.
984 2361 1090 2400 Scbef.

543 2412 607 2447 Qui
637 2423 716 2451 cum,
739 2412 835 2442 insita
856 2412 946 2451 genti
960 2411 1114 2451 superbia,
1128 2421 1196 2442 cru-

495 2462 606 2493 deliter
621 2463 651 2492 in
667 2462 781 2502 plebem
795 2462 976 2502 consuleret]
1014 2461 1059 2494 H.
1076 2471 1105 2493 e.
1121 2471 1196 2492 cum

495 2512 529 2542 in
556 2511 689 2552 plebem
719 2512 894 2551 saevirent,
923 2521 962 2542 ac
990 2511 1198 2552 impotenter

494 2561 685 2592 inhiberent
702 2562 876 2601 imperium
888 2572 947 2602 pro
959 2562 1091 2602 ingenio
1108 2562 1196 2593 illius

497 2612 620 2651 gentis,
647 2621 707 2652 pro
723 2613 778 2642 illa
794 2623 867 2653 quae
884 2612 986 2644 insita
1001 2618 1054 2644 est
1069 2612 1195 2644 Atticis

496 2662 666 2702 snperbia,
694 2667 732 2693 ut
762 2663 954 2704 quicunque
982 2673 1023 2694 ex
1047 2663 1098 2700 iis,
1123 2663 1196 2694 sive

497 2713 564 2743 sint
580 2722 621 2743 ex
639 2713 778 2753 populo,
799 2714 869 2745 sive
887 2724 929 2745 ex
953 2714 1137 2755 nobilibus,
1153 2714 1194 2745 ad

496 2763 672 2803 imperium
704 2764 935 2803 provehuntur
964 2765 1046 2804 tale,
1073 2769 1110 2795 ut
1135 2764 1196 2795 soli

496 2822 608 2843 rerum
639 2813 824 2853 potiantur,
851 2819 983 2845 ceteros
1008 2815 1099 2845 cives
1120 2824 1195 2855 pre-

1135 316 1400 347 VARIORUM
1438 316 1488 346 IN

1252 409 1347 440 Nihil
1363 409 1417 441 hic
1440 409 1540 440 video
1556 408 1782 450 difficultatis,
1798 419 1858 441 cur
1873 419 1954 441 con-

1251 463 1305 490 tra
1321 459 1468 490 omnium
1486 459 1585 491 codd.
1601 460 1842 490 auctoritatem
1862 460 1917 491 hic
1933 461 1957 493 1.

1250 509 1295 540 sit
1310 509 1582 550 interpolandus,
1600 515 1659 540 aut
1669 510 1799 540 mendae
1816 520 1956 551 suspec-

1251 563 1305 590 tus
1320 559 1506 590 habendus.
1530 560 1674 590 Senatus
1691 570 1755 591 non
1769 565 1842 591 erat
1858 570 1955 600 gens,

1250 608 1310 639 sed
1327 613 1401 639 erat
1416 618 1458 639 ex
1476 609 1533 639 illa
1557 614 1672 649 gente,
1693 611 1748 641 cui
1764 611 1865 642 insita
1880 615 1955 642 erat

1250 659 1423 699 superbia,
1437 658 1480 689 de
1496 669 1563 700 qua
1579 664 1615 690 et
1631 668 1723 700 saepe
1738 660 1795 690 alii
1809 661 1955 701 scripto-

1250 720 1302 740 res
1333 709 1446 750 questi
1486 714 1589 741 sunt:
1629 710 1685 751 qui
1719 711 1955 751 Thucydidem

1250 760 1419 800 legerunt,
1446 760 1481 790 id
1512 769 1578 791 non
1609 765 1753 800 possunt
1784 761 1954 801 ignorare.

1251 811 1432 841 Praeterea
1469 820 1534 841 nec
1571 810 1606 840 in
1649 820 1720 850 rep.
1750 809 1953 841 Atheniensi

1251 869 1314 891 nec
1351 860 1502 891 Romana
1525 864 1662 890 senatus
1691 859 1757 891 fuit
1782 860 1956 893 nobilitas.

1250 909 1353 940 Multi
1371 909 1574 950 legebantur
1589 919 1631 940 ex
1644 909 1745 950 plebe
1770 913 1954 949 senatores,

1251 969 1326 991 cum
1342 960 1514 991 senatoria
1541 959 1688 1000 dignitas
1708 959 1956 991 communicata

1250 1009 1315 1042 fuit
1331 1021 1406 1042 cum
1422 1012 1560 1052 populo.
1604 1011 1750 1050 Marius,
1767 1011 1901 1050 Cicero,
1917 1014 1954 1042 et

1250 1064 1331 1101 quot
1358 1060 1414 1091 alii
1435 1059 1574 1092 fuerunt
1601 1065 1789 1099 senatores,
1811 1060 1871 1091 sed
1886 1070 1954 1092 non

1249 1110 1394 1150 nobiles,
1417 1116 1600 1152 antequam
1617 1111 1659 1142 ad
1676 1112 1820 1152 majores
1835 1112 1955 1152 magis-

1251 1164 1361 1191 tratus
1378 1160 1627 1191 eveherentur?
1656 1161 1762 1192 Groev.

1293 1211 1311 1250 ᾧ
1333 1213 1353 1240 6
1376 1210 1565 1250 Revocatar]
1600 1210 1641 1241 Id
1681 1210 1778 1240 valde
1813 1214 1954 1242 conten-

1251 1259 1352 1291 dente
1382 1260 1561 1299 Pisandro,
1587 1264 1624 1291 et
1652 1260 1725 1291 aliis
1752 1260 1954 1300 optimatum

1249 1308 1451 1341 fautoribus.
1495 1310 1748 1351 Thucyd.v111.
1772 1312 1823 1340 13.
1869 1310 1955 1341 Pro-

1250 1360 1312 1391 bus
1342 1371 1361 1391 a
1389 1361 1556 1391 Pisandro
1595 1361 1798 1392 destitutum
1823 1361 1955 1392 scribit.

1251 1411 1408 1450 Bongars.
1453 1410 1643 1442 Annitente
1660 1410 1834 1451 praecipue
1853 1410 1956 1441 Thra-

1251 1460 1382 1500 sybulo.
1409 1461 1561 1501 Thucyd.
1581 1470 1658 1492 V111.
1678 1463 1730 1492 13.
1747 1463 1799 1492 13.
1817 1464 1853 1491 et
1869 1460 1955 1491 Pro-

1250 1510 1361 1541 busin
1384 1510 1497 1542 Alcib.
1521 1511 1621 1542 Bern.

1293 1560 1387 1599 Dux]
1412 1560 1566 1591 Probus:
1588 1562 1597 1578 ‘
1616 1559 1776 1591 Praetor.'
1817 1562 1953 1601 Στρατη-

1249 1609 1305 1649 γὸς
1318 1611 1412 1642 Plut.
1436 1611 1470 1641 in
1486 1610 1599 1642 Alcib.
1645 1611 1724 1642 Huc
1741 1620 1848 1652 usque
1864 1612 1958 1642 Thu-

1250 1659 1328 1700 cyd.
1365 1669 1465 1701 quem
1499 1660 1628 1701 excipit
1664 1661 1751 1691 Xen.
1792 1660 1952 1700 Bongm.

1251 1711 1334 1741 Eam
1358 1710 1521 1750 συνέχειαν
1545 1715 1642 1742 notat
1672 1715 1708 1742 et
1738 1710 1841 1742 Diod.
1870 1719 1954 1742 xur.

1249 1763 1304 1791 42.
1331 1761 1428 1791 Bern-

1293 1812 1310 1851 ξ
1333 1813 1353 1841 7
1388 1811 1528 1842 Athenas
1556 1810 1673 1850 mittit]
1708 1811 1776 1841 Ms.
1801 1814 1837 1842 et
1856 1810 1953 1842 Junt.

1248 1861 1366 1894 scribit.
1411 1862 1480 1892 Sed
1503 1871 1587 1894 cave
1611 1863 1785 1901 vulgatum
1801 1871 1952 1893 moveas.

1251 1912 1339 1942 Nam
1369 1911 1493 1942 mittere
1518 1921 1754 1952 nonnunquam
1782 1915 1847 1950 est,
1871 1912 1952 1942 scri-

1251 1960 1346 1999 bere,
1372 1966 1408 1991 et
1434 1970 1460 1992 s.
1484 1961 1606 1992 litteris
1628 1971 1656 1991 s.
1683 1961 1814 1991 nunciis
1840 1961 1953 1992 missis

1249 2010 1451 2051 significare.
1483 2011 1553 2042 Cic.
1570 2021 1621 2043 XI.
1639 2012 1730 2043 Fam.
1750 2015 1802 2043 16.
1820 2013 1829 2028 ‘
1847 2012 1953 2043 Mitte

1249 2061 1291 2091 ad
1320 2062 1452 2101 Lupum
1476 2066 1638 2101 nostrum,
1665 2067 1703 2093 ut
1725 2062 1752 2093 is
1775 2062 1871 2093 nobis
1895 2071 1952 2094 eas

1249 2112 1421 2143 centurias
1438 2112 1597 2144 conficiat
1610 2113 1631 2144 z’
1655 2117 1690 2144 et
1713 2122 1753 2144 11.
1770 2113 1811 2143 ad
1826 2112 1901 2143 Att.
1919 2115 1952 2144 2.

1247 2163 1256 2179 ⁴
1272 2163 1360 2194 Nam
1383 2163 1429 2194 ita
1453 2163 1495 2193 ad
1524 2173 1577 2194 me
1598 2163 1751 2202 mittunt,
1777 2162 1951 2203 Nigidium

1247 2213 1367 2244 minari
1392 2214 1424 2244 in
1449 2214 1625 2253 concione,
1647 2223 1682 2244 se
1702 2214 1866 2254 judicem,
1893 2212 1952 2254 qui

1247 2273 1313 2294 non
1326 2263 1486 2302 adfuerit,
1501 2263 1804 2304 compellaturum.'
1847 2263 1902 2294 Sic
1915 2268 1952 2295 et

1247 2312 1442 2344 ἐπιστέλλειν
1468 2314 1590 2345 AElian.
1617 2314 1658 2345 V.
1683 2314 1729 2345 H.
1746 2322 1785 2343 11.
1801 2317 1831 2344 5.
1848 2318 1883 2344 et
1899 2315 1950 2344 19.

1247 2368 1282 2395 et
1297 2362 1424 2402 πέμπειν
1451 2374 1505 2404 ap.
1526 2364 1720 2404 Scriptores
1748 2363 1838 2394 Novi
1855 2362 1950 2394 Foed.

1250 2413 1356 2444 Groev.
1403 2414 1485 2444 Mss.
1502 2414 1626 2445 habeut
1640 2413 1761 2453 scribit,
1778 2412 1868 2455 quod
1882 2411 1951 2444 for-

1248 2467 1335 2494 tasse
1361 2473 1426 2494 non
1453 2464 1627 2503 rejiciend.
1674 2464 1760 2495 Nam
1792 2464 1892 2494 mittit
1918 2472 1950 2494 se

1246 2516 1411 2543 ventarum
1439 2513 1555 2544 nescio
1582 2523 1624 2544 an
1651 2512 1826 2544 commode
1857 2512 1950 2544 dica-

1247 2567 1324 2594 tur:
1350 2564 1407 2594 alii
1424 2562 1581 2604 profecto
1598 2564 1751 2601 mallent,
1767 2563 1879 2603 mittit,
1895 2562 1948 2603 qui

1245 2614 1440 2653 nunciarent,
1456 2624 1488 2644 se
1513 2616 1686 2644 venturum.
1713 2611 1827 2643 Schef.

1289 2664 1318 2695 A
1339 2664 1577 2704 quadringentis
1594 2663 1671 2702 jura
1691 2662 1811 2703 populi]
1836 2662 1845 2679 ‘
1863 2662 1949 2694 Jura

1247 2713 1382 2754 populi’
1405 2714 1484 2744 nihil
1508 2713 1597 2743 aliud
1623 2716 1712 2751 sunt,
1735 2721 1833 2753 (piam
1857 2713 1949 2753 quod

1247 2764 1348 2804 paulo
1377 2768 1456 2794 ante
1492 2765 1500 2781 ‘
1521 2762 1717 2803 imperium'
1745 2768 1781 2793 et
1802 2763 1811 2779 ‘
1829 2762 1948 2803 remp?

1248 2814 1392 2845 vocavit.
1437 2813 1508 2845 Cic.
1526 2822 1660 2854 quoque
1683 2812 1783 2843 eand.
1806 2822 1874 2843 rem
1891 2813 1947 2851 jus

495 2867 600 2902 mant,
627 2868 762 2901 vexent,
789 2864 1002 2906 superbeque
1034 2863 1193 2896 habeant.
1242 2864 1396 2904 publicum
1409 2871 1520 2896 vocat.
1551 2863 1805 2895 Utiv.Fa1n.4.
1822 2863 1945 2894 ‘Post-
