<?xml version="1.0" encoding="UTF-8"?>
<!DOCTYPE html PUBLIC "-//W3C//DTD XHTML 1.0 Transitional//EN"
    "http://www.w3.org/TR/xhtml1/DTD/xhtml1-transitional.dtd">
<html xmlns="http://www.w3.org/1999/xhtml" xml:lang="en" lang="en">
 <head>
  <title>
</title>
<meta http-equiv="Content-Type" content="text/html;charset=utf-8" />
  <meta name='ocr-system' content='tesseract 3.04.00' />
  <meta name='ocr-capabilities' content='ocr_page ocr_carea ocr_par ocr_line ocrx_word'/>
</head>
<body>
  <div class='ocr_page' id='page_1' title='image "./historiaephilipp02just/historiaephilipp02just_0158.png"; bbox 0 0 2174 3424; ppageno 0'>
   <div class='ocr_carea' id='block_1_1' title="bbox 477 362 562 402">
    <p class='ocr_par' dir='ltr' id='par_1_1' title="bbox 477 362 562 402">
     <span class='ocr_line' id='line_1_1' title="bbox 477 362 562 402; baseline -0.024 0"><span class='ocrx_word' id='word_1_1' title='bbox 477 362 562 402; x_wconf 81' lang='grc' dir='ltr'>7(ἰο</span> 
     </span>
    </p>
   </div>
   <div class='ocr_carea' id='block_1_2' title="bbox 474 462 1177 2957">
    <p class='ocr_par' dir='ltr' id='par_1_2' title="bbox 475 462 1177 1306">
     <span class='ocr_line' id='line_1_2' title="bbox 476 462 1174 503; baseline 0.004 -10"><span class='ocrx_word' id='word_1_2' title='bbox 476 464 568 494; x_wconf 88' lang='lat' dir='ltr'>inter</span> <span class='ocrx_word' id='word_1_3' title='bbox 594 463 665 502; x_wconf 80' lang='lat' dir='ltr'>has,</span> <span class='ocrx_word' id='word_1_4' title='bbox 688 466 725 493; x_wconf 89' lang='lat' dir='ltr'>ut</span> <span class='ocrx_word' id='word_1_5' title='bbox 754 462 870 495; x_wconf 84' lang='lat' dir='ltr'><em>Graev.</em></span> <span class='ocrx_word' id='word_1_6' title='bbox 895 466 1054 503; x_wconf 79' lang='lat' dir='ltr'>testatur,</span> <span class='ocrx_word' id='word_1_7' title='bbox 1075 464 1174 497; x_wconf 84' lang='lat' dir='ltr'><em>Junt.</em></span> 
     </span>
     <span class='ocr_line' id='line_1_3' title="bbox 478 513 1174 555; baseline 0.004 -12"><span class='ocrx_word' id='word_1_8' title='bbox 478 513 606 543; x_wconf 88' lang='lat' dir='ltr'><em>habent</em></span> <span class='ocrx_word' id='word_1_9' title='bbox 622 515 793 543; x_wconf 78' lang='lat' dir='ltr'><em>teneretur:</em></span> <span class='ocrx_word' id='word_1_10' title='bbox 817 513 920 554; x_wconf 90' lang='lat' dir='ltr'>idque</span> <span class='ocrx_word' id='word_1_11' title='bbox 945 518 998 545; x_wconf 86' lang='lat' dir='ltr'>est</span> <span class='ocrx_word' id='word_1_12' title='bbox 1020 524 1093 555; x_wconf 87' lang='lat' dir='ltr'>pro,</span> <span class='ocrx_word' id='word_1_13' title='bbox 1117 515 1174 546; x_wconf 89' lang='lat' dir='ltr'>de-</span> 
     </span>
     <span class='ocr_line' id='line_1_4' title="bbox 479 562 1176 606; baseline 0.004 -13"><span class='ocrx_word' id='word_1_14' title='bbox 479 562 658 593; x_wconf 89' lang='lat' dir='ltr'><em>tineretur.</em></span> <span class='ocrx_word' id='word_1_15' title='bbox 671 563 753 603; x_wconf 92' lang='lat' dir='ltr'>Sup.</span> <span class='ocrx_word' id='word_1_16' title='bbox 767 571 808 593; x_wconf 84' lang='lat'>11.</span> <span class='ocrx_word' id='word_1_17' title='bbox 819 567 850 593; x_wconf 90' lang='lat'>5.</span> <span class='ocrx_word' id='word_1_18' title='bbox 865 566 896 594; x_wconf 88' lang='grc'>2.</span> <span class='ocrx_word' id='word_1_19' title='bbox 907 564 1064 596; x_wconf 88' lang='lat' dir='ltr'>similiter</span> <span class='ocrx_word' id='word_1_20' title='bbox 1073 565 1176 606; x_wconf 89' lang='lat' dir='ltr'>scrip-</span> 
     </span>
     <span class='ocr_line' id='line_1_5' title="bbox 479 613 1175 653; baseline 0.004 -10"><span class='ocrx_word' id='word_1_21' title='bbox 479 613 525 643; x_wconf 87' lang='lat' dir='ltr'>sit</span> <span class='ocrx_word' id='word_1_22' title='bbox 547 614 557 630; x_wconf 91' lang='lat'>‘</span> <span class='ocrx_word' id='word_1_23' title='bbox 573 613 681 644; x_wconf 85' lang='lat' dir='ltr'><em>teneri</em></span> <span class='ocrx_word' id='word_1_24' title='bbox 697 613 811 653; x_wconf 88' lang='lat' dir='ltr'><em>bello,&#39;</em></span> <span class='ocrx_word' id='word_1_25' title='bbox 826 618 861 645; x_wconf 90' lang='lat' dir='ltr'>et</span> <span class='ocrx_word' id='word_1_26' title='bbox 877 623 936 646; x_wconf 89' lang='lat'>111.</span> <span class='ocrx_word' id='word_1_27' title='bbox 953 617 984 645; x_wconf 82' lang='lat'>4.</span> <span class='ocrx_word' id='word_1_28' title='bbox 1001 618 1033 646; x_wconf 82' lang='lat'>3.</span> <span class='ocrx_word' id='word_1_29' title='bbox 1055 618 1064 633; x_wconf 92' lang='lat'>‘</span> <span class='ocrx_word' id='word_1_30' title='bbox 1080 616 1175 647; x_wconf 87' lang='lat' dir='ltr'>annis</span> 
     </span>
     <span class='ocr_line' id='line_1_6' title="bbox 478 663 1174 699; baseline 0.007 -6"><span class='ocrx_word' id='word_1_31' title='bbox 478 663 599 694; x_wconf 87' lang='lat' dir='ltr'><em>decem</em></span> <span class='ocrx_word' id='word_1_32' title='bbox 636 664 668 694; x_wconf 92' lang='lat' dir='ltr'>in</span> <span class='ocrx_word' id='word_1_33' title='bbox 705 663 882 695; x_wconf 80' lang='lat' dir='ltr'>obsidione</span> <span class='ocrx_word' id='word_1_34' title='bbox 916 665 1007 696; x_wconf 90' lang='lat' dir='ltr'>urbis</span> <span class='ocrx_word' id='word_1_35' title='bbox 1042 666 1174 699; x_wconf 67' lang='lat' dir='ltr'><em>teneri!</em></span> 
     </span>
     <span class='ocr_line' id='line_1_7' title="bbox 482 714 1174 757; baseline 0.006 -13"><span class='ocrx_word' id='word_1_36' title='bbox 482 714 585 745; x_wconf 88' lang='lat' dir='ltr'><em>Vorst.</em></span> <span class='ocrx_word' id='word_1_37' title='bbox 645 715 819 754; x_wconf 85' lang='lat' dir='ltr'><em>Tereretur,</em></span> <span class='ocrx_word' id='word_1_38' title='bbox 853 724 896 745; x_wconf 87' lang='lat' dir='ltr'>ex</span> <span class='ocrx_word' id='word_1_39' title='bbox 927 715 1174 757; x_wconf 83' lang='lat' dir='ltr'>antiquioribus</span> 
     </span>
     <span class='ocr_line' id='line_1_8' title="bbox 478 764 1175 804; baseline 0.003 -9"><span class='ocrx_word' id='word_1_40' title='bbox 478 769 514 795; x_wconf 91' lang='lat' dir='ltr'>et</span> <span class='ocrx_word' id='word_1_41' title='bbox 537 765 635 797; x_wconf 86' lang='lat' dir='ltr'><em>Junt.</em></span> <span class='ocrx_word' id='word_1_42' title='bbox 665 764 830 804; x_wconf 85' lang='lat' dir='ltr'><strong>probante</strong></span> <span class='ocrx_word' id='word_1_43' title='bbox 860 764 1000 796; x_wconf 89' lang='lat' dir='ltr'>Vorstio</span> <span class='ocrx_word' id='word_1_44' title='bbox 1023 767 1175 798; x_wconf 88' lang='lat' dir='ltr'>restituit</span> 
     </span>
     <span class='ocr_line' id='line_1_9' title="bbox 478 813 1173 854; baseline 0.004 -10"><span class='ocrx_word' id='word_1_45' title='bbox 478 814 593 846; x_wconf 85' lang='lat' dir='ltr'><em>Graev.</em></span> <span class='ocrx_word' id='word_1_46' title='bbox 620 813 724 851; x_wconf 83' lang='lat' dir='ltr'><em>Schef.</em></span> <span class='ocrx_word' id='word_1_47' title='bbox 777 813 893 854; x_wconf 82' lang='lat' dir='ltr'>Angli,</span> <span class='ocrx_word' id='word_1_48' title='bbox 920 824 957 845; x_wconf 88' lang='lat' dir='ltr'>ne</span> <span class='ocrx_word' id='word_1_49' title='bbox 972 815 1005 845; x_wconf 80' lang='lat' dir='ltr'>in</span> <span class='ocrx_word' id='word_1_50' title='bbox 1019 825 1050 846; x_wconf 85' lang='lat' dir='ltr'>u.</span> <span class='ocrx_word' id='word_1_51' title='bbox 1067 825 1098 847; x_wconf 83' lang='lat' dir='ltr'>u.</span> <span class='ocrx_word' id='word_1_52' title='bbox 1111 826 1137 847; x_wconf 89' lang='lat' dir='ltr'>o.</span> <span class='ocrx_word' id='word_1_53' title='bbox 1149 819 1173 846; x_wconf 83' lang='lat' dir='ltr'>t.</span> 
     </span>
     <span class='ocr_line' id='line_1_10' title="bbox 477 864 1174 906; baseline 0.001 -11"><span class='ocrx_word' id='word_1_54' title='bbox 477 874 503 895; x_wconf 89' lang='lat' dir='ltr'>e.</span> <span class='ocrx_word' id='word_1_55' title='bbox 530 868 692 896; x_wconf 79' lang='lat' dir='ltr'><em>tereretur.</em></span> <span class='ocrx_word' id='word_1_56' title='bbox 739 864 850 895; x_wconf 82' lang='lat' dir='ltr'>Recte</span> <span class='ocrx_word' id='word_1_57' title='bbox 878 874 914 895; x_wconf 93' lang='lat' dir='ltr'>se</span> <span class='ocrx_word' id='word_1_58' title='bbox 938 865 1063 897; x_wconf 89' lang='lat' dir='ltr'><em>habere</em></span> <span class='ocrx_word' id='word_1_59' title='bbox 1092 870 1174 906; x_wconf 90' lang='lat' dir='ltr'>puto</span> 
     </span>
     <span class='ocr_line' id='line_1_11' title="bbox 475 913 1175 951; baseline 0.004 -8"><span class='ocrx_word' id='word_1_60' title='bbox 475 913 617 944; x_wconf 88' lang='lat' dir='ltr'>verbum</span> <span class='ocrx_word' id='word_1_61' title='bbox 638 917 808 951; x_wconf 85' lang='lat' dir='ltr'><em>teneretur,</em></span> <span class='ocrx_word' id='word_1_62' title='bbox 835 914 919 945; x_wconf 84' lang='lat' dir='ltr'><em>lieet</em></span> <span class='ocrx_word' id='word_1_63' title='bbox 945 918 1097 946; x_wconf 83' lang='lat' dir='ltr'><em>tereretur</em></span> <span class='ocrx_word' id='word_1_64' title='bbox 1119 916 1175 946; x_wconf 90' lang='lat' dir='ltr'>ha-</span> 
     </span>
     <span class='ocr_line' id='line_1_12' title="bbox 477 963 1176 1007; baseline 0.006 -13"><span class='ocrx_word' id='word_1_65' title='bbox 477 963 560 995; x_wconf 88' lang='lat' dir='ltr'><em>beat</em></span> <span class='ocrx_word' id='word_1_66' title='bbox 575 965 628 996; x_wconf 89' lang='lat' dir='ltr'>ed.</span> <span class='ocrx_word' id='word_1_67' title='bbox 644 964 920 996; x_wconf 87' lang='lat' dir='ltr'>Bernecceriana</span> <span class='ocrx_word' id='word_1_68' title='bbox 931 975 1078 1007; x_wconf 89' lang='lat' dir='ltr'><em>quoque,</em></span> <span class='ocrx_word' id='word_1_69' title='bbox 1090 977 1176 998; x_wconf 89' lang='lat' dir='ltr'>eam-</span> 
     </span>
     <span class='ocr_line' id='line_1_13' title="bbox 477 1015 1175 1056; baseline 0.004 -10"><span class='ocrx_word' id='word_1_70' title='bbox 477 1024 543 1056; x_wconf 88' lang='lat' dir='ltr'>que</span> <span class='ocrx_word' id='word_1_71' title='bbox 557 1020 694 1047; x_wconf 89' lang='lat' dir='ltr'><em>secutus</em></span> <span class='ocrx_word' id='word_1_72' title='bbox 711 1015 755 1047; x_wconf 91' lang='lat' dir='ltr'>sit</span> <span class='ocrx_word' id='word_1_73' title='bbox 770 1017 888 1047; x_wconf 88' lang='lat' dir='ltr'><em>Vorst.</em></span> <span class='ocrx_word' id='word_1_74' title='bbox 902 1016 934 1047; x_wconf 89' lang='lat' dir='ltr'>in</span> <span class='ocrx_word' id='word_1_75' title='bbox 951 1016 1026 1048; x_wconf 87' lang='lat' dir='ltr'><em>Iud.</em></span> <span class='ocrx_word' id='word_1_76' title='bbox 1050 1018 1175 1049; x_wconf 85' lang='lat' dir='ltr'><em>Noster</em></span> 
     </span>
     <span class='ocr_line' id='line_1_14' title="bbox 476 1065 1175 1108; baseline 0.006 -13"><span class='ocrx_word' id='word_1_77' title='bbox 476 1075 550 1106; x_wconf 86' lang='lat' dir='ltr'>sup.</span> <span class='ocrx_word' id='word_1_78' title='bbox 568 1075 625 1098; x_wconf 84' lang='lat'>111.</span> <span class='ocrx_word' id='word_1_79' title='bbox 639 1069 672 1097; x_wconf 83' lang='lat'>4.</span> <span class='ocrx_word' id='word_1_80' title='bbox 697 1067 706 1083; x_wconf 91' lang='lat'>‘</span> <span class='ocrx_word' id='word_1_81' title='bbox 723 1065 808 1097; x_wconf 83' lang='lat' dir='ltr'>Cum</span> <span class='ocrx_word' id='word_1_82' title='bbox 825 1070 944 1097; x_wconf 88' lang='lat' dir='ltr'>contra</span> <span class='ocrx_word' id='word_1_83' title='bbox 960 1068 1175 1108; x_wconf 87' lang='lat' dir='ltr'>praesumpti-</span> 
     </span>
     <span class='ocr_line' id='line_1_15' title="bbox 480 1115 1177 1147; baseline 0.001 -1"><span class='ocrx_word' id='word_1_84' title='bbox 480 1125 577 1146; x_wconf 90' lang='lat' dir='ltr'><em>ouem</em></span> <span class='ocrx_word' id='word_1_85' title='bbox 592 1126 684 1146; x_wconf 89' lang='lat' dir='ltr'>suam</span> <span class='ocrx_word' id='word_1_86' title='bbox 694 1115 789 1146; x_wconf 85' lang='lat' dir='ltr'>annis</span> <span class='ocrx_word' id='word_1_87' title='bbox 806 1115 924 1147; x_wconf 89' lang='lat' dir='ltr'><em>decem</em></span> <span class='ocrx_word' id='word_1_88' title='bbox 938 1116 1112 1147; x_wconf 85' lang='lat' dir='ltr'>obsidione</span> <span class='ocrx_word' id='word_1_89' title='bbox 1123 1127 1177 1147; x_wconf 91' lang='lat' dir='ltr'>ur-</span> 
     </span>
     <span class='ocr_line' id='line_1_16' title="bbox 475 1164 1176 1206; baseline 0.001 -11"><span class='ocrx_word' id='word_1_90' title='bbox 475 1164 528 1195; x_wconf 89' lang='lat' dir='ltr'>bis</span> <span class='ocrx_word' id='word_1_91' title='bbox 550 1165 772 1197; x_wconf 64' lang='lat' dir='ltr'><em>tenerentur!</em></span> <span class='ocrx_word' id='word_1_92' title='bbox 817 1167 905 1196; x_wconf 87' lang='lat' dir='ltr'><em>Sane</em></span> <span class='ocrx_word' id='word_1_93' title='bbox 931 1175 997 1196; x_wconf 90' lang='lat' dir='ltr'>uon</span> <span class='ocrx_word' id='word_1_94' title='bbox 1019 1170 1176 1206; x_wconf 87' lang='lat' dir='ltr'><em>perpetu-</em></span> 
     </span>
     <span class='ocr_line' id='line_1_17' title="bbox 476 1216 1176 1257; baseline 0.003 -12"><span class='ocrx_word' id='word_1_95' title='bbox 476 1225 531 1246; x_wconf 87' lang='lat' dir='ltr'>um</span> <span class='ocrx_word' id='word_1_96' title='bbox 549 1219 614 1255; x_wconf 86' lang='lat' dir='ltr'><em>est,</em></span> <span class='ocrx_word' id='word_1_97' title='bbox 637 1220 674 1247; x_wconf 88' lang='lat' dir='ltr'>ut</span> <span class='ocrx_word' id='word_1_98' title='bbox 698 1219 829 1246; x_wconf 87' lang='lat' dir='ltr'>teratur</span> <span class='ocrx_word' id='word_1_99' title='bbox 854 1216 910 1257; x_wconf 89' lang='lat' dir='ltr'>qui</span> <span class='ocrx_word' id='word_1_100' title='bbox 937 1216 1106 1247; x_wconf 82' lang='lat' dir='ltr'>obsessam</span> <span class='ocrx_word' id='word_1_101' title='bbox 1120 1218 1176 1247; x_wconf 91' lang='lat' dir='ltr'>ha-</span> 
     </span>
     <span class='ocr_line' id='line_1_18' title="bbox 477 1265 1143 1306; baseline 0.002 -10"><span class='ocrx_word' id='word_1_102' title='bbox 477 1265 549 1305; x_wconf 91' lang='lat' dir='ltr'><em>bet,</em></span> <span class='ocrx_word' id='word_1_103' title='bbox 571 1275 740 1306; x_wconf 86' lang='lat' dir='ltr'>nunquam</span> <span class='ocrx_word' id='word_1_104' title='bbox 757 1275 836 1296; x_wconf 90' lang='lat' dir='ltr'><em>vero</em></span> <span class='ocrx_word' id='word_1_105' title='bbox 851 1275 916 1296; x_wconf 91' lang='lat' dir='ltr'>non</span> <span class='ocrx_word' id='word_1_106' title='bbox 932 1269 1078 1298; x_wconf 83' lang='lat' dir='ltr'><em>tenetur.</em></span> <span class='ocrx_word' id='word_1_107' title='bbox 1095 1267 1143 1298; x_wconf 85' lang='lat' dir='ltr'>Id.</span> 
     </span>
    </p>

    <p class='ocr_par' dir='ltr' id='par_1_3' title="bbox 475 1316 1176 1697">
     <span class='ocr_line' id='line_1_19' title="bbox 531 1316 1174 1356; baseline 0.003 -10"><span class='ocrx_word' id='word_1_108' title='bbox 531 1316 651 1346; x_wconf 79' lang='lat' dir='ltr'>Multus</span> <span class='ocrx_word' id='word_1_109' title='bbox 678 1316 932 1347; x_wconf 80' lang='lat' dir='ltr'><em>Chersonensz&#39;um</em></span> <span class='ocrx_word' id='word_1_110' title='bbox 957 1316 1062 1356; x_wconf 84' lang='lat' dir='ltr'><em>urbes]</em></span> <span class='ocrx_word' id='word_1_111' title='bbox 1107 1318 1174 1349; x_wconf 86' lang='lat' dir='ltr'>Ms.</span> 
     </span>
     <span class='ocr_line' id='line_1_20' title="bbox 479 1365 1176 1405; baseline 0.004 -10"><span class='ocrx_word' id='word_1_112' title='bbox 479 1365 691 1397; x_wconf 83' lang='lat' dir='ltr'><em>Chersonensi.</em></span> <span class='ocrx_word' id='word_1_113' title='bbox 749 1366 830 1405; x_wconf 83' lang='lat' dir='ltr'><em>Leg.</em></span> <span class='ocrx_word' id='word_1_114' title='bbox 871 1365 1074 1397; x_wconf 72' lang='lat' dir='ltr'>Chersonesi:</span> <span class='ocrx_word' id='word_1_115' title='bbox 1117 1373 1176 1398; x_wconf 90' lang='lat' dir='ltr'>aut</span> 
     </span>
     <span class='ocr_line' id='line_1_21' title="bbox 477 1415 1175 1448; baseline 0.006 -4"><span class='ocrx_word' id='word_1_116' title='bbox 477 1423 552 1445; x_wconf 90' lang='lat' dir='ltr'>cnm</span> <span class='ocrx_word' id='word_1_117' title='bbox 568 1415 666 1447; x_wconf 84' lang='lat' dir='ltr'><em>Junt.</em></span> <span class='ocrx_word' id='word_1_118' title='bbox 684 1415 877 1445; x_wconf 77' lang='lat' dir='ltr'>Cherronesi.</span> <span class='ocrx_word' id='word_1_119' title='bbox 901 1415 1018 1446; x_wconf 84' lang='lat' dir='ltr'>Graev.</span> <span class='ocrx_word' id='word_1_120' title='bbox 1057 1416 1175 1448; x_wconf 87' lang='lat' dir='ltr'>Malim</span> 
     </span>
     <span class='ocr_line' id='line_1_22' title="bbox 475 1464 1175 1505; baseline 0.006 -11"><span class='ocrx_word' id='word_1_121' title='bbox 475 1464 592 1503; x_wconf 83' lang='lat' dir='ltr'><em>legere</em></span> <span class='ocrx_word' id='word_1_122' title='bbox 609 1464 804 1495; x_wconf 77' lang='lat' dir='ltr'>Chersonesi:</span> <span class='ocrx_word' id='word_1_123' title='bbox 826 1465 983 1505; x_wconf 88' lang='lat' dir='ltr'>quoniam</span> <span class='ocrx_word' id='word_1_124' title='bbox 999 1474 1084 1496; x_wconf 87' lang='lat' dir='ltr'>unus</span> <span class='ocrx_word' id='word_1_125' title='bbox 1109 1467 1175 1499; x_wconf 89' lang='lat' dir='ltr'>Ms.</span> 
     </span>
     <span class='ocr_line' id='line_1_23' title="bbox 476 1513 1176 1553; baseline 0.009 -11"><span class='ocrx_word' id='word_1_126' title='bbox 476 1523 576 1553; x_wconf 89' lang='lat' dir='ltr'><em>quem</em></span> <span class='ocrx_word' id='word_1_127' title='bbox 603 1513 712 1553; x_wconf 87' lang='lat' dir='ltr'><em>Bong.</em></span> <span class='ocrx_word' id='word_1_128' title='bbox 735 1513 834 1553; x_wconf 89' lang='lat' dir='ltr'>vidit,</span> <span class='ocrx_word' id='word_1_129' title='bbox 865 1515 1114 1552; x_wconf 79' lang='lat' dir='ltr'><em>Chersonnensi;</em></span> <span class='ocrx_word' id='word_1_130' title='bbox 1139 1521 1176 1548; x_wconf 91' lang='lat' dir='ltr'>et</span> 
     </span>
     <span class='ocr_line' id='line_1_24' title="bbox 476 1565 1174 1604; baseline 0.004 -10"><span class='ocrx_word' id='word_1_131' title='bbox 476 1568 576 1595; x_wconf 86' lang='lat' dir='ltr'><em>vetus</em></span> <span class='ocrx_word' id='word_1_132' title='bbox 593 1565 684 1604; x_wconf 78' lang='lat' dir='ltr'>typis</span> <span class='ocrx_word' id='word_1_133' title='bbox 699 1574 877 1604; x_wconf 89' lang='lat' dir='ltr'><em>expressus</em></span> <span class='ocrx_word' id='word_1_134' title='bbox 893 1566 990 1597; x_wconf 81' lang='lat' dir='ltr'><em>Junt.</em></span> <span class='ocrx_word' id='word_1_135' title='bbox 1009 1570 1046 1597; x_wconf 91' lang='lat' dir='ltr'>ut</span> <span class='ocrx_word' id='word_1_136' title='bbox 1060 1567 1174 1598; x_wconf 84' lang='lat' dir='ltr'>Graev.</span> 
     </span>
     <span class='ocr_line' id='line_1_25' title="bbox 476 1616 1176 1655; baseline 0.006 -10"><span class='ocrx_word' id='word_1_137' title='bbox 476 1619 641 1654; x_wconf 86' lang='lat' dir='ltr'>testatur,</span> <span class='ocrx_word' id='word_1_138' title='bbox 657 1624 791 1655; x_wconf 86' lang='lat' dir='ltr'>prorsus</span> <span class='ocrx_word' id='word_1_139' title='bbox 808 1621 903 1647; x_wconf 88' lang='lat' dir='ltr'><em>recte</em></span> <span class='ocrx_word' id='word_1_140' title='bbox 922 1616 1106 1648; x_wconf 79' lang='lat' dir='ltr'><em>Cherronesi</em></span> <span class='ocrx_word' id='word_1_141' title='bbox 1121 1618 1176 1649; x_wconf 89' lang='lat' dir='ltr'>ha-</span> 
     </span>
     <span class='ocr_line' id='line_1_26' title="bbox 476 1665 651 1697; baseline -0.006 -1"><span class='ocrx_word' id='word_1_142' title='bbox 476 1665 546 1697; x_wconf 78' lang='lat' dir='ltr'><em>bet.</em></span> <span class='ocrx_word' id='word_1_143' title='bbox 578 1666 651 1697; x_wconf 76' lang='lat' dir='ltr'><em>Ver.</em></span> 
     </span>
    </p>

    <p class='ocr_par' dir='ltr' id='par_1_4' title="bbox 475 1714 1177 1953">
     <span class='ocr_line' id='line_1_27' title="bbox 522 1714 1174 1757; baseline 0.009 -13"><span class='ocrx_word' id='word_1_144' title='bbox 522 1715 539 1754; x_wconf 51' lang='grc' dir='ltr'><strong>ξ</strong></span> <span class='ocrx_word' id='word_1_145' title='bbox 555 1718 574 1745; x_wconf 85' lang='grc'>8</span> <span class='ocrx_word' id='word_1_146' title='bbox 598 1714 823 1753; x_wconf 81' lang='lat' dir='ltr'><em>Alexandrum,</em></span> <span class='ocrx_word' id='word_1_147' title='bbox 838 1716 941 1746; x_wconf 86' lang='lat' dir='ltr'><em>decem</em></span> <span class='ocrx_word' id='word_1_148' title='bbox 957 1719 987 1747; x_wconf 86' lang='lat' dir='ltr'>et</span> <span class='ocrx_word' id='word_1_149' title='bbox 1003 1717 1085 1757; x_wconf 80' lang='lat' dir='ltr'><em>octo]</em></span> <span class='ocrx_word' id='word_1_150' title='bbox 1123 1721 1174 1750; x_wconf 90' lang='lat'>16.</span> 
     </span>
     <span class='ocr_line' id='line_1_28' title="bbox 476 1764 1175 1804; baseline 0.009 -10"><span class='ocrx_word' id='word_1_151' title='bbox 476 1772 580 1795; x_wconf 79' lang='lat' dir='ltr'>annos</span> <span class='ocrx_word' id='word_1_152' title='bbox 598 1770 713 1796; x_wconf 90' lang='lat' dir='ltr'>natum</span> <span class='ocrx_word' id='word_1_153' title='bbox 725 1764 828 1796; x_wconf 89' lang='lat' dir='ltr'>fuisse</span> <span class='ocrx_word' id='word_1_154' title='bbox 842 1765 1086 1804; x_wconf 84' lang='lat' dir='ltr'>Alexandrum,</span> <span class='ocrx_word' id='word_1_155' title='bbox 1100 1778 1175 1800; x_wconf 89' lang='lat' dir='ltr'>cum</span> 
     </span>
     <span class='ocr_line' id='line_1_29' title="bbox 477 1815 1177 1859; baseline 0.007 -14"><span class='ocrx_word' id='word_1_156' title='bbox 477 1815 681 1854; x_wconf 85' lang='lat' dir='ltr'>Byzantium</span> <span class='ocrx_word' id='word_1_157' title='bbox 724 1821 940 1856; x_wconf 78' lang='lat' dir='ltr'><em>oppugnaret</em></span> <span class='ocrx_word' id='word_1_158' title='bbox 986 1818 1177 1859; x_wconf 85' lang='lat' dir='ltr'>Philippus,</span> 
     </span>
     <span class='ocr_line' id='line_1_30' title="bbox 475 1865 1174 1901; baseline 0.01 -7"><span class='ocrx_word' id='word_1_159' title='bbox 475 1865 597 1897; x_wconf 81' lang='lat' dir='ltr'>scribit</span> <span class='ocrx_word' id='word_1_160' title='bbox 634 1865 728 1897; x_wconf 88' lang='lat' dir='ltr'><em>Plut.</em></span> <span class='ocrx_word' id='word_1_161' title='bbox 769 1866 803 1896; x_wconf 92' lang='lat' dir='ltr'>in</span> <span class='ocrx_word' id='word_1_162' title='bbox 839 1866 1033 1899; x_wconf 81' lang='lat' dir='ltr'><em>Alexandro</em></span> <span class='ocrx_word' id='word_1_163' title='bbox 1064 1878 1094 1899; x_wconf 92' lang='lat' dir='ltr'>c.</span> <span class='ocrx_word' id='word_1_164' title='bbox 1124 1872 1174 1901; x_wconf 85' lang='lat'>14.</span> 
     </span>
     <span class='ocr_line' id='line_1_31' title="bbox 478 1914 585 1953; baseline 0.019 -10"><span class='ocrx_word' id='word_1_165' title='bbox 478 1914 585 1953; x_wconf 80' lang='lat' dir='ltr'><em>Bong.</em></span> 
     </span>
    </p>

    <p class='ocr_par' dir='ltr' id='par_1_5' title="bbox 475 1964 1175 2104">
     <span class='ocr_line' id='line_1_32' title="bbox 525 1964 1175 2007; baseline 0.009 -13"><span class='ocrx_word' id='word_1_166' title='bbox 525 1965 569 1994; x_wconf 79' lang='lat' dir='ltr'><em>Ut</em></span> <span class='ocrx_word' id='word_1_167' title='bbox 583 1964 730 2004; x_wconf 64' lang='lat' dir='ltr'><em>snl›,&amp;c.]</em></span> <span class='ocrx_word' id='word_1_168' title='bbox 776 1965 864 1996; x_wconf 88' lang='lat' dir='ltr'>Saxo</span> <span class='ocrx_word' id='word_1_169' title='bbox 894 1974 944 1997; x_wconf 81' lang='lat' dir='ltr'>lv.</span> <span class='ocrx_word' id='word_1_170' title='bbox 976 1977 1010 2007; x_wconf 88' lang='lat' dir='ltr'>p.</span> <span class='ocrx_word' id='word_1_171' title='bbox 1039 1970 1093 1999; x_wconf 87' lang='lat'>61.</span> <span class='ocrx_word' id='word_1_172' title='bbox 1121 1971 1175 2001; x_wconf 84' lang='lat'>26.</span> 
     </span>
     <span class='ocr_line' id='line_1_33' title="bbox 475 2014 1174 2050; baseline 0.006 -4"><span class='ocrx_word' id='word_1_173' title='bbox 475 2014 484 2031; x_wconf 90' lang='lat'>‘</span> <span class='ocrx_word' id='word_1_174' title='bbox 513 2014 579 2046; x_wconf 85' lang='lat' dir='ltr'>Qui</span> <span class='ocrx_word' id='word_1_175' title='bbox 616 2015 764 2047; x_wconf 81' lang='lat' dir='ltr'>tirocinii</span> <span class='ocrx_word' id='word_1_176' title='bbox 791 2017 983 2048; x_wconf 86' lang='lat' dir='ltr'>rudimenta</span> <span class='ocrx_word' id='word_1_177' title='bbox 1012 2018 1174 2050; x_wconf 87' lang='lat' dir='ltr'>bellorum</span> 
     </span>
     <span class='ocr_line' id='line_1_34' title="bbox 476 2064 1015 2104; baseline 0.007 -10"><span class='ocrx_word' id='word_1_178' title='bbox 476 2064 636 2104; x_wconf 86' lang='lat' dir='ltr'>auspiciis</span> <span class='ocrx_word' id='word_1_179' title='bbox 653 2066 766 2096; x_wconf 88' lang='lat' dir='ltr'>ornari</span> <span class='ocrx_word' id='word_1_180' title='bbox 784 2067 1015 2098; x_wconf 64' lang='lat' dir='ltr'><em>contendant!</em></span> 
     </span>
    </p>

    <p class='ocr_par' dir='ltr' id='par_1_6' title="bbox 523 2114 1174 2155">
     <span class='ocr_line' id='line_1_35' title="bbox 523 2114 1174 2155; baseline 0.009 -11"><span class='ocrx_word' id='word_1_181' title='bbox 523 2114 710 2146; x_wconf 81' lang='lat' dir='ltr'>Rudimenta</span> <span class='ocrx_word' id='word_1_182' title='bbox 726 2116 902 2155; x_wconf 82' lang='lat' dir='ltr'><em>deponeret]</em></span> <span class='ocrx_word' id='word_1_183' title='bbox 940 2117 996 2148; x_wconf 92' lang='lat' dir='ltr'>Ita</span> <span class='ocrx_word' id='word_1_184' title='bbox 1013 2127 1079 2149; x_wconf 86' lang='lat' dir='ltr'>vn.</span> <span class='ocrx_word' id='word_1_185' title='bbox 1095 2122 1126 2150; x_wconf 89' lang='lat'>5.</span> <span class='ocrx_word' id='word_1_186' title='bbox 1144 2122 1174 2151; x_wconf 88' lang='grc'>3.</span> 
     </span>
    </p>

    <p class='ocr_par' dir='ltr' id='par_1_7' title="bbox 474 2164 1175 2444">
     <span class='ocr_line' id='line_1_36' title="bbox 478 2164 1173 2209; baseline 0.009 -15"><span class='ocrx_word' id='word_1_187' title='bbox 478 2164 577 2195; x_wconf 87' lang='lat' dir='ltr'><em>Bern.</em></span> <span class='ocrx_word' id='word_1_188' title='bbox 623 2165 694 2196; x_wconf 91' lang='lat' dir='ltr'>Liv.</span> <span class='ocrx_word' id='word_1_189' title='bbox 720 2173 825 2196; x_wconf 76' lang='lat' dir='ltr'>xxxx.</span> <span class='ocrx_word' id='word_1_190' title='bbox 842 2169 894 2197; x_wconf 91' lang='grc'>11.</span> <span class='ocrx_word' id='word_1_191' title='bbox 918 2168 927 2184; x_wconf 79' lang='lat'><strong><em>⁴</em></strong></span> <span class='ocrx_word' id='word_1_192' title='bbox 946 2168 991 2198; x_wconf 91' lang='lat' dir='ltr'>Et</span> <span class='ocrx_word' id='word_1_193' title='bbox 1019 2178 1093 2199; x_wconf 89' lang='lat' dir='ltr'>eum</span> <span class='ocrx_word' id='word_1_194' title='bbox 1124 2170 1173 2209; x_wconf 91' lang='lat' dir='ltr'>ip—</span> 
     </span>
     <span class='ocr_line' id='line_1_37' title="bbox 476 2215 1173 2251; baseline 0.01 -7"><span class='ocrx_word' id='word_1_195' title='bbox 476 2223 549 2244; x_wconf 88' lang='lat' dir='ltr'>sum</span> <span class='ocrx_word' id='word_1_196' title='bbox 574 2215 801 2246; x_wconf 83' lang='lat' dir='ltr'>rudimentum</span> <span class='ocrx_word' id='word_1_197' title='bbox 819 2216 1060 2250; x_wconf 63' lang='lat' dir='ltr'>adolescentiae</span> <span class='ocrx_word' id='word_1_198' title='bbox 1085 2219 1173 2251; x_wconf 88' lang='lat' dir='ltr'><em>bello</em></span> 
     </span>
     <span class='ocr_line' id='line_1_38' title="bbox 493 2266 1174 2307; baseline 0.012 -13"><span class='ocrx_word' id='word_1_199' title='bbox 493 2270 702 2296; x_wconf 83' lang='lat' dir='ltr'><em>acessentem</em></span> <span class='ocrx_word' id='word_1_200' title='bbox 729 2266 898 2297; x_wconf 84' lang='lat' dir='ltr'>Romanos</span> <span class='ocrx_word' id='word_1_201' title='bbox 924 2269 1073 2307; x_wconf 84' lang='lat' dir='ltr'>posuisse</span> <span class='ocrx_word' id='word_1_202' title='bbox 1087 2269 1107 2300; x_wconf 90' lang='lat'>:’</span> <span class='ocrx_word' id='word_1_203' title='bbox 1138 2275 1174 2302; x_wconf 88' lang='lat' dir='ltr'>et</span> 
     </span>
     <span class='ocr_line' id='line_1_39' title="bbox 476 2314 1174 2360; baseline 0.006 -14"><span class='ocrx_word' id='word_1_204' title='bbox 476 2314 619 2346; x_wconf 85' lang='lat' dir='ltr'>Quintil.</span> <span class='ocrx_word' id='word_1_205' title='bbox 648 2315 748 2346; x_wconf 90' lang='lat' dir='ltr'><em>Decl.</em></span> <span class='ocrx_word' id='word_1_206' title='bbox 775 2325 830 2347; x_wconf 89' lang='lat'>111.</span> <span class='ocrx_word' id='word_1_207' title='bbox 863 2317 933 2348; x_wconf 91' lang='lat' dir='ltr'>‘Ut</span> <span class='ocrx_word' id='word_1_208' title='bbox 963 2318 1023 2349; x_wconf 88' lang='lat' dir='ltr'>sub</span> <span class='ocrx_word' id='word_1_209' title='bbox 1054 2323 1088 2350; x_wconf 89' lang='lat' dir='ltr'>te</span> <span class='ocrx_word' id='word_1_210' title='bbox 1117 2329 1174 2360; x_wconf 91' lang='lat' dir='ltr'>po-</span> 
     </span>
     <span class='ocr_line' id='line_1_40' title="bbox 474 2364 1175 2408; baseline 0.009 -15"><span class='ocrx_word' id='word_1_211' title='bbox 474 2372 558 2394; x_wconf 86' lang='lat' dir='ltr'><em>nere</em></span> <span class='ocrx_word' id='word_1_212' title='bbox 585 2364 776 2395; x_wconf 89' lang='lat' dir='ltr'>rudimenta</span> <span class='ocrx_word' id='word_1_213' title='bbox 791 2364 919 2396; x_wconf 82' lang='lat' dir='ltr'>militiae</span> <span class='ocrx_word' id='word_1_214' title='bbox 941 2367 1175 2408; x_wconf 62' lang='lat' dir='ltr'><em>contingeret?</em></span> 
     </span>
     <span class='ocr_line' id='line_1_41' title="bbox 479 2412 579 2444; baseline 0.02 -2"><span class='ocrx_word' id='word_1_215' title='bbox 479 2412 579 2444; x_wconf 84' lang='lat' dir='ltr'><em>Gron.</em></span> 
     </span>
    </p>

    <p class='ocr_par' dir='ltr' id='par_1_8' title="bbox 474 2464 1172 2957">
     <span class='ocr_line' id='line_1_42' title="bbox 519 2464 1171 2505; baseline 0.006 -10"><span class='ocrx_word' id='word_1_216' title='bbox 519 2464 606 2496; x_wconf 70' lang='lat' dir='ltr'>CAP.</span> <span class='ocrx_word' id='word_1_217' title='bbox 623 2474 663 2496; x_wconf 86' lang='lat'>11.</span> <span class='ocrx_word' id='word_1_218' title='bbox 707 2466 757 2505; x_wconf 69' lang='lat'>§1</span> <span class='ocrx_word' id='word_1_219' title='bbox 794 2464 927 2504; x_wconf 71' lang='lat' dir='ltr'><em>Atheus]</em></span> <span class='ocrx_word' id='word_1_220' title='bbox 962 2465 1019 2497; x_wconf 86' lang='lat' dir='ltr'>Ita</span> <span class='ocrx_word' id='word_1_221' title='bbox 1044 2476 1062 2497; x_wconf 94' lang='lat' dir='ltr'>e</span> <span class='ocrx_word' id='word_1_222' title='bbox 1087 2468 1171 2499; x_wconf 85' lang='lat' dir='ltr'><em>Mss.</em></span> 
     </span>
     <span class='ocr_line' id='line_1_43' title="bbox 474 2515 1171 2554; baseline 0.007 -9"><span class='ocrx_word' id='word_1_223' title='bbox 474 2524 571 2554; x_wconf 81' lang='lat' dir='ltr'>unus,</span> <span class='ocrx_word' id='word_1_224' title='bbox 588 2520 623 2546; x_wconf 89' lang='lat' dir='ltr'>et</span> <span class='ocrx_word' id='word_1_225' title='bbox 639 2516 741 2546; x_wconf 87' lang='lat' dir='ltr'><em>Oros.</em></span> <span class='ocrx_word' id='word_1_226' title='bbox 756 2515 823 2546; x_wconf 88' lang='lat' dir='ltr'><em>Ms.</em></span> <span class='ocrx_word' id='word_1_227' title='bbox 836 2524 890 2546; x_wconf 87' lang='lat'>111.</span> <span class='ocrx_word' id='word_1_228' title='bbox 903 2518 954 2546; x_wconf 83' lang='lat'>13.</span> <span class='ocrx_word' id='word_1_229' title='bbox 969 2521 1005 2547; x_wconf 87' lang='lat' dir='ltr'>et</span> <span class='ocrx_word' id='word_1_230' title='bbox 1020 2517 1171 2550; x_wconf 90' lang='lat' dir='ltr'>Frontin.</span> 
     </span>
     <span class='ocr_line' id='line_1_44' title="bbox 475 2566 1172 2608; baseline 0.004 -12"><span class='ocrx_word' id='word_1_231' title='bbox 475 2574 516 2596; x_wconf 87' lang='lat'>11.</span> <span class='ocrx_word' id='word_1_232' title='bbox 532 2568 562 2597; x_wconf 97' lang='lat'>4.</span> <span class='ocrx_word' id='word_1_233' title='bbox 578 2569 631 2597; x_wconf 87' lang='grc'>20.</span> <span class='ocrx_word' id='word_1_234' title='bbox 656 2566 772 2597; x_wconf 88' lang='lat' dir='ltr'><em>Ceteri</em></span> <span class='ocrx_word' id='word_1_235' title='bbox 790 2566 914 2605; x_wconf 88' lang='lat' dir='ltr'>partim</span> <span class='ocrx_word' id='word_1_236' title='bbox 928 2567 1081 2607; x_wconf 77' lang='lat' dir='ltr'><em>Metheas,</em></span> <span class='ocrx_word' id='word_1_237' title='bbox 1097 2578 1172 2608; x_wconf 89' lang='lat' dir='ltr'>par-</span> 
     </span>
     <span class='ocr_line' id='line_1_45' title="bbox 476 2615 1171 2660; baseline 0.007 -15"><span class='ocrx_word' id='word_1_238' title='bbox 476 2615 537 2646; x_wconf 92' lang='lat' dir='ltr'>tim</span> <span class='ocrx_word' id='word_1_239' title='bbox 555 2615 724 2655; x_wconf 80' lang='lat' dir='ltr'><em>Mattheus,</em></span> <span class='ocrx_word' id='word_1_240' title='bbox 750 2615 835 2646; x_wconf 88' lang='lat' dir='ltr'>vitio</span> <span class='ocrx_word' id='word_1_241' title='bbox 860 2615 1086 2657; x_wconf 83' lang='lat' dir='ltr'>librariorum,</span> <span class='ocrx_word' id='word_1_242' title='bbox 1114 2619 1171 2660; x_wconf 87' lang='lat' dir='ltr'>qui</span> 
     </span>
     <span class='ocr_line' id='line_1_46' title="bbox 474 2665 1171 2705; baseline 0.006 -10"><span class='ocrx_word' id='word_1_243' title='bbox 474 2665 607 2696; x_wconf 85' lang='lat' dir='ltr'>literam</span> <span class='ocrx_word' id='word_1_244' title='bbox 624 2676 654 2695; x_wconf 88' lang='lat' dir='ltr'>m</span> <span class='ocrx_word' id='word_1_245' title='bbox 670 2675 712 2695; x_wconf 85' lang='lat' dir='ltr'>ex</span> <span class='ocrx_word' id='word_1_246' title='bbox 732 2665 822 2695; x_wconf 93' lang='lat' dir='ltr'>vocis</span> <span class='ocrx_word' id='word_1_247' title='bbox 845 2666 854 2682; x_wconf 91' lang='lat'>‘</span> <span class='ocrx_word' id='word_1_248' title='bbox 872 2665 1075 2705; x_wconf 79' lang='lat' dir='ltr'>Scytharum</span> <span class='ocrx_word' id='word_1_249' title='bbox 1089 2667 1098 2681; x_wconf 85' lang='lat'>&#39;</span> <span class='ocrx_word' id='word_1_250' title='bbox 1114 2678 1171 2699; x_wconf 86' lang='lat' dir='ltr'>ex-</span> 
     </span>
     <span class='ocr_line' id='line_1_47' title="bbox 477 2715 1172 2751; baseline 0.007 -6"><span class='ocrx_word' id='word_1_251' title='bbox 477 2720 585 2746; x_wconf 89' lang='lat' dir='ltr'><em>tremo</em></span> <span class='ocrx_word' id='word_1_252' title='bbox 602 2715 821 2746; x_wconf 85' lang='lat' dir='ltr'>addiderunt.</span> <span class='ocrx_word' id='word_1_253' title='bbox 866 2716 1023 2747; x_wconf 88' lang='lat' dir='ltr'>Straboni</span> <span class='ocrx_word' id='word_1_254' title='bbox 1037 2726 1103 2749; x_wconf 94' lang='lat' dir='ltr'>v11.</span> <span class='ocrx_word' id='word_1_255' title='bbox 1120 2724 1172 2751; x_wconf 88' lang='lat' dir='ltr'>est</span> 
     </span>
     <span class='ocr_line' id='line_1_48' title="bbox 474 2765 1171 2807; baseline 0.007 -10"><span class='ocrx_word' id='word_1_256' title='bbox 474 2766 594 2804; x_wconf 81' lang='grc' dir='ltr'>Ἀτέας,</span> <span class='ocrx_word' id='word_1_257' title='bbox 609 2772 641 2797; x_wconf 81' lang='lat' dir='ltr'>et</span> <span class='ocrx_word' id='word_1_258' title='bbox 660 2767 750 2797; x_wconf 85' lang='lat' dir='ltr'><em>Plut.</em></span> <span class='ocrx_word' id='word_1_259' title='bbox 768 2767 800 2797; x_wconf 89' lang='lat' dir='ltr'>iu</span> <span class='ocrx_word' id='word_1_260' title='bbox 815 2765 951 2807; x_wconf 81' lang='lat' dir='ltr'><em>Apoph.</em></span> <span class='ocrx_word' id='word_1_261' title='bbox 969 2777 1000 2798; x_wconf 92' lang='lat' dir='ltr'>c.</span> <span class='ocrx_word' id='word_1_262' title='bbox 1015 2771 1066 2799; x_wconf 88' lang='grc'><strong>18.</strong></span> <span class='ocrx_word' id='word_1_263' title='bbox 1081 2774 1116 2800; x_wconf 90' lang='lat' dir='ltr'>et</span> <span class='ocrx_word' id='word_1_264' title='bbox 1129 2770 1171 2802; x_wconf 92' lang='lat' dir='ltr'>de</span> 
     </span>
     <span class='ocr_line' id='line_1_49' title="bbox 476 2816 1171 2860; baseline 0.007 -13"><span class='ocrx_word' id='word_1_265' title='bbox 476 2817 569 2848; x_wconf 87' lang='lat' dir='ltr'><em>Fort.</em></span> <span class='ocrx_word' id='word_1_266' title='bbox 597 2816 780 2848; x_wconf 69' lang='lat' dir='ltr'>Alexandri</span> <span class='ocrx_word' id='word_1_267' title='bbox 810 2817 909 2849; x_wconf 87' lang='lat' dir='ltr'><em>Orat.</em></span> <span class='ocrx_word' id='word_1_268' title='bbox 941 2827 982 2848; x_wconf 86' lang='lat'>11.</span> <span class='ocrx_word' id='word_1_269' title='bbox 1010 2821 1041 2850; x_wconf 92' lang='grc'>2.</span> <span class='ocrx_word' id='word_1_270' title='bbox 1067 2820 1171 2860; x_wconf 81' lang='lat' dir='ltr'><em>Bong.</em></span> 
     </span>
     <span class='ocr_line' id='line_1_50' title="bbox 476 2867 1169 2909; baseline 0.006 -12"><span class='ocrx_word' id='word_1_271' title='bbox 476 2868 521 2898; x_wconf 88' lang='lat' dir='ltr'>Et</span> <span class='ocrx_word' id='word_1_272' title='bbox 537 2877 649 2897; x_wconf 85' lang='lat' dir='ltr'>rursus</span> <span class='ocrx_word' id='word_1_273' title='bbox 664 2867 697 2897; x_wconf 90' lang='lat' dir='ltr'>in</span> <span class='ocrx_word' id='word_1_274' title='bbox 710 2868 935 2898; x_wconf 78' lang='lat' dir='ltr'>commentat.</span> <span class='ocrx_word' id='word_1_275' title='bbox 980 2868 1057 2899; x_wconf 93' lang='lat' dir='ltr'>Non</span> <span class='ocrx_word' id='word_1_276' title='bbox 1071 2878 1169 2909; x_wconf 86' lang='lat' dir='ltr'><em>posse.</em></span> 
     </span>
     <span class='ocr_line' id='line_1_51' title="bbox 478 2917 1168 2957; baseline 0.003 -10"><span class='ocrx_word' id='word_1_277' title='bbox 478 2917 625 2948; x_wconf 81' lang='lat' dir='ltr'>suaviter</span> <span class='ocrx_word' id='word_1_278' title='bbox 652 2917 718 2947; x_wconf 88' lang='lat' dir='ltr'>vivi</span> <span class='ocrx_word' id='word_1_279' title='bbox 745 2925 814 2948; x_wconf 88' lang='lat' dir='ltr'><em>sec.</em></span> <span class='ocrx_word' id='word_1_280' title='bbox 833 2917 971 2957; x_wconf 84' lang='lat' dir='ltr'>Epicur.</span> <span class='ocrx_word' id='word_1_281' title='bbox 989 2927 1019 2949; x_wconf 89' lang='lat' dir='ltr'>c.</span> <span class='ocrx_word' id='word_1_282' title='bbox 1035 2920 1088 2951; x_wconf 83' lang='lat'>29.</span> <span class='ocrx_word' id='word_1_283' title='bbox 1113 2920 1168 2953; x_wconf 82' lang='lat' dir='ltr'>uhi</span> 
     </span>
    </p>
   </div>
   <div class='ocr_carea' id='block_1_3' title="bbox 940 371 1459 405">
    <p class='ocr_par' dir='ltr' id='par_1_9' title="bbox 940 371 1459 405">
     <span class='ocr_line' id='line_1_52' title="bbox 940 371 1459 405; baseline 0.01 -5"><span class='ocrx_word' id='word_1_284' title='bbox 940 371 1080 402; x_wconf 83' lang='lat' dir='ltr'>NOTAE</span> <span class='ocrx_word' id='word_1_285' title='bbox 1114 372 1377 405; x_wconf 74' lang='lat' dir='ltr'>VARmRUM</span> <span class='ocrx_word' id='word_1_286' title='bbox 1412 376 1459 405; x_wconf 89' lang='lat' dir='ltr'>IN</span> 
     </span>
    </p>
   </div>
   <div class='ocr_carea' id='block_1_4' title="bbox 1220 465 1921 2958">
    <p class='ocr_par' dir='ltr' id='par_1_10' title="bbox 1225 465 1921 650">
     <span class='ocr_line' id='line_1_53' title="bbox 1226 465 1920 508; baseline 0.003 -12"><span class='ocrx_word' id='word_1_287' title='bbox 1226 465 1384 507; x_wconf 88' lang='lat' dir='ltr'><em>refertur,</em></span> <span class='ocrx_word' id='word_1_288' title='bbox 1405 468 1497 499; x_wconf 92' lang='lat' dir='ltr'>illum</span> <span class='ocrx_word' id='word_1_289' title='bbox 1514 466 1715 508; x_wconf 84' lang='lat' dir='ltr'>Scytharum</span> <span class='ocrx_word' id='word_1_290' title='bbox 1729 476 1842 508; x_wconf 79' lang='lat' dir='ltr'><em>regem</em></span> <span class='ocrx_word' id='word_1_291' title='bbox 1864 467 1920 508; x_wconf 89' lang='lat' dir='ltr'><em>jn-</em></span> 
     </span>
     <span class='ocr_line' id='line_1_54' title="bbox 1226 518 1921 559; baseline 0.001 -12"><span class='ocrx_word' id='word_1_292' title='bbox 1226 527 1328 557; x_wconf 84' lang='lat' dir='ltr'>rasse,</span> <span class='ocrx_word' id='word_1_293' title='bbox 1344 518 1509 550; x_wconf 88' lang='lat' dir='ltr'>hinnitum</span> <span class='ocrx_word' id='word_1_294' title='bbox 1533 519 1610 559; x_wconf 89' lang='lat' dir='ltr'>equi</span> <span class='ocrx_word' id='word_1_295' title='bbox 1633 522 1735 549; x_wconf 85' lang='lat' dir='ltr'>cantu</span> <span class='ocrx_word' id='word_1_296' title='bbox 1758 522 1921 558; x_wconf 64' lang='lat' dir='ltr'>praestan-</span> 
     </span>
     <span class='ocr_line' id='line_1_55' title="bbox 1227 568 1919 608; baseline 0.001 -11"><span class='ocrx_word' id='word_1_297' title='bbox 1227 568 1344 598; x_wconf 76' lang='lat' dir='ltr'>tissimi</span> <span class='ocrx_word' id='word_1_298' title='bbox 1362 568 1508 599; x_wconf 87' lang='lat' dir='ltr'>tibicinis</span> <span class='ocrx_word' id='word_1_299' title='bbox 1525 568 1682 599; x_wconf 84' lang='lat' dir='ltr'>Ismeniae</span> <span class='ocrx_word' id='word_1_300' title='bbox 1706 568 1769 599; x_wconf 91' lang='lat' dir='ltr'>sibi</span> <span class='ocrx_word' id='word_1_301' title='bbox 1793 568 1919 608; x_wconf 88' lang='lat' dir='ltr'>jucun-</span> 
     </span>
     <span class='ocr_line' id='line_1_56' title="bbox 1225 617 1609 650; baseline 0.003 -3"><span class='ocrx_word' id='word_1_302' title='bbox 1225 617 1353 648; x_wconf 85' lang='lat' dir='ltr'>diorem</span> <span class='ocrx_word' id='word_1_303' title='bbox 1371 617 1486 650; x_wconf 90' lang='lat' dir='ltr'>videri.</span> <span class='ocrx_word' id='word_1_304' title='bbox 1509 619 1609 649; x_wconf 84' lang='lat' dir='ltr'><em>Bern.</em></span> 
     </span>
    </p>

    <p class='ocr_par' dir='ltr' id='par_1_11' title="bbox 1224 667 1920 900">
     <span class='ocr_line' id='line_1_57' title="bbox 1267 667 1920 709; baseline 0.002 -11"><span class='ocrx_word' id='word_1_305' title='bbox 1267 668 1486 709; x_wconf 83' lang='lat' dir='ltr'>Istrianorum]</span> <span class='ocrx_word' id='word_1_306' title='bbox 1504 669 1595 701; x_wconf 85' lang='lat' dir='ltr'><em>Quos</em></span> <span class='ocrx_word' id='word_1_307' title='bbox 1607 668 1764 705; x_wconf 84' lang='grc' dir='ltr'>Μιλησίων</span> <span class='ocrx_word' id='word_1_308' title='bbox 1779 667 1920 699; x_wconf 83' lang='grc' dir='ltr'>ἀποίκους</span> 
     </span>
     <span class='ocr_line' id='line_1_58' title="bbox 1225 717 1919 749; baseline 0.003 -2"><span class='ocrx_word' id='word_1_309' title='bbox 1225 717 1330 748; x_wconf 86' lang='lat' dir='ltr'>fuisse</span> <span class='ocrx_word' id='word_1_310' title='bbox 1345 722 1491 749; x_wconf 80' lang='lat' dir='ltr'>testatur</span> <span class='ocrx_word' id='word_1_311' title='bbox 1506 718 1635 749; x_wconf 83' lang='lat' dir='ltr'><em>Herod.</em></span> <span class='ocrx_word' id='word_1_312' title='bbox 1652 728 1692 749; x_wconf 94' lang='lat'>11.</span> <span class='ocrx_word' id='word_1_313' title='bbox 1705 721 1757 749; x_wconf 83' lang='lat'>33.</span> <span class='ocrx_word' id='word_1_314' title='bbox 1801 718 1919 749; x_wconf 69' lang='lat' dir='ltr'>Et’ta-</span> 
     </span>
     <span class='ocr_line' id='line_1_59' title="bbox 1225 767 1918 807; baseline 0 -9"><span class='ocrx_word' id='word_1_315' title='bbox 1225 767 1352 807; x_wconf 82' lang='grc' dir='ltr'>τρίανῶν</span> <span class='ocrx_word' id='word_1_316' title='bbox 1366 768 1457 798; x_wconf 81' lang='grc' dir='ltr'>πόλιν</span> <span class='ocrx_word' id='word_1_317' title='bbox 1472 772 1634 798; x_wconf 86' lang='lat' dir='ltr'>memorat</span> <span class='ocrx_word' id='word_1_318' title='bbox 1648 768 1740 798; x_wconf 91' lang='lat' dir='ltr'>Dion</span> <span class='ocrx_word' id='word_1_319' title='bbox 1758 776 1918 798; x_wconf 81' lang='lat' dir='ltr'><em>xxxvnr.</em></span> 
     </span>
     <span class='ocr_line' id='line_1_60' title="bbox 1225 817 1919 858; baseline 0.001 -11"><span class='ocrx_word' id='word_1_320' title='bbox 1225 828 1258 858; x_wconf 89' lang='lat' dir='ltr'>p.</span> <span class='ocrx_word' id='word_1_321' title='bbox 1272 821 1325 850; x_wconf 75' lang='lat'>64.</span> <span class='ocrx_word' id='word_1_322' title='bbox 1362 817 1448 848; x_wconf 85' lang='lat' dir='ltr'>Aliis</span> <span class='ocrx_word' id='word_1_323' title='bbox 1462 818 1566 848; x_wconf 86' lang='lat' dir='ltr'>etiam</span> <span class='ocrx_word' id='word_1_324' title='bbox 1581 817 1590 834; x_wconf 93' lang='lat'>‘</span> <span class='ocrx_word' id='word_1_325' title='bbox 1604 817 1855 858; x_wconf 83' lang='lat' dir='ltr'>Istropolitani&#39;</span> <span class='ocrx_word' id='word_1_326' title='bbox 1869 817 1919 848; x_wconf 87' lang='lat' dir='ltr'>di-</span> 
     </span>
     <span class='ocr_line' id='line_1_61' title="bbox 1224 869 1482 900; baseline 0 -2"><span class='ocrx_word' id='word_1_327' title='bbox 1224 873 1358 900; x_wconf 89' lang='lat' dir='ltr'><em>cuntur.</em></span> <span class='ocrx_word' id='word_1_328' title='bbox 1383 869 1482 899; x_wconf 83' lang='lat' dir='ltr'><em>Gron.</em></span> 
     </span>
    </p>

    <p class='ocr_par' dir='ltr' id='par_1_12' title="bbox 1223 917 1920 1156">
     <span class='ocr_line' id='line_1_62' title="bbox 1268 917 1920 958; baseline 0 -10"><span class='ocrx_word' id='word_1_329' title='bbox 1268 919 1322 958; x_wconf 66' lang='lat'>§2</span> <span class='ocrx_word' id='word_1_330' title='bbox 1346 917 1419 948; x_wconf 80' lang='lat' dir='ltr'>Rex</span> <span class='ocrx_word' id='word_1_331' title='bbox 1433 917 1593 956; x_wconf 82' lang='lat' dir='ltr'><em>decedens]</em></span> <span class='ocrx_word' id='word_1_332' title='bbox 1637 917 1734 948; x_wconf 85' lang='lat' dir='ltr'><em>Vett.</em></span> <span class='ocrx_word' id='word_1_333' title='bbox 1759 927 1816 948; x_wconf 87' lang='lat' dir='ltr'>rex</span> <span class='ocrx_word' id='word_1_334' title='bbox 1840 927 1920 949; x_wconf 83' lang='lat' dir='ltr'><em>rece-</em></span> 
     </span>
     <span class='ocr_line' id='line_1_63' title="bbox 1223 967 1919 1008; baseline 0 -10"><span class='ocrx_word' id='word_1_335' title='bbox 1223 968 1308 999; x_wconf 85' lang='lat' dir='ltr'><em>dens.</em></span> <span class='ocrx_word' id='word_1_336' title='bbox 1351 967 1452 1006; x_wconf 86' lang='lat' dir='ltr'><em>Vulg.</em></span> <span class='ocrx_word' id='word_1_337' title='bbox 1476 968 1558 998; x_wconf 92' lang='lat' dir='ltr'><em>lect.</em></span> <span class='ocrx_word' id='word_1_338' title='bbox 1588 971 1624 997; x_wconf 88' lang='lat' dir='ltr'>et</span> <span class='ocrx_word' id='word_1_339' title='bbox 1650 976 1742 1008; x_wconf 88' lang='lat' dir='ltr'><em>seqq.</em></span> <span class='ocrx_word' id='word_1_340' title='bbox 1768 977 1919 1008; x_wconf 89' lang='lat' dir='ltr'>compro-</span> 
     </span>
     <span class='ocr_line' id='line_1_64' title="bbox 1226 1016 1918 1056; baseline 0.001 -9"><span class='ocrx_word' id='word_1_341' title='bbox 1226 1017 1320 1056; x_wconf 85' lang='lat' dir='ltr'>bant,</span> <span class='ocrx_word' id='word_1_342' title='bbox 1336 1021 1371 1047; x_wconf 90' lang='lat' dir='ltr'>et</span> <span class='ocrx_word' id='word_1_343' title='bbox 1387 1016 1487 1047; x_wconf 85' lang='lat' dir='ltr'><em>Oros.</em></span> <span class='ocrx_word' id='word_1_344' title='bbox 1504 1025 1561 1047; x_wconf 85' lang='lat'>111.</span> <span class='ocrx_word' id='word_1_345' title='bbox 1586 1019 1637 1046; x_wconf 88' lang='grc'>13.</span> <span class='ocrx_word' id='word_1_346' title='bbox 1657 1016 1820 1056; x_wconf 86' lang='lat' dir='ltr'>sequitur.</span> <span class='ocrx_word' id='word_1_347' title='bbox 1845 1016 1854 1032; x_wconf 87' lang='lat'>‘</span> <span class='ocrx_word' id='word_1_348' title='bbox 1867 1016 1918 1048; x_wconf 78' lang='lat' dir='ltr'>Is-</span> 
     </span>
     <span class='ocr_line' id='line_1_65' title="bbox 1225 1066 1917 1108; baseline 0.003 -11"><span class='ocrx_word' id='word_1_349' title='bbox 1225 1068 1409 1098; x_wconf 85' lang='lat' dir='ltr'>trianorum</span> <span class='ocrx_word' id='word_1_350' title='bbox 1424 1076 1505 1107; x_wconf 86' lang='lat' dir='ltr'><em>rege</em></span> <span class='ocrx_word' id='word_1_351' title='bbox 1532 1066 1688 1107; x_wconf 89' lang='lat' dir='ltr'>mortuo‚&#39;</span> <span class='ocrx_word' id='word_1_352' title='bbox 1711 1067 1835 1108; x_wconf 85' lang='lat' dir='ltr'>inquit,</span> <span class='ocrx_word' id='word_1_353' title='bbox 1852 1068 1917 1099; x_wconf 81' lang='lat' dir='ltr'>&amp;c.</span> 
     </span>
     <span class='ocr_line' id='line_1_66' title="bbox 1225 1118 1330 1156; baseline 0.01 -8"><span class='ocrx_word' id='word_1_354' title='bbox 1225 1118 1330 1156; x_wconf 80' lang='lat' dir='ltr'><em>Bong.</em></span> 
     </span>
    </p>

    <p class='ocr_par' dir='ltr' id='par_1_13' title="bbox 1223 1166 1920 1506">
     <span class='ocr_line' id='line_1_67' title="bbox 1268 1166 1919 1208; baseline 0 -10"><span class='ocrx_word' id='word_1_355' title='bbox 1268 1169 1321 1208; x_wconf 71' lang='lat'>§4</span> <span class='ocrx_word' id='word_1_356' title='bbox 1346 1167 1506 1208; x_wconf 84' lang='lat' dir='ltr'><em>Meliores]</em></span> <span class='ocrx_word' id='word_1_357' title='bbox 1532 1167 1578 1198; x_wconf 92' lang='lat' dir='ltr'>H.</span> <span class='ocrx_word' id='word_1_358' title='bbox 1595 1176 1625 1198; x_wconf 88' lang='lat' dir='ltr'>e.</span> <span class='ocrx_word' id='word_1_359' title='bbox 1643 1166 1812 1198; x_wconf 86' lang='lat' dir='ltr'>fortiores.</span> <span class='ocrx_word' id='word_1_360' title='bbox 1848 1167 1919 1198; x_wconf 90' lang='lat' dir='ltr'><em>Ho-</em></span> 
     </span>
     <span class='ocr_line' id='line_1_68' title="bbox 1225 1217 1919 1258; baseline -0.001 -10"><span class='ocrx_word' id='word_1_361' title='bbox 1225 1222 1288 1249; x_wconf 88' lang='lat' dir='ltr'><em>rat.</em></span> <span class='ocrx_word' id='word_1_362' title='bbox 1308 1228 1333 1250; x_wconf 91' lang='lat'>1.</span> <span class='ocrx_word' id='word_1_363' title='bbox 1358 1218 1426 1250; x_wconf 91' lang='lat' dir='ltr'>Od.</span> <span class='ocrx_word' id='word_1_364' title='bbox 1447 1221 1499 1249; x_wconf 90' lang='lat'>15.</span> <span class='ocrx_word' id='word_1_365' title='bbox 1521 1217 1693 1258; x_wconf 86' lang='lat' dir='ltr'>‘Tydides</span> <span class='ocrx_word' id='word_1_366' title='bbox 1716 1217 1835 1248; x_wconf 89' lang='lat' dir='ltr'>melior</span> <span class='ocrx_word' id='word_1_367' title='bbox 1861 1227 1919 1257; x_wconf 87' lang='lat' dir='ltr'>pa-</span> 
     </span>
     <span class='ocr_line' id='line_1_69' title="bbox 1225 1267 1919 1300; baseline -0.001 -2"><span class='ocrx_word' id='word_1_368' title='bbox 1225 1267 1299 1299; x_wconf 87' lang='lat' dir='ltr'><em>tre.’</em></span> <span class='ocrx_word' id='word_1_369' title='bbox 1325 1269 1450 1300; x_wconf 91' lang='lat' dir='ltr'>Lucan.</span> <span class='ocrx_word' id='word_1_370' title='bbox 1473 1278 1497 1299; x_wconf 90' lang='lat'>1.</span> <span class='ocrx_word' id='word_1_371' title='bbox 1515 1271 1587 1299; x_wconf 79' lang='grc'><strong>128.</strong></span> <span class='ocrx_word' id='word_1_372' title='bbox 1614 1268 1695 1298; x_wconf 91' lang='lat' dir='ltr'>Sall.</span> <span class='ocrx_word' id='word_1_373' title='bbox 1713 1268 1758 1299; x_wconf 94' lang='lat' dir='ltr'>H.</span> <span class='ocrx_word' id='word_1_374' title='bbox 1775 1277 1800 1299; x_wconf 89' lang='lat'>1.</span> <span class='ocrx_word' id='word_1_375' title='bbox 1818 1270 1847 1299; x_wconf 88' lang='grc'>3.</span> <span class='ocrx_word' id='word_1_376' title='bbox 1864 1270 1919 1299; x_wconf 91' lang='grc'>31.</span> 
     </span>
     <span class='ocr_line' id='line_1_70' title="bbox 1224 1317 1918 1358; baseline 0.003 -11"><span class='ocrx_word' id='word_1_377' title='bbox 1224 1318 1233 1334; x_wconf 87' lang='lat'>‘</span> <span class='ocrx_word' id='word_1_378' title='bbox 1248 1318 1398 1348; x_wconf 86' lang='lat' dir='ltr'><em>Fortuna</em></span> <span class='ocrx_word' id='word_1_379' title='bbox 1413 1318 1568 1348; x_wconf 88' lang='lat' dir='ltr'>meliores</span> <span class='ocrx_word' id='word_1_380' title='bbox 1583 1317 1758 1358; x_wconf 67' lang='lat' dir='ltr'>sequitur!</span> <span class='ocrx_word' id='word_1_381' title='bbox 1801 1318 1845 1348; x_wconf 90' lang='lat' dir='ltr'>Et</span> <span class='ocrx_word' id='word_1_382' title='bbox 1860 1317 1918 1349; x_wconf 89' lang='lat' dir='ltr'>Ju.</span> 
     </span>
     <span class='ocr_line' id='line_1_71' title="bbox 1223 1366 1918 1407; baseline 0.001 -10"><span class='ocrx_word' id='word_1_383' title='bbox 1223 1369 1277 1397; x_wconf 78' lang='lat'>92.</span> <span class='ocrx_word' id='word_1_384' title='bbox 1306 1369 1357 1398; x_wconf 91' lang='grc'>10.</span> <span class='ocrx_word' id='word_1_385' title='bbox 1381 1368 1390 1384; x_wconf 90' lang='lat'>‘</span> <span class='ocrx_word' id='word_1_386' title='bbox 1408 1366 1578 1406; x_wconf 87' lang='lat' dir='ltr'>Optumus</span> <span class='ocrx_word' id='word_1_387' title='bbox 1609 1366 1751 1407; x_wconf 87' lang='lat' dir='ltr'>quisque</span> <span class='ocrx_word' id='word_1_388' title='bbox 1779 1367 1918 1407; x_wconf 89' lang='lat' dir='ltr'><em>cadere,</em></span> 
     </span>
     <span class='ocr_line' id='line_1_72' title="bbox 1225 1416 1920 1448; baseline 0.003 -2"><span class='ocrx_word' id='word_1_389' title='bbox 1225 1420 1283 1446; x_wconf 91' lang='lat' dir='ltr'>aut</span> <span class='ocrx_word' id='word_1_390' title='bbox 1297 1416 1462 1446; x_wconf 60' lang='lat' dir='ltr'>sauciari?</span> <span class='ocrx_word' id='word_1_391' title='bbox 1507 1416 1623 1446; x_wconf 81' lang='lat' dir='ltr'>Graeci</span> <span class='ocrx_word' id='word_1_392' title='bbox 1646 1416 1721 1447; x_wconf 90' lang='lat' dir='ltr'><em>eod.</em></span> <span class='ocrx_word' id='word_1_393' title='bbox 1744 1417 1843 1447; x_wconf 90' lang='lat' dir='ltr'>modo</span> <span class='ocrx_word' id='word_1_394' title='bbox 1866 1427 1920 1448; x_wconf 85' lang='lat' dir='ltr'>su-</span> 
     </span>
     <span class='ocr_line' id='line_1_73' title="bbox 1224 1465 1918 1506; baseline 0.003 -10"><span class='ocrx_word' id='word_1_395' title='bbox 1224 1476 1278 1496; x_wconf 92' lang='lat' dir='ltr'>um</span> <span class='ocrx_word' id='word_1_396' title='bbox 1293 1466 1405 1504; x_wconf 74' lang='grc' dir='ltr'>ἀγαθὸς</span> <span class='ocrx_word' id='word_1_397' title='bbox 1421 1472 1455 1497; x_wconf 92' lang='lat' dir='ltr'>et</span> <span class='ocrx_word' id='word_1_398' title='bbox 1470 1465 1619 1506; x_wconf 82' lang='grc' dir='ltr'>κρείσσων</span> <span class='ocrx_word' id='word_1_399' title='bbox 1630 1470 1801 1506; x_wconf 87' lang='lat' dir='ltr'>usurpant.</span> <span class='ocrx_word' id='word_1_400' title='bbox 1817 1467 1918 1499; x_wconf 77' lang='lat' dir='ltr'><em>Rern.</em></span> 
     </span>
    </p>

    <p class='ocr_par' dir='ltr' id='par_1_14' title="bbox 1224 1515 1918 1599">
     <span class='ocr_line' id='line_1_74' title="bbox 1267 1515 1918 1557; baseline 0 -10"><span class='ocrx_word' id='word_1_401' title='bbox 1267 1518 1284 1557; x_wconf 55' lang='grc' dir='ltr'><strong>ξ</strong></span> <span class='ocrx_word' id='word_1_402' title='bbox 1301 1520 1318 1547; x_wconf 90' lang='grc'><strong>5</strong></span> <span class='ocrx_word' id='word_1_403' title='bbox 1345 1518 1396 1547; x_wconf 91' lang='lat' dir='ltr'>Ne</span> <span class='ocrx_word' id='word_1_404' title='bbox 1410 1517 1514 1557; x_wconf 83' lang='lat' dir='ltr'>inopia</span> <span class='ocrx_word' id='word_1_405' title='bbox 1541 1518 1678 1547; x_wconf 79' lang='lat' dir='ltr'><em>deserere</em></span> <span class='ocrx_word' id='word_1_406' title='bbox 1706 1515 1828 1556; x_wconf 83' lang='lat' dir='ltr'><em>bellum]</em></span> <span class='ocrx_word' id='word_1_407' title='bbox 1861 1516 1918 1547; x_wconf 89' lang='lat' dir='ltr'>Ita</span> 
     </span>
     <span class='ocr_line' id='line_1_75' title="bbox 1224 1567 1683 1599; baseline 0.002 -2"><span class='ocrx_word' id='word_1_408' title='bbox 1224 1575 1258 1598; x_wconf 91' lang='lat' dir='ltr'>v.</span> <span class='ocrx_word' id='word_1_409' title='bbox 1273 1570 1304 1598; x_wconf 84' lang='lat'>2.</span> <span class='ocrx_word' id='word_1_410' title='bbox 1324 1570 1375 1598; x_wconf 91' lang='grc'>10.</span> <span class='ocrx_word' id='word_1_411' title='bbox 1392 1571 1427 1598; x_wconf 89' lang='lat' dir='ltr'>et</span> <span class='ocrx_word' id='word_1_412' title='bbox 1443 1577 1493 1599; x_wconf 91' lang='lat' dir='ltr'>vl.</span> <span class='ocrx_word' id='word_1_413' title='bbox 1508 1570 1538 1598; x_wconf 85' lang='lat'>2.</span> <span class='ocrx_word' id='word_1_414' title='bbox 1555 1569 1606 1597; x_wconf 77' lang='lat'>14.</span> <span class='ocrx_word' id='word_1_415' title='bbox 1631 1567 1683 1598; x_wconf 84' lang='lat' dir='ltr'><em>Id.</em></span> 
     </span>
    </p>

    <p class='ocr_par' dir='ltr' id='par_1_15' title="bbox 1220 1616 1919 2658">
     <span class='ocr_line' id='line_1_76' title="bbox 1268 1616 1919 1657; baseline -0.003 -9"><span class='ocrx_word' id='word_1_416' title='bbox 1268 1617 1321 1657; x_wconf 76' lang='lat'>§6</span> <span class='ocrx_word' id='word_1_417' title='bbox 1345 1618 1394 1648; x_wconf 82' lang='lat' dir='ltr'>Ne</span> <span class='ocrx_word' id='word_1_418' title='bbox 1418 1621 1572 1657; x_wconf 81' lang='lat' dir='ltr'>sumptum</span> <span class='ocrx_word' id='word_1_419' title='bbox 1606 1616 1727 1656; x_wconf 82' lang='lat' dir='ltr'>quidem</span> <span class='ocrx_word' id='word_1_420' title='bbox 1756 1616 1828 1655; x_wconf 80' lang='lat' dir='ltr'>vz&#39;oe,</span> <span class='ocrx_word' id='word_1_421' title='bbox 1858 1625 1919 1647; x_wconf 78' lang='lat' dir='ltr'>non</span> 
     </span>
     <span class='ocr_line' id='line_1_77' title="bbox 1224 1667 1918 1708; baseline 0 -11"><span class='ocrx_word' id='word_1_422' title='bbox 1224 1668 1310 1697; x_wconf 79' lang='lat' dir='ltr'><em>modo</em></span> <span class='ocrx_word' id='word_1_423' title='bbox 1326 1667 1416 1708; x_wconf 71' lang='lat' dir='ltr'>officii</span> <span class='ocrx_word' id='word_1_424' title='bbox 1433 1668 1549 1707; x_wconf 82' lang='lat' dir='ltr'>pretia,</span> <span class='ocrx_word' id='word_1_425' title='bbox 1572 1667 1706 1706; x_wconf 81' lang='lat' dir='ltr'><em>dederit]</em></span> <span class='ocrx_word' id='word_1_426' title='bbox 1742 1667 1825 1706; x_wconf 92' lang='lat' dir='ltr'>Pro,</span> <span class='ocrx_word' id='word_1_427' title='bbox 1850 1676 1918 1697; x_wconf 93' lang='lat' dir='ltr'>non</span> 
     </span>
     <span class='ocr_line' id='line_1_78' title="bbox 1225 1718 1918 1759; baseline 0.003 -11"><span class='ocrx_word' id='word_1_428' title='bbox 1225 1719 1323 1750; x_wconf 90' lang='lat' dir='ltr'>modo</span> <span class='ocrx_word' id='word_1_429' title='bbox 1339 1718 1442 1750; x_wconf 85' lang='lat' dir='ltr'>officii</span> <span class='ocrx_word' id='word_1_430' title='bbox 1470 1719 1592 1759; x_wconf 86' lang='lat' dir='ltr'>pretia,</span> <span class='ocrx_word' id='word_1_431' title='bbox 1621 1718 1681 1748; x_wconf 88' lang='lat' dir='ltr'>sed</span> <span class='ocrx_word' id='word_1_432' title='bbox 1706 1728 1749 1749; x_wconf 90' lang='lat' dir='ltr'>ne</span> <span class='ocrx_word' id='word_1_433' title='bbox 1772 1723 1918 1750; x_wconf 88' lang='lat' dir='ltr'>sumtum</span> 
     </span>
     <span class='ocr_line' id='line_1_79' title="bbox 1225 1768 1919 1809; baseline 0.003 -11"><span class='ocrx_word' id='word_1_434' title='bbox 1225 1768 1360 1809; x_wconf 88' lang='lat' dir='ltr'>quidem</span> <span class='ocrx_word' id='word_1_435' title='bbox 1378 1769 1440 1799; x_wconf 79' lang='lat' dir='ltr'>viae</span> <span class='ocrx_word' id='word_1_436' title='bbox 1457 1768 1602 1800; x_wconf 86' lang='lat' dir='ltr'><em>dederit.</em></span> <span class='ocrx_word' id='word_1_437' title='bbox 1639 1768 1776 1799; x_wconf 89' lang='lat' dir='ltr'><em>Deinde</em></span> <span class='ocrx_word' id='word_1_438' title='bbox 1789 1779 1845 1799; x_wconf 83' lang='lat' dir='ltr'>non</span> <span class='ocrx_word' id='word_1_439' title='bbox 1857 1778 1919 1800; x_wconf 86' lang='lat' dir='ltr'>mo-</span> 
     </span>
     <span class='ocr_line' id='line_1_80' title="bbox 1223 1818 1916 1859; baseline 0.003 -11"><span class='ocrx_word' id='word_1_440' title='bbox 1223 1819 1262 1848; x_wconf 86' lang='lat' dir='ltr'>do</span> <span class='ocrx_word' id='word_1_441' title='bbox 1277 1818 1368 1859; x_wconf 84' lang='lat' dir='ltr'>officii</span> <span class='ocrx_word' id='word_1_442' title='bbox 1382 1819 1483 1858; x_wconf 85' lang='lat' dir='ltr'>pretia</span> <span class='ocrx_word' id='word_1_443' title='bbox 1498 1822 1551 1849; x_wconf 89' lang='lat' dir='ltr'>est</span> <span class='ocrx_word' id='word_1_444' title='bbox 1567 1828 1639 1858; x_wconf 86' lang='lat' dir='ltr'>pro,</span> <span class='ocrx_word' id='word_1_445' title='bbox 1662 1828 1727 1849; x_wconf 90' lang='lat' dir='ltr'>non</span> <span class='ocrx_word' id='word_1_446' title='bbox 1740 1818 1837 1849; x_wconf 89' lang='lat' dir='ltr'>modo</span> <span class='ocrx_word' id='word_1_447' title='bbox 1850 1828 1916 1850; x_wconf 88' lang='lat' dir='ltr'>non</span> 
     </span>
     <span class='ocr_line' id='line_1_81' title="bbox 1223 1866 1918 1908; baseline 0.001 -10"><span class='ocrx_word' id='word_1_448' title='bbox 1223 1866 1323 1898; x_wconf 81' lang='lat' dir='ltr'>officii</span> <span class='ocrx_word' id='word_1_449' title='bbox 1342 1869 1461 1908; x_wconf 85' lang='lat' dir='ltr'>pretia.</span> <span class='ocrx_word' id='word_1_450' title='bbox 1504 1868 1561 1899; x_wconf 91' lang='lat' dir='ltr'>Ita</span> <span class='ocrx_word' id='word_1_451' title='bbox 1576 1869 1663 1898; x_wconf 89' lang='lat' dir='ltr'>euim</span> <span class='ocrx_word' id='word_1_452' title='bbox 1680 1878 1782 1899; x_wconf 90' lang='lat' dir='ltr'>unum</span> <span class='ocrx_word' id='word_1_453' title='bbox 1805 1869 1815 1885; x_wconf 95' lang='lat'>‘</span> <span class='ocrx_word' id='word_1_454' title='bbox 1832 1869 1918 1900; x_wconf 91' lang='lat' dir='ltr'><em>non&#39;</em></span> 
     </span>
     <span class='ocr_line' id='line_1_82' title="bbox 1225 1918 1915 1960; baseline 0.001 -11"><span class='ocrx_word' id='word_1_455' title='bbox 1225 1918 1408 1957; x_wconf 87' lang='lat' dir='ltr'>omittitur,</span> <span class='ocrx_word' id='word_1_456' title='bbox 1434 1919 1462 1949; x_wconf 84' lang='lat' dir='ltr'>si</span> <span class='ocrx_word' id='word_1_457' title='bbox 1488 1918 1497 1935; x_wconf 88' lang='lat'>‘</span> <span class='ocrx_word' id='word_1_458' title='bbox 1510 1928 1552 1949; x_wconf 91' lang='lat' dir='ltr'>ne</span> <span class='ocrx_word' id='word_1_459' title='bbox 1565 1919 1699 1959; x_wconf 86' lang='lat' dir='ltr'>quidem</span> <span class='ocrx_word' id='word_1_460' title='bbox 1711 1918 1720 1931; x_wconf 92' lang='lat'>’</span> <span class='ocrx_word' id='word_1_461' title='bbox 1741 1922 1915 1960; x_wconf 81' lang='lat' dir='ltr'><em>sequatur.</em></span> 
     </span>
     <span class='ocr_line' id='line_1_83' title="bbox 1226 1968 1917 2009; baseline 0.001 -11"><span class='ocrx_word' id='word_1_462' title='bbox 1226 1968 1328 2008; x_wconf 88' lang='lat' dir='ltr'>Cujus</span> <span class='ocrx_word' id='word_1_463' title='bbox 1344 1968 1392 1998; x_wconf 87' lang='lat' dir='ltr'>rei</span> <span class='ocrx_word' id='word_1_464' title='bbox 1408 1968 1474 1999; x_wconf 89' lang='lat' dir='ltr'>duo</span> <span class='ocrx_word' id='word_1_465' title='bbox 1491 1978 1623 2009; x_wconf 87' lang='lat' dir='ltr'><em>quoque</em></span> <span class='ocrx_word' id='word_1_466' title='bbox 1635 1968 1701 1998; x_wconf 89' lang='lat' dir='ltr'>alia</span> <span class='ocrx_word' id='word_1_467' title='bbox 1713 1969 1868 2008; x_wconf 82' lang='lat' dir='ltr'><em>exempla</em></span> <span class='ocrx_word' id='word_1_468' title='bbox 1881 1969 1917 1999; x_wconf 88' lang='lat' dir='ltr'>in</span> 
     </span>
     <span class='ocr_line' id='line_1_84' title="bbox 1224 2017 1915 2058; baseline 0.004 -11"><span class='ocrx_word' id='word_1_469' title='bbox 1224 2017 1287 2049; x_wconf 89' lang='lat' dir='ltr'>hoc</span> <span class='ocrx_word' id='word_1_470' title='bbox 1305 2017 1453 2049; x_wconf 84' lang='lat' dir='ltr'><em>Auctore</em></span> <span class='ocrx_word' id='word_1_471' title='bbox 1467 2022 1556 2048; x_wconf 84' lang='lat' dir='ltr'><em>sunt.</em></span> <span class='ocrx_word' id='word_1_472' title='bbox 1601 2017 1681 2048; x_wconf 88' lang='lat' dir='ltr'>Vid.</span> <span class='ocrx_word' id='word_1_473' title='bbox 1699 2028 1770 2058; x_wconf 89' lang='lat' dir='ltr'>sup.</span> <span class='ocrx_word' id='word_1_474' title='bbox 1791 2027 1829 2050; x_wconf 81' lang='lat'>11.</span> <span class='ocrx_word' id='word_1_475' title='bbox 1843 2021 1872 2050; x_wconf 94' lang='lat' dir='ltr'>l.</span> <span class='ocrx_word' id='word_1_476' title='bbox 1885 2021 1915 2050; x_wconf 74' lang='lat'>6.</span> 
     </span>
     <span class='ocr_line' id='line_1_85' title="bbox 1224 2068 1917 2109; baseline 0.001 -10"><span class='ocrx_word' id='word_1_477' title='bbox 1224 2074 1260 2100; x_wconf 89' lang='lat' dir='ltr'>et</span> <span class='ocrx_word' id='word_1_478' title='bbox 1276 2068 1334 2100; x_wconf 87' lang='lat' dir='ltr'>inf.</span> <span class='ocrx_word' id='word_1_479' title='bbox 1358 2078 1409 2099; x_wconf 70' lang='grc' dir='ltr'>Χῖ.</span> <span class='ocrx_word' id='word_1_480' title='bbox 1428 2072 1458 2100; x_wconf 88' lang='grc'>8.</span> <span class='ocrx_word' id='word_1_481' title='bbox 1475 2071 1507 2099; x_wconf 81' lang='lat'>4.</span> <span class='ocrx_word' id='word_1_482' title='bbox 1545 2069 1703 2109; x_wconf 87' lang='lat' dir='ltr'><em>Denique</em></span> <span class='ocrx_word' id='word_1_483' title='bbox 1724 2068 1827 2108; x_wconf 80' lang='lat' dir='ltr'>pretia</span> <span class='ocrx_word' id='word_1_484' title='bbox 1852 2077 1917 2109; x_wconf 91' lang='lat' dir='ltr'>pro</span> 
     </span>
     <span class='ocr_line' id='line_1_86' title="bbox 1223 2118 1916 2150; baseline 0 -1"><span class='ocrx_word' id='word_1_485' title='bbox 1223 2119 1377 2149; x_wconf 85' lang='lat' dir='ltr'><em>mercede</em></span> <span class='ocrx_word' id='word_1_486' title='bbox 1394 2124 1458 2150; x_wconf 86' lang='lat' dir='ltr'><em>est.</em></span> <span class='ocrx_word' id='word_1_487' title='bbox 1489 2119 1591 2149; x_wconf 85' lang='lat' dir='ltr'><em>Vorst.</em></span> <span class='ocrx_word' id='word_1_488' title='bbox 1634 2118 1731 2149; x_wconf 87' lang='lat' dir='ltr'><em>Junt.</em></span> <span class='ocrx_word' id='word_1_489' title='bbox 1746 2128 1805 2148; x_wconf 88' lang='lat' dir='ltr'>non</span> <span class='ocrx_word' id='word_1_490' title='bbox 1828 2119 1916 2149; x_wconf 75' lang='lat' dir='ltr'><em>modo</em></span> 
     </span>
     <span class='ocr_line' id='line_1_87' title="bbox 1223 2168 1915 2209; baseline -0.001 -10"><span class='ocrx_word' id='word_1_491' title='bbox 1223 2169 1277 2209; x_wconf 88' lang='lat' dir='ltr'>off.</span> <span class='ocrx_word' id='word_1_492' title='bbox 1286 2170 1414 2209; x_wconf 81' lang='lat' dir='ltr'>proemz&#39;a</span> <span class='ocrx_word' id='word_1_493' title='bbox 1425 2170 1492 2199; x_wconf 83' lang='lat' dir='ltr'><em>ded.</em></span> <span class='ocrx_word' id='word_1_494' title='bbox 1505 2168 1594 2208; x_wconf 89' lang='lat' dir='ltr'><em>qnod</em></span> <span class='ocrx_word' id='word_1_495' title='bbox 1607 2168 1773 2198; x_wconf 83' lang='lat' dir='ltr'>incautior</span> <span class='ocrx_word' id='word_1_496' title='bbox 1787 2168 1915 2208; x_wconf 85' lang='lat' dir='ltr'>arripe-</span> 
     </span>
     <span class='ocr_line' id='line_1_88' title="bbox 1224 2217 1914 2258; baseline -0.001 -10"><span class='ocrx_word' id='word_1_497' title='bbox 1224 2224 1276 2249; x_wconf 88' lang='lat' dir='ltr'>ret</span> <span class='ocrx_word' id='word_1_498' title='bbox 1288 2218 1400 2250; x_wconf 87' lang='lat' dir='ltr'>facile.</span> <span class='ocrx_word' id='word_1_499' title='bbox 1445 2218 1511 2249; x_wconf 84' lang='lat' dir='ltr'>Sed</span> <span class='ocrx_word' id='word_1_500' title='bbox 1537 2218 1669 2258; x_wconf 78' lang='lat' dir='ltr'>pretium</span> <span class='ocrx_word' id='word_1_501' title='bbox 1681 2217 1789 2257; x_wconf 88' lang='lat' dir='ltr'><em>ejusd.</em></span> <span class='ocrx_word' id='word_1_502' title='bbox 1805 2217 1914 2248; x_wconf 84' lang='lat' dir='ltr'>notio-</span> 
     </span>
     <span class='ocr_line' id='line_1_89' title="bbox 1222 2267 1913 2308; baseline 0.001 -10"><span class='ocrx_word' id='word_1_503' title='bbox 1222 2268 1275 2298; x_wconf 90' lang='lat' dir='ltr'>nis</span> <span class='ocrx_word' id='word_1_504' title='bbox 1304 2273 1357 2299; x_wconf 88' lang='lat' dir='ltr'>est</span> <span class='ocrx_word' id='word_1_505' title='bbox 1382 2277 1631 2308; x_wconf 89' lang='lat' dir='ltr'>nonnunquam.</span> <span class='ocrx_word' id='word_1_506' title='bbox 1667 2267 1803 2298; x_wconf 87' lang='lat' dir='ltr'><em>Phaedr.</em></span> <span class='ocrx_word' id='word_1_507' title='bbox 1829 2277 1854 2299; x_wconf 87' lang='lat'>1.</span> <span class='ocrx_word' id='word_1_508' title='bbox 1881 2270 1913 2299; x_wconf 92' lang='lat'>8.</span> 
     </span>
     <span class='ocr_line' id='line_1_90' title="bbox 1222 2317 1916 2358; baseline 0 -9"><span class='ocrx_word' id='word_1_509' title='bbox 1222 2318 1231 2334; x_wconf 91' lang='lat'>‘</span> <span class='ocrx_word' id='word_1_510' title='bbox 1246 2317 1313 2350; x_wconf 84' lang='lat' dir='ltr'>Qui</span> <span class='ocrx_word' id='word_1_511' title='bbox 1328 2318 1472 2358; x_wconf 87' lang='lat' dir='ltr'>pretium</span> <span class='ocrx_word' id='word_1_512' title='bbox 1489 2317 1600 2348; x_wconf 90' lang='lat' dir='ltr'>meriti</span> <span class='ocrx_word' id='word_1_513' title='bbox 1614 2317 1656 2348; x_wconf 92' lang='lat' dir='ltr'>ab</span> <span class='ocrx_word' id='word_1_514' title='bbox 1673 2317 1835 2357; x_wconf 88' lang='lat' dir='ltr'>improbis</span> <span class='ocrx_word' id='word_1_515' title='bbox 1857 2317 1916 2349; x_wconf 89' lang='lat' dir='ltr'>de-</span> 
     </span>
     <span class='ocr_line' id='line_1_91' title="bbox 1222 2366 1914 2408; baseline 0.003 -11"><span class='ocrx_word' id='word_1_516' title='bbox 1222 2367 1361 2408; x_wconf 87' lang='lat' dir='ltr'>siderat,</span> <span class='ocrx_word' id='word_1_517' title='bbox 1389 2368 1447 2398; x_wconf 91' lang='lat' dir='ltr'>Bis</span> <span class='ocrx_word' id='word_1_518' title='bbox 1473 2366 1619 2408; x_wconf 61' lang='lat' dir='ltr'>peccat)</span> <span class='ocrx_word' id='word_1_519' title='bbox 1665 2367 1753 2399; x_wconf 85' lang='lat' dir='ltr'><em>Flor.</em></span> <span class='ocrx_word' id='word_1_520' title='bbox 1781 2376 1829 2398; x_wconf 81' lang='lat' dir='ltr'>iv.</span> <span class='ocrx_word' id='word_1_521' title='bbox 1860 2370 1914 2399; x_wconf 89' lang='grc'>11.</span> 
     </span>
     <span class='ocr_line' id='line_1_92' title="bbox 1222 2417 1916 2458; baseline -0.001 -9"><span class='ocrx_word' id='word_1_522' title='bbox 1222 2419 1232 2435; x_wconf 90' lang='lat'>‘</span> <span class='ocrx_word' id='word_1_523' title='bbox 1245 2418 1330 2449; x_wconf 78' lang='lat' dir='ltr'>Haec</span> <span class='ocrx_word' id='word_1_524' title='bbox 1346 2418 1465 2448; x_wconf 90' lang='lat' dir='ltr'>mulier</span> <span class='ocrx_word' id='word_1_525' title='bbox 1480 2417 1640 2458; x_wconf 81' lang='lat' dir='ltr'>AEgyptia</span> <span class='ocrx_word' id='word_1_526' title='bbox 1665 2417 1707 2448; x_wconf 94' lang='lat' dir='ltr'>ab</span> <span class='ocrx_word' id='word_1_527' title='bbox 1732 2417 1826 2448; x_wconf 89' lang='lat' dir='ltr'>ebrio</span> <span class='ocrx_word' id='word_1_528' title='bbox 1849 2417 1916 2448; x_wconf 87' lang='lat' dir='ltr'>Im-</span> 
     </span>
     <span class='ocr_line' id='line_1_93' title="bbox 1222 2467 1915 2509; baseline 0 -10"><span class='ocrx_word' id='word_1_529' title='bbox 1222 2473 1381 2509; x_wconf 87' lang='lat' dir='ltr'><em>peratore</em></span> <span class='ocrx_word' id='word_1_530' title='bbox 1410 2468 1557 2508; x_wconf 88' lang='lat' dir='ltr'>pretium</span> <span class='ocrx_word' id='word_1_531' title='bbox 1593 2467 1767 2498; x_wconf 87' lang='lat' dir='ltr'>libidinum</span> <span class='ocrx_word' id='word_1_532' title='bbox 1795 2469 1915 2499; x_wconf 85' lang='lat' dir='ltr'>Roma·</span> 
     </span>
     <span class='ocr_line' id='line_1_94' title="bbox 1221 2517 1915 2558; baseline -0.001 -9"><span class='ocrx_word' id='word_1_533' title='bbox 1221 2528 1300 2549; x_wconf 89' lang='lat' dir='ltr'>num</span> <span class='ocrx_word' id='word_1_534' title='bbox 1318 2518 1494 2558; x_wconf 88' lang='lat' dir='ltr'>imperium</span> <span class='ocrx_word' id='word_1_535' title='bbox 1512 2517 1622 2558; x_wconf 88' lang='lat' dir='ltr'>petit.&#39;</span> <span class='ocrx_word' id='word_1_536' title='bbox 1667 2517 1719 2548; x_wconf 90' lang='lat' dir='ltr'>Id.</span> <span class='ocrx_word' id='word_1_537' title='bbox 1737 2527 1760 2548; x_wconf 90' lang='lat'>1.</span> <span class='ocrx_word' id='word_1_538' title='bbox 1780 2521 1809 2548; x_wconf 95' lang='grc'>1.</span> <span class='ocrx_word' id='word_1_539' title='bbox 1827 2519 1836 2536; x_wconf 92' lang='lat'>‘</span> <span class='ocrx_word' id='word_1_540' title='bbox 1850 2519 1915 2549; x_wconf 91' lang='lat' dir='ltr'>Pu-</span> 
     </span>
     <span class='ocr_line' id='line_1_95' title="bbox 1221 2566 1914 2608; baseline -0.001 -9"><span class='ocrx_word' id='word_1_541' title='bbox 1221 2569 1287 2599; x_wconf 84' lang='lat' dir='ltr'><em>ella</em></span> <span class='ocrx_word' id='word_1_542' title='bbox 1303 2568 1448 2608; x_wconf 88' lang='lat' dir='ltr'>pretium</span> <span class='ocrx_word' id='word_1_543' title='bbox 1465 2577 1546 2607; x_wconf 89' lang='lat' dir='ltr'>rem,</span> <span class='ocrx_word' id='word_1_544' title='bbox 1576 2576 1675 2608; x_wconf 90' lang='lat' dir='ltr'>quam</span> <span class='ocrx_word' id='word_1_545' title='bbox 1692 2566 1856 2608; x_wconf 83' lang='lat' dir='ltr'><em>gerebant</em></span> <span class='ocrx_word' id='word_1_546' title='bbox 1879 2567 1914 2598; x_wconf 90' lang='lat' dir='ltr'>in</span> 
     </span>
     <span class='ocr_line' id='line_1_96' title="bbox 1220 2617 1693 2658; baseline -0.004 -9"><span class='ocrx_word' id='word_1_547' title='bbox 1220 2619 1377 2657; x_wconf 83' lang='lat' dir='ltr'>sinistris,</span> <span class='ocrx_word' id='word_1_548' title='bbox 1393 2617 1562 2658; x_wconf 65' lang='lat' dir='ltr'>petierat!</span> <span class='ocrx_word' id='word_1_549' title='bbox 1587 2618 1693 2648; x_wconf 78' lang='lat' dir='ltr'><em>Graev.</em></span> 
     </span>
    </p>

    <p class='ocr_par' dir='ltr' id='par_1_16' title="bbox 1220 2667 1913 2750">
     <span class='ocr_line' id='line_1_97' title="bbox 1263 2667 1913 2708; baseline 0.003 -9"><span class='ocrx_word' id='word_1_550' title='bbox 1263 2670 1337 2700; x_wconf 82' lang='lat' dir='ltr'>Non</span> <span class='ocrx_word' id='word_1_551' title='bbox 1362 2669 1464 2708; x_wconf 85' lang='lat' dir='ltr'><em>modo]</em></span> <span class='ocrx_word' id='word_1_552' title='bbox 1508 2669 1589 2708; x_wconf 90' lang='lat' dir='ltr'>Pro,</span> <span class='ocrx_word' id='word_1_553' title='bbox 1616 2677 1682 2699; x_wconf 91' lang='lat' dir='ltr'>nou</span> <span class='ocrx_word' id='word_1_554' title='bbox 1708 2667 1808 2699; x_wconf 89' lang='lat' dir='ltr'>modo</span> <span class='ocrx_word' id='word_1_555' title='bbox 1835 2678 1913 2701; x_wconf 85' lang='lat' dir='ltr'><em>non.</em></span> 
     </span>
     <span class='ocr_line' id='line_1_98' title="bbox 1220 2718 1777 2750; baseline -0.005 0"><span class='ocrx_word' id='word_1_556' title='bbox 1220 2719 1298 2750; x_wconf 84' lang='lat' dir='ltr'>Vid.</span> <span class='ocrx_word' id='word_1_557' title='bbox 1315 2720 1442 2750; x_wconf 90' lang='lat' dir='ltr'>Notam</span> <span class='ocrx_word' id='word_1_558' title='bbox 1459 2718 1501 2749; x_wconf 88' lang='lat' dir='ltr'>ad</span> <span class='ocrx_word' id='word_1_559' title='bbox 1519 2728 1560 2749; x_wconf 89' lang='lat'>11.</span> <span class='ocrx_word' id='word_1_560' title='bbox 1579 2721 1608 2748; x_wconf 94' lang='lat' dir='ltr'>l.</span> <span class='ocrx_word' id='word_1_561' title='bbox 1624 2721 1656 2749; x_wconf 89' lang='lat'>6.</span> <span class='ocrx_word' id='word_1_562' title='bbox 1679 2718 1777 2749; x_wconf 79' lang='lat' dir='ltr'><em>Ber-n.</em></span> 
     </span>
    </p>

    <p class='ocr_par' dir='ltr' id='par_1_17' title="bbox 1220 2768 1913 2958">
     <span class='ocr_line' id='line_1_99' title="bbox 1264 2768 1911 2810; baseline 0 -10"><span class='ocrx_word' id='word_1_563' title='bbox 1264 2771 1281 2810; x_wconf 52' lang='grc' dir='ltr'>ς</span> <span class='ocrx_word' id='word_1_564' title='bbox 1298 2773 1316 2800; x_wconf 87' lang='grc'>7</span> <span class='ocrx_word' id='word_1_565' title='bbox 1344 2769 1510 2808; x_wconf 78' lang='lat' dir='ltr'>Causatus]</span> <span class='ocrx_word' id='word_1_566' title='bbox 1544 2768 1632 2799; x_wconf 82' lang='lat' dir='ltr'>Saxo</span> <span class='ocrx_word' id='word_1_567' title='bbox 1661 2777 1701 2799; x_wconf 90' lang='lat'>11.</span> <span class='ocrx_word' id='word_1_568' title='bbox 1728 2778 1761 2808; x_wconf 89' lang='lat' dir='ltr'>p.</span> <span class='ocrx_word' id='word_1_569' title='bbox 1779 2771 1832 2800; x_wconf 84' lang='lat'>38.</span> <span class='ocrx_word' id='word_1_570' title='bbox 1857 2771 1911 2801; x_wconf 89' lang='grc'>20.</span> 
     </span>
     <span class='ocr_line' id='line_1_100' title="bbox 1221 2816 1913 2859; baseline 0 -9"><span class='ocrx_word' id='word_1_571' title='bbox 1221 2820 1230 2837; x_wconf 86' lang='lat'><em>‘</em></span> <span class='ocrx_word' id='word_1_572' title='bbox 1246 2820 1431 2850; x_wconf 82' lang='lat' dir='ltr'>Fortunam</span> <span class='ocrx_word' id='word_1_573' title='bbox 1447 2827 1579 2859; x_wconf 86' lang='lat' dir='ltr'><em>quoque</em></span> <span class='ocrx_word' id='word_1_574' title='bbox 1592 2816 1798 2848; x_wconf 83' lang='lat' dir='ltr'>causabatur</span> <span class='ocrx_word' id='word_1_575' title='bbox 1811 2817 1831 2848; x_wconf 78' lang='lat'>2&#39;</span> <span class='ocrx_word' id='word_1_576' title='bbox 1856 2828 1913 2851; x_wconf 87' lang='lat'>111.</span> 
     </span>
     <span class='ocr_line' id='line_1_101' title="bbox 1221 2867 1913 2911; baseline -0.004 -9"><span class='ocrx_word' id='word_1_577' title='bbox 1221 2881 1253 2911; x_wconf 85' lang='lat' dir='ltr'>p.</span> <span class='ocrx_word' id='word_1_578' title='bbox 1271 2873 1323 2902; x_wconf 86' lang='lat'>42.</span> <span class='ocrx_word' id='word_1_579' title='bbox 1335 2872 1389 2900; x_wconf 77' lang='lat'>49.</span> <span class='ocrx_word' id='word_1_580' title='bbox 1413 2870 1421 2885; x_wconf 93' lang='lat'>‘</span> <span class='ocrx_word' id='word_1_581' title='bbox 1435 2867 1650 2900; x_wconf 90' lang='lat' dir='ltr'>Occultantis</span> <span class='ocrx_word' id='word_1_582' title='bbox 1667 2876 1702 2898; x_wconf 87' lang='lat' dir='ltr'>se</span> <span class='ocrx_word' id='word_1_583' title='bbox 1720 2867 1811 2907; x_wconf 85' lang='lat' dir='ltr'>regis</span> <span class='ocrx_word' id='word_1_584' title='bbox 1828 2867 1913 2899; x_wconf 86' lang='lat' dir='ltr'>iner-</span> 
     </span>
     <span class='ocr_line' id='line_1_102' title="bbox 1220 2918 1913 2958; baseline -0.003 -5"><span class='ocrx_word' id='word_1_585' title='bbox 1220 2921 1302 2953; x_wconf 82' lang='lat' dir='ltr'>tiam</span> <span class='ocrx_word' id='word_1_586' title='bbox 1331 2922 1513 2952; x_wconf 83' lang='lat' dir='ltr'>causantur</span> <span class='ocrx_word' id='word_1_587' title='bbox 1530 2918 1549 2951; x_wconf 87' lang='lat'>:&#39;</span> <span class='ocrx_word' id='word_1_588' title='bbox 1587 2926 1665 2949; x_wconf 79' lang='grc' dir='ltr'><strong>Χιν.</strong></span> <span class='ocrx_word' id='word_1_589' title='bbox 1695 2927 1728 2958; x_wconf 86' lang='lat' dir='ltr'>p.</span> <span class='ocrx_word' id='word_1_590' title='bbox 1760 2920 1836 2950; x_wconf 83' lang='grc'><strong>272.</strong></span> <span class='ocrx_word' id='word_1_591' title='bbox 1860 2921 1913 2951; x_wconf 85' lang='grc'>41.</span> 
     </span>
    </p>
   </div>
  </div>
 </body>
</html>
