2101 3419
498 369 749 409 immensos
785 377 1064 408 enrrionun
1099 376 1312 407 JUS'rlNl.
1515 365 1627 405 1063

182 478 461 529 (hronologieis
487 477 694 523 annotavit,
716 476 866 526 Prologi
887 475 1000 513 etiam
1022 488 1108 513 eum
1130 472 1448 524 castigationibus
1471 478 1509 511 et
1529 472 1629 510 notis

182 545 382 594 leguntur:
413 548 581 581 ceterum
614 555 661 579 ex
697 541 794 578 Mss.
817 537 1051 589 Anglicanis,
1073 543 1210 588 utpote
1227 537 1338 575 valde
1358 536 1624 581 inemendatis,

183 607 244 644 vix
278 607 488 658 quidquam
520 605 680 643 subsidii
703 604 749 642 ad
772 604 858 642 illos
883 602 1125 652 castigandos
1145 601 1372 652 exsculpere
1393 615 1432 639 se
1452 602 1626 652 potuisse

181 671 335 709 fatetur.
392 675 402 691 ‘
425 669 735 718 Qualescumque
766 667 881 714 ver0‚’
914 667 1054 717 inquit,
1085 671 1095 688 ‘
1117 672 1206 705 sunt
1238 666 1299 704 isti
1334 666 1502 716 Prologi‚
1537 679 1626 704 cum

184 735 322 773 Justini
352 733 625 771 abbreviatoris
655 730 926 782 negligentiam
957 730 1157 780 detegant,
1176 736 1216 768 et
1236 730 1493 768 Historiarum
1511 731 1631 781 Trogi

184 798 315 836 seriem
338 795 555 841 ostendant,
577 795 762 846 pluraque
780 793 1005 839 exhibeant,
1027 805 1115 843 quae
1134 793 1169 831 in
1190 793 1341 831 Justino
1361 793 1502 832 frustra
1524 808 1631 845 quae-

184 874 327 906 ramus,
349 860 449 898 haud
479 860 530 897 ab
562 872 600 896 re
634 858 756 896 visum
788 857 872 903 fuit,
895 865 937 896 nt
967 857 1078 895 simul
1098 870 1186 895 eum
1207 857 1477 895 abbreviatore
1495 866 1629 898 nostro

184 925 399 969 ederentur,
422 923 616 974 praecipue
648 935 734 961 cum
770 921 925 960 codices
958 920 1093 968 nostri,
1114 927 1155 959 et
1183 920 1263 958 duo
1289 921 1401 959 etiam
1421 935 1441 959 e
1461 923 1630 973 Bongar-

187 988 316 1033 sianis,
336 987 527 1027 Justiuum
558 987 683 1037 ipsum
717 998 845 1023 eorum
879 991 1076 1024 auctorem
1109 991 1336 1036 agnoscant.
1393 987 1480 1024 Hoc
1502 1000 1591 1025 vero
1612 1001 1632 1025 a

185 1052 345 1090 librariis
374 1051 556 1101 imperitis
584 1050 785 1100 adjectum
815 1056 934 1100 puto;
966 1063 1104 1089 nomen
1123 1049 1271 1100 quippe
1294 1047 1465 1101 Prologi
1484 1050 1540 1100 (in
1561 1051 1634 1101 sig-

187 1114 409 1153 nificatione
441 1127 518 1164 qua
554 1114 616 1153 hie
652 1116 874 1165 usurpatur)
892 1120 947 1152 est
979 1114 1210 1160 barbarum;
1240 1128 1285 1152 ex
1306 1127 1383 1164 quo
1402 1121 1441 1152 et
1460 1114 1552 1152 illud
1576 1115 1631 1152 in-

187 1178 354 1228 telligere
389 1191 608 1229 possumus,
638 1190 769 1216 eorum
803 1184 1016 1224 auctorem,
1038 1178 1271 1229 quicumque
1303 1178 1364 1216 ille
1398 1178 1527 1225 fuerit,
1547 1191 1633 1216 eru-

186 1242 276 1279 ditis
308 1241 380 1279 illis
414 1241 650 1291 temporibus
679 1253 756 1278 non
787 1240 946 1286 vixisse,
967 1241 1053 1291 quis
1075 1241 1236 1279 honesta
1255 1240 1442 1279 Latinitas
1464 1241 1632 1292 vigebat.

188 1306 344 1344 phrasis
369 1306 442 1343 ista
472 1307 515 1343 in
545 1318 708 1351 excessu,
729 1318 806 1355 qua
833 1305 1044 1356 soepissime
1066 1305 1197 1350 utitur,
1218 1304 1314 1342 nihil
1334 1305 1437 1343 aliud
1459 1306 1632 1353 denotat,

188 1381 302 1418 quam
328 1382 400 1419 per
432 1368 708 1419 digressionem
723 1380 735 1404 .·
764 1367 867 1406 unde
897 1368 1114 1418 suspicatur
1133 1368 1381 1406 acutissimus
1401 1375 1438 1406 et
1458 1369 1635 1419 politissi-

188 1445 270 1469 mus
298 1433 396 1469 Tan.
431 1432 570 1477 Faber,
592 1431 782 1469 hominem
816 1432 1042 1470 Graeculum
1077 1432 1205 1477 fuisse,
1238 1431 1382 1482 quippe
1417 1432 1468 1470 ita
1502 1433 1634 1472 Graeei

189 1495 322 1533 dicunt
341 1496 380 1532 ἐν
400 1493 642 1544 παρεκβάσει,
665 1495 723 1532 vel
743 1494 803 1532 διὰ
824 1494 1111 1544 παρεκβάσεως.’

245 1558 346 1602 1706
376 1557 666 1596 Amstelodami.
691 1557 752 1597 16.
773 1559 875 1609 apud
897 1558 1401 1609 Janssonio-Waesbergios.
1460 1559 1502 1596 In
1524 1558 1635 1598 titulo

190 1620 355 1659 dieitur:
388 1625 397 1641 ‘
419 1621 546 1659 Editio
574 1622 708 1660 ceteris
735 1622 970 1661 emendatior
990 1629 1029 1661 et
1048 1622 1276 1661 variantibus
1296 1622 1528 1661 lectionibus
1548 1636 1637 1662 auc⁴

192 1683 293 1720 tior.’

248 1753 348 1790 1707
377 1748 667 1786 Amstelodami.
693 1754 750 1787 12.
772 1762 818 1786 ex
840 1761 916 1786 ree.
939 1748 1161 1787 Graeviana.

248 1815 346 1853 1708
377 1811 552 1861 Trajecti
572 1812 618 1849 ad
641 1813 763 1850 Rhen.
789 1817 824 1850 3.
848 1825 881 1850 c.
904 1825 939 1849 n.
961 1813 996 1850 J.
1019 1813 1166 1862 Georg.
1188 1812 1344 1850 Graevii.

247 1879 346 1919 1709
374 1874 540 1912 Parisiis.
576 1881 632 1914 1⁴2.
665 1888 751 1913 eum
783 1875 1014 1925 pereruditis
1048 1876 1083 1912 in
1120 1876 1305 1926 Prologos
1341 1876 1376 1913 in
1414 1876 1503 1914 hist.
1540 1876 1636 1914 Phil.

190 1937 307 1986 Trogi
336 1938 470 1988 Pomp.
492 1939 593 1976 notis
615 1939 777 1977 Abbatis
798 1939 844 1977 de
867 1940 1114 1988 Longuerue3
1147 1952 1242 1990 quas
1257 1940 1341 1989 jani
1362 1945 1475 1977 autea
1497 1940 1635 1978 Bernh,

195 1999 516 2039 Montefalconius
536 2001 584 2039 ad
607 2001 751 2040 calcem
773 2003 890 2041 Diarii
909 2004 966 2041 sni
988 2003 1111 2040 Italici
1130 2009 1368 2053 reposuerat.

243 2085 294 2092 --
315 2064 466 2115 Lipsiae.
492 2071 552 2104 12.
575 2079 609 2103 e.
632 2080 669 2104 n.
691 2066 892 2105 Junekeri.

248 2132 348 2172 1710
376 2128 548 2177 Trajeeti
583 2129 630 2167 ad
663 2129 850 2168 Rhenum.
885 2137 919 2169 8.
950 2130 1092 2169 Justini
1122 2130 1302 2169 Historiae
1329 2130 1570 2182 Philippicae,
1591 2145 1638 2168 ex

191 2191 409 2229 recensione
428 2192 489 2230 Jo.
512 2194 658 2243 Georg.
682 2194 840 2239 Graevii,
861 2207 949 2232 cum
969 2194 1144 2244 ejusdem
1166 2194 1498 2244 castigationibus.
1535 2195 1637 2233 Tram

187 2254 284 2301 jeeti
304 2255 351 2292 ad
374 2255 448 2293 Rh.
470 2256 569 2307 typis
590 2257 698 2296 Gnil.
720 2258 844 2296 vande
865 2258 997 2297 Water
1017 2264 1055 2296 et
1076 2259 1183 2297 Guil.
1208 2258 1416 2296 Broedelet.

249 2323 346 2360 1712
378 2319 666 2358 Amstelodami.
688 2326 753 2360 24.

252 2385 349 2422 1713
381 2380 560 2419 Londini.
585 2387 644 2420 1⁶2.
666 2383 722 2420 M.
743 2382 896 2421 Juniani
921 2383 1064 2422 Justini
1085 2398 1132 2422 ex
1151 2382 1284 2434 Trogo
1317 2384 1502 2435 Pompeio
1533 2383 1638 2422 Libri

197 2451 316 2486 ξων.
347 2455 435 2480 cum
462 2443 599 2482 indice.
622 2445 806 2493 (Curante
826 2446 950 2485 Mieh.
973 2446 1199 2495 Maittaire.)
1221 2447 1401 2493 Londini,
1422 2461 1468 2485 ex
1488 2447 1637 2486 officina

194 2505 333 2543 Jacobi
350 2505 508 2543 Tonson
529 2513 568 2545 et
587 2508 772 2547 Johannis
793 2511 931 2547 Watts.

252 2573 352 2610 1715
383 2568 537 2618 Lipsiae.
575 2578 633 2610 12.
666 2584 699 2610 c.
733 2585 770 2609 n.
801 2572 998 2611 Junckeri.
1033 2573 1231 2611 Sumtibus
1261 2573 1321 2611 Jo.
1345 2573 1444 2611 Lud.
1466 2573 1638 2612 Gledits-

201 2631 289 2668 [hii.

252 2701 354 2739 1717
382 2697 566 2746 Augustae
587 2696 709 2736 Videl.
731 2704 767 2737 S.
789 2711 823 2737 c.
844 2712 882 2737 n.
903 2701 1038 2738 Germ.
1059 2700 1108 2737 ad
1130 2699 1286 2738 modum
1309 2699 1466 2738 Sinceri.

255 2761 354 2802 1719
383 2760 634 2798 Gronoviana
663 2772 691 2798 1.
715 2766 751 2800 8.
772 2762 908 2801 Justini
931 2763 1110 2801 Historiae
1129 2763 1359 2813 Philippicae
1377 2775 1466 2800 eum
1486 2761 1639 2813 integris

198 2822 477 2860 commentariis
494 2823 576 2861 Jac.
598 2825 809 2877 Bongarsii,
828 2826 963 2864 Frane.
986 2825 1124 2872 Modii,
1147 2826 1293 2864 Matth.
1314 2825 1555 2871 Beruecceri,
1579 2828 1636 2864 M.

198 2883 237 2920 Z,
259 2885 477 2933 Boxhornii,
501 2888 549 2927 Is.
575 2888 711 2936 vossii,
732 2889 794 2928 Jo.
818 2891 876 2929 Fr.
899 2891 1099 2938 Gronovii,
1120 2891 1154 2930 J.
1178 2891 1229 2930 G.
1251 2890 1411 2938 Graevii,
1431 2891 1481 2929 Τ.
1510 2891 1637 2938 Fabri,
