2174 3424
638 362 832 394 JUS'rlNl
869 362 961 391 [AB.
995 361 1034 389 v.
1071 362 1173 391 CAP.
1209 351 1272 391 10.

240 457 390 498 (llioiiph.
403 459 477 488 303.
492 453 648 496 Δράσαντι
658 454 932 496 παθεῖν,Τρι’γέρων

236 508 328 546 μῦθος
339 505 411 537 τάδε
426 507 525 546 φωνεῖ.
563 507 662 537 Bern.

282 558 448 588 Castellum
461 556 598 597 Phylen]
634 556 753 597 Steph.
779 555 820 586 de
847 554 932 586 Urb.

237 607 352 648 Χωρίον
367 611 491 638 vocant
502 607 591 637 Xen.
608 611 645 637 et
656 606 760 637 Diod.
785 606 888 645 Bong.

280 658 298 698 ᾧ
328 659 347 688 7
375 657 534 695 Crudeles,
562 656 630 697 ἐξα]
677 656 788 696 Boug.
815 660 850 687 et
877 655 933 686 alii

236 706 369 738 crudelis
397 706 590 737 ediderunt.
649 705 806 744 Praetrrli,
843 704 933 746 quod

238 757 321 787 Mss.
337 756 436 787 codd.
451 756 523 797 ipso
545 754 715 787 referente
731 757 839 796 Bong.
856 765 931 796 pro-

237 806 332 845 bant,
361 815 437 837 cum
468 807 656 846 praesertim
685 805 818 837 Auctor
851 806 930 837 alibi

237 865 371 897 quoque
383 856 392 873 ‘
402 856 571 887 miserari'
583 866 658 888 cum
671 856 930 896 aceus.jungat:

238 911 275 937 ut
290 915 369 937 vnr.
392 910 423 937 5.
446 909 499 937 13.
522 915 587 937 xn.
612 910 643 937 5.
663 908 694 937 8.
719 915 838 937 xxvu.
855 909 884 936 l.
901 910 932 937 5.

236 964 368 987 xxvm.
380 958 411 987 4.
425 958 475 986 12.
498 957 666 988 Beneccer.
694 956 836 987 Crudelis
850 957 931 987 Ber-

236 1015 332 1038 necc.
347 1007 381 1037 in
396 1007 530 1037 crudeles
544 1006 688 1038 mutavit
701 1017 710 1045 ;
735 1006 825 1048 quod
839 1016 933 1037 vere-

237 1060 341 1096 retur,
370 1065 413 1086 ne
436 1056 568 1087 crudelis
593 1066 655 1096 pro
680 1066 762 1087 casu
784 1056 932 1087 secundo

237 1115 327 1136 num.
365 1106 449 1145 sing.
481 1106 675 1138 haberetur.
729 1107 870 1145 Verum,
905 1107 932 1137 si

236 1157 380 1188 maxime
406 1158 540 1188 crudelis
575 1159 720 1198 legatur,
749 1162 862 1198 potest
898 1158 932 1188 id

237 1208 446 1239 nihilominus
462 1218 522 1248 pro
537 1208 698 1239 vocabulo
709 1208 822 1248 quarti
835 1217 932 1238 casus

237 1263 273 1289 et
285 1258 422 1298 pluralis
434 1258 564 1290 numeri
576 1258 704 1289 haberi.
734 1258 805 1289 Vor.

279 1309 333 1349 §9
359 1308 488 1349 Lysias]
526 1309 635 1339 Paulo
657 1308 755 1339 aliter
781 1308 876 1340 Plut.
898 1308 932 1339 in

237 1358 327 1389 Vitis
344 1359 540 1398 Rhemum,
555 1367 654 1399 quem
672 1357 737 1388 vid.
764 1358 870 1397 Bong.

284 1409 368 1439 Exul
379 1408 466 1448 tuuc]
503 1408 582 1439 Non
598 1408 776 1448 improbo;
799 1412 933 1439 tantum

238 1458 391 1499 relinquo
417 1458 591 1499 cogitand.
620 1468 696 1489 cum
720 1459 753 1489 in
781 1459 864 1489 Mss.
889 1458 933 1488 sit

238 1508 391 1548 exultans,
418 1513 530 1538 utrum
553 1518 620 1539 non
647 1508 736 1540 Just.
759 1507 935 1548 scripserit

238 1562 274 1588 et
286 1557 498 1589 distinxerit:
513 1561 543 1589 et
554 1558 632 1598 Lys.
646 1558 840 1599 Synorator,
853 1559 935 1597 exul,

238 1610 340 1638 tamen
351 1619 380 1648 q.
396 1618 437 1638 m.
450 1609 502 1646 &a
548 1607 727 1639 Efficacius
740 1617 818 1639 sane
834 1613 934 1639 esset.

238 1657 386 1688 Tantum
410 1658 588 1689 miseratus
619 1662 672 1688 est
698 1656 862 1696 Athenas,
882 1662 934 1697 ut,

238 1707 321 1738 licet
333 1711 425 1738 esset
443 1708 536 1747 exul,
551 1711 651 1747 atque
665 1706 750 1737 adeo
762 1707 833 1747 ipse
848 1716 933 1746 opus

237 1757 380 1788 haberet
402 1757 550 1788 subsidio
573 1758 725 1793 aliorum,
749 1761 860 1787 tamen
883 1761 934 1788 tot

239 1807 368 1838 miserit
382 1807 430 1838 eis
446 1808 478 1838 in
495 1807 667 1838 auxilium.
691 1806 796 1843 Schef.

279 1857 404 1888 Patriae
417 1857 582 1888 communis
590 1856 782 1897 eloquentiae]
805 1856 876 1887 Cic.
891 1855 934 1887 de

238 1907 336 1939 Orat.
351 1910 421 1939 1.4.
458 1908 468 1925 ‘
488 1906 632 1938 Athenis
648 1917 777 1938 summa
799 1907 933 1938 dicendi

238 1958 288 1988 vis
305 1962 340 1989 et
355 1958 490 1989 inventa
506 1962 557 1989 est
572 1962 608 1988 et
623 1956 796 1998 perfecta?
831 1957 883 1988 Id.
899 1958 932 1987 in

238 2009 346 2040 Bruto
368 2018 443 2049 cap.
460 2011 511 2039 10.
552 2008 561 2024 ‘
576 2008 616 2039 In
640 2018 682 2039 ea
696 2008 779 2039 urbe
803 2012 839 2039 et
854 2012 933 2039 nata

239 2063 276 2090 et
291 2060 358 2091 alta
373 2064 424 2090 est
446 2057 660 2100 eloquentia!
694 2057 783 2090 Add.
799 2058 889 2090 Vell.
905 2067 931 2089 Ι.

238 2107 296 2141 fin.
312 2113 349 2140 et
364 2110 480 2140 Nostr.
497 2118 537 2140 11.
553 2111 585 2140 6.
598 2111 631 2139 6.
662 2109 761 2139 Rern.

279 2161 355 2200 §10
389 2160 535 2191 Securius
562 2158 771 2199 pugnaretur]
807 2159 933 2190 Maluit

237 2210 325 2242 Sich.
341 2209 420 2241 olim
444 2211 555 2250 legere
578 2209 716 2241 incurius
737 2219 812 2250 pug.
828 2209 932 2241 credo

238 2262 328 2302 quod
343 2261 392 2292 ita
415 2261 449 2292 in
473 2265 558 2292 vett.
579 2260 674 2291 libris
693 2259 817 2301 (neque
843 2260 932 2291 enim

240 2311 369 2342 solebat
405 2316 533 2342 temere
563 2309 690 2351 aliquid
721 2310 754 2340 in
783 2310 931 2341 classicis

239 2361 462 2403 scriptoribus
489 2359 681 2400 immutare)
703 2359 790 2390 hunc
819 2360 841 2390 l.
864 2359 932 2400 legi

239 2410 531 2452 deprehendisset,
553 2415 588 2442 et
612 2410 752 2450 probam
778 2419 852 2440 eam
876 2420 932 2441 vo-

240 2470 313 2492 cem
340 2464 509 2500 censeret,
538 2464 574 2491 et
603 2459 645 2491 ad
673 2469 773 2501 quem
796 2459 932 2490 modum

239 2509 405 2551 Apuleius
427 2511 437 2528 ‘
455 2520 578 2551 agnum
592 2508 818 2541 incuriosum’
844 2509 932 2540 dixit

239 2561 407 2602 pinguem,
418 2561 512 2602 quasi
524 2571 613 2592 curae
622 2565 815 2601 expertem3
830 2560 932 2601 quod,

240 2611 297 2652 qui
311 2620 390 2643 cura
402 2616 526 2642 vacant
540 2616 576 2642 et
591 2611 819 2651 solicitudine,
842 2611 933 2642 citis-

239 2661 320 2692 sime
356 2661 591 2702 pinguescant.
649 2662 772 2704 Neque
808 2671 933 2692 novum

240 2720 321 2742 sane
333 2712 440 2742 videri
450 2712 553 2743 debet
563 2712 626 2744 hoc
639 2723 646 2743 :
661 2722 736 2744 cum
750 2716 785 2743 et
795 2712 933 2744 Lucret.

239 2761 248 2778 ‘
265 2761 429 2793 intactus’
454 2762 589 2802 dixerit,
614 2768 649 2794 et
672 2764 738 2794 Ov.
769 2764 778 2780 ‘
794 2762 934 2793 inambi-

241 2810 366 2851 tiosus,'
394 2817 430 2844 et
458 2814 534 2844 Seu.
578 2813 587 2830 ‘
610 2812 873 2854 inperpetuum‚’
897 2818 932 2844 et

242 2860 387 2893 Tei-tull.
409 2864 417 2879 ‘
435 2862 599 2903 inbonus,’
623 2868 658 2894 et
690 2863 815 2894 Arnob.
840 2863 932 2895 ‹leni-

1595 349 1682 391 725

982 463 1048 494 que
1086 455 1094 471 ‘
1114 454 1255 485 inodor.'
1289 455 1375 485 Mod.
1432 454 1607 486 Accurata
1622 454 1681 485 illa

983 504 1074 535 Sich.
1093 504 1145 534 ed.
1163 505 1265 534 Basil.
1278 505 1381 535 habet
1396 505 1542 543 incurius,
1555 514 1596 535 ex
1614 514 1679 544 quo

985 554 1136 584 Freinsh.
1152 553 1235 584 facit
1252 554 1446 586 incuriosius.
1473 555 1678 586 Berneccer.

984 604 1111 634 Caussa
1127 613 1194 634 non
1219 609 1284 642 est,
1299 604 1340 634 ob
1366 614 1464 645 quam
1485 604 1521 634 τὸ
1543 605 1681 635 securius

983 653 1016 683 in
1031 653 1167 684 incurius
1187 654 1241 684 vel
1262 654 1431 684 incuriosus
1461 654 1586 685 debeat
1610 664 1681 684 mu—

984 704 1059 735 tari.
1105 704 1230 744 Secure,
1241 705 1262 735 i.
1277 714 1307 735 e.
1324 705 1497 745 segniter-3
1513 715 1580 736 non
1594 706 1682 736 serio

983 759 1113 795 pugnat
1133 754 1202 793 ille,
1217 755 1275 796 qui
1304 755 1424 786 alienae
1441 755 1680 786 dominationis

983 808 1123 835 conatus
1141 804 1230 836 bello
1245 806 1379 845 cogitur
1394 815 1603 846 promovere.
1638 808 1682 838 Et

984 855 1033 885 ita
1078 856 1262 896 loquuntur
1307 855 1428 897 optimi
1473 856 1681 897 Scriptores.

985 905 1091 935 Boxh.

1027 955 1044 994 ξ
1076 958 1113 985 11
1131 954 1344 995 Refugerunt]
1376 954 1485 986 Sebis.
1508 955 1682 995 refugiunt,

982 1009 1021 1035 ut
1048 1010 1202 1045 tempora
1221 1010 1421 1045 congruant.
1464 1005 1531 1036 Sed
1555 1004 1682 1036 Aucto-

984 1064 1055 1086 rem
1070 1056 1182 1087 talium
1199 1056 1405 1087 incuriosum
1423 1056 1546 1096 passim
1562 1056 1684 1096 depre-

983 1106 1121 1138 hendas.
1144 1107 1326 1138 Berueccer.
1380 1107 1482 1147 Angl.
1509 1105 1681 1146 refugiunt.

983 1157 1112 1196 Probo,
1142 1157 1220 1198 qnia
1248 1157 1414 1198 praecedit
1447 1158 1455 1173 ‘
1475 1157 1682 1195 vincuntur‚⁷

983 1207 1065 1237 item
1082 1207 1160 1248 quia
1177 1208 1330 1249 sequitur
1353 1209 1362 1225 ‘
1381 1207 1553 1249 spoliant‚'
1568 1209 1683 1239 simili-

983 1256 1043 1287 bus
1060 1258 1280 1298 temporibus.
1304 1257 1405 1296 Sches.

1028 1307 1224 1339 Exhaustum
1249 1308 1382 1339 coedibus
1401 1308 1477 1347 suis,
1493 1308 1563 1348 ξω]
1596 1309 1682 1339 H‘aec

984 1366 1056 1398 seq.
1092 1358 1189 1388 modo
1224 1358 1383 1389 videntur
1419 1358 1681 1399 distinguenda:

983 1407 1055 1438 exli.
1070 1408 1212 1448 caedibus,
1225 1408 1290 1438 suis
1310 1408 1406 1439 etium
1421 1409 1516 1439 armis
1538 1410 1682 1449 spoliant.

985 1456 1091 1487 Gron.

1027 1507 1044 1546 ᾧ
1062 1509 1101 1537 14
1124 1506 1259 1546 Accitis]
1281 1507 1430 1538 Sebisius
1441 1508 1574 1548 acceptis
1587 1507 1680 1547 legit.

984 1556 1167 1587 Berneccer.
1202 1557 1279 1587 Hoc
1289 1556 1397 1586 accitis
1411 1556 1468 1587 vix
1483 1562 1536 1588 est
1551 1567 1680 1588 sanum.

983 1607 1096 1646 Magis
1115 1606 1220 1646 probo
1236 1606 1387 1646 acceptis.-
1410 1606 1471 1637 nisi
1493 1606 1566 1648 quis
1584 1611 1682 1647 putet

984 1656 1160 1695 scripsisse
1181 1657 1274 1688 Just.
1301 1656 1423 1688 excitis.
1470 1658 1514 1688 Et
1541 1663 1680 1696 usurpat

984 1707 1112 1738 Noster
1126 1707 1206 1738 alibi
1227 1717 1362 1748 quoque
1378 1708 1438 1738 tali
1457 1717 1568 1740 sensu.
1599 1709 1680 1739 Vid.

982 1769 1023 1790 11.
1040 1763 1069 1792 4.
1085 1763 1138 1791 22.
1164 1759 1269 1797 Schef.

1026 1811 1043 1850 ᾗ
1074 1814 1112 1841 15
1146 1810 1281 1851 Critias]
1314 1809 1376 1846 Τὴν
1400 1809 1562 1848 ἡγεμονίαν
1588 1809 1680 1849 ἔχων,

983 1860 1087 1891 Diod.
1113 1869 1190 1891 xrv.
1217 1863 1269 1892 34.
1313 1860 1322 1877 ‘
1340 1861 1421 1891 Dux
1442 1861 1681 1900 tyrannorum'

984 1909 1087 1941 Prob.
1105 1910 1114 1926 ‘
1127 1909 1405 1941 Crudelissimum
1414 1910 1559 1941 omnium
1571 1915 1683 1951 tyran-

983 1969 1101 1990 norum
1115 1960 1124 1974 '
1149 1964 1250 1991 vocat
1265 1960 1422 1991 Lactant.
1442 1969 1498 1992 111.
1523 1960 1567 1992 de
1584 1962 1681 1993 Falsa

984 2009 1063 2050 Sap.
1088 2010 1191 2049 Bong.

1027 2060 1251 2100 Hippolochus]
1305 2060 1363 2091 Ita
1408 2060 1536 2092 habent
1582 2063 1679 2094 Vett.

983 2119 1109 2142 omnes.
1144 2111 1227 2151 Ejus
1245 2110 1348 2142 Diod.
1366 2115 1401 2142 et
1413 2111 1516 2142 Prob.
1529 2121 1594 2143 non
1613 2123 1681 2143 me-

982 2161 1164 2192 minerunt.
1211 2161 1302 2192 Xen.
1326 2170 1368 2192 11.
1406 2161 1452 2192 H.
1470 2161 1529 2193 Gr.
1568 2163 1576 2178 ‘
1596 2162 1682 2202 Hip-

983 2211 1202 2252 pomachum'
1239 2216 1353 2253 vocat,
1380 2213 1548 2253 quomodo
1576 2213 1681 2243 habet

984 2263 1048 2294 Ed.
1071 2264 1159 2302 vulg.
1193 2263 1348 2302 Bongars.
1392 2262 1449 2293 Ita
1471 2273 1552 2294 sane
1572 2263 1680 2294 Codd.

983 2314 1067 2344 Mss.
1079 2322 1206 2352 omnes,
1221 2322 1304 2353 quos
1318 2311 1452 2353 quidem
1462 2313 1570 2353 Bong.
1583 2313 1680 2345 vidit.

982 2362 1049 2393 Sed
1065 2362 1197 2402 legend.
1211 2366 1323 2393 tamen
1336 2361 1361 2392 f.
1388 2362 1628 2403 Himamachus,
1644 2367 1679 2393 ut

983 2413 1070 2444 Xen.
1096 2422 1136 2444 11.
1175 2412 1219 2443 H.
1245 2412 1308 2443 Gr.
1334 2416 1445 2443 vocat.
1490 2412 1607 2443 Habet
1631 2413 1680 2444 ita

984 2461 1048 2492 Ed.
1068 2462 1183 2493 Colon.
1200 2466 1236 2492 et
1249 2461 1282 2491 in
1299 2471 1405 2501 marg.
1422 2461 1487 2492 Ed.
1513 2462 1678 2493 Sichardi.

983 2513 1109 2542 Paulus
1125 2521 1258 2553 quoque
1275 2511 1472 2551 Leopardus
1486 2511 1532 2542 ita
1543 2512 1677 2551 legend.

983 2561 1125 2592 censuit.
1161 2561 1241 2591 Pari
1257 2560 1355 2591 modo
1373 2570 1421 2591 ιν.
1438 2565 1468 2593 5.
1481 2564 1512 2592 7.
1547 2562 1679 2603 Eurylo-

982 2612 1054 2642 chus
1070 2616 1142 2642 erat
1158 2620 1218 2651 pro
1231 2611 1440 2650 Eurymedon.
1469 2612 1551 2642 Vor-

1025 2662 1112 2693 CAP.
1130 2670 1163 2692 x.
1199 2662 1216 2701 ᾧ
1238 2663 1255 2691 l
1284 2660 1389 2699 Major
1411 2670 1485 2700 pars
1509 2661 1677 2692 Athenien-

982 2711 1076 2751 sium]
1102 2713 1226 2742 Lucan.
1238 2719 1274 2741 x.
1288 2713 1362 2741 403.
1405 2711 1415 2726 ‘
1432 2710 1516 2741 Pars
1534 2712 1678 2744 maxima

983 2763 1091 2793 turbae
1106 2761 1222 2793 Plebis
1235 2765 1308 2791 erat
1322 2760 1453 2792 Latiae!
1479 2762 1551 2792 Liv.
1566 2756 1677 2794 imm.

984 2816 1036 2843 35.
1067 2814 1076 2829 ⁴
1092 2813 1140 2843 Ea
1157 2812 1302 2842 maxima
1319 2821 1393 2851 pars
1407 2812 1562 2843 volonum
1578 2814 1676 2844 erat!

985 2863 1036 2894 Id.
1069 2871 1169 2893 xxxv.
1202 2864 1252 2892 16.
1298 2863 1306 2877 ‘
1331 2862 1375 2892 Et
1399 2871 1437 2893 ea
1464 2863 1571 2902 major
1601 2873 1675 2904 pars
