2101 3419
401 355 514 398 1036

852 364 993 394 NOTAE
1028 364 1296 396 VARIORUM
1331 365 1383 396 IN

443 460 596 491 Sescenta
611 459 709 491 millia
719 458 877 500 passuum]
911 459 998 492 Quae
1022 463 1100 491 sunt
1150 461 1184 490 2.
1201 461 1233 491 6.
1259 459 1334 490 Val.
1345 458 1396 490 Μ.
1411 460 1512 489 111.3.
1524 456 1583 489 fin.
1599 457 1758 498 Bongars.
1785 457 1854 490 Ex·

401 509 513 540 stadia
539 511 636 540 4300.
688 509 799 540 Strab.
816 518 871 540 111.
900 518 932 549 p.
950 511 1022 540 111.
1045 511 1099 540 46.

401 559 598 590 Tarracone
613 558 654 589 ad
667 559 910 600 Pampelonem
926 559 1102 600 ipsamque

404 609 537 641 Oceani
564 619 658 640 oram
689 609 801 641 stadia
822 614 979 641 numerat
1005 612 1101 640 2400.

403 663 547 691 tantum.
593 658 641 691 At
657 669 737 691 vero
758 659 860 690 Diod.
876 668 929 690 lv.
943 663 995 692 35.
1033 660 1104 700 Py·

403 718 531 741 renaeos
564 709 612 741 ait
640 710 673 741 in
711 710 957 751 longitudinem
993 710 1104 741 stadia

404 760 480 792 fere
518 762 614 793 3000.
654 760 805 792 extendi.
843 761 942 793 Idem.
1000 761 1104 800 Puta,

404 810 562 851 spatium.
606 809 654 841 At
688 810 753 842 hoc
790 819 853 851 per
883 810 1106 851 tautologiam

405 861 560 892 dicetur:
587 860 733 901 spatium
755 862 879 892 montis
903 860 1008 893 efficit
1028 871 1106 901 spa-

406 911 492 942 tium
529 916 582 942 tot
611 921 780 951 passuum.
836 911 972 944 Quanto
1002 912 1106 952 igitur

406 962 533 992 rectius
549 962 582 992 iu
599 962 683 993 Mss.
699 963 807 1002 Bong.
824 961 949 1002 legitur
963 961 1038 992 DC.
1054 961 1107 992 M.

404 1021 525 1052 passus,
555 1012 578 1043 i.
610 1021 640 1044 e.
676 1012 848 1043 sexcenties
872 1012 954 1043 mille
976 1009 1107 1052 passus?

407 1061 538 1092 Vitium
555 1070 597 1091 ex
610 1061 760 1102 eo,quo‹1
774 1062 907 1092 litteras
917 1062 1108 1093 numerales

408 1112 492 1142 alius
506 1111 581 1150 hoc,
597 1112 680 1142 alius
708 1112 772 1142 alio
796 1111 896 1143 modo
922 1111 1110 1152 explicavit

408 1170 450 1192 ex
468 1161 621 1193 librariis.
652 1161 757 1200 Schef.

452 1213 469 1253 ᾧ
484 1215 523 1243 10
550 1213 691 1253 Undique
705 1212 826 1253 versus]
845 1212 986 1253 Vulgati
999 1216 1033 1243 et
1046 1212 1110 1243 duo

411 1261 494 1293 Mss.
517 1263 649 1302 undique
664 1263 821 1294 adversus.
865 1263 984 1293 Malim
1005 1273 1036 1293 u.
1056 1264 1110 1293 ad-

410 1313 490 1342 versi
516 1316 558 1343 et.
593 1312 760 1353 Bongars.
805 1312 944 1344 Acidal.
972 1313 1006 1344 in
1033 1313 1113 1344 Vel·

410 1362 531 1393 leianis
546 1362 762 1399 lectionibus,
776 1363 838 1394 sub
855 1362 970 1403 finem,
983 1373 1045 1404 pro
1056 1374 1113 1395 un·

411 1413 502 1453 dique
531 1423 646 1453 versus,
673 1413 791 1445 addita
816 1415 951 1455 copula,
978 1415 1115 1456 reponit

413 1463 656 1503 Apuleianum,
676 1468 707 1494 et
723 1464 856 1505 undique
871 1474 969 1505 secus,
984 1465 1006 1496 i.
1023 1474 1053 1495 e.
1071 1464 1113 1496 ab

413 1516 565 1547 omnibus
584 1516 745 1556 partibus.
790 1517 883 1557 Lego
898 1521 1010 1547 tamen
1025 1517 1114 1547 undi-

413 1576 470 1606 que
482 1575 601 1597 tersum
614 1566 713 1598 etiam
737 1577 792 1608 ap.
812 1566 915 1607 Apul.
933 1576 982 1598 ιν.
1008 1568 1056 1598 M.
1080 1572 1115 1599 et

415 1616 559 1657 Apolog.
575 1626 638 1648 nec
664 1617 762 1648 video
778 1627 838 1649 cur
861 1617 1041 1648 damnand.
1059 1618 1114 1649 sit.

415 1668 596 1698 Bemeccer.
641 1668 686 1698 Et
711 1668 867 1708 impressi
894 1673 929 1700 et
953 1668 1037 1699 Mss.
1059 1668 1115 1699 ha-

416 1717 499 1748 beut
512 1718 643 1757 undique
654 1718 788 1756 adversi,
802 1717 892 1756 quod
907 1717 1041 1749 videtur
1052 1727 1117 1748 me-

416 1767 491 1798 lius.
536 1767 621 1799 Sunt
638 1773 750 1799 autem
768 1769 899 1808 undique
912 1769 1044 1807 adversi,
1060 1768 1116 1809 qui

416 1817 639 1859 undecunque
675 1819 826 1856 veniant,
863 1819 988 1849 liabent
1014 1817 1115 1849 flatus

419 1868 501 1898 alios
516 1867 580 1898 sibi
596 1867 767 1899 adversos.
813 1868 917 1908 Cujus
935 1870 983 1898 rei
1005 1878 1117 1908 causa,

419 1915 499 1956 quia
525 1916 672 1957 undique
694 1916 778 1947 mari
808 1917 922 1948 cincta
950 1917 1118 1958 Hispania

420 1971 565 2006 excepto
587 1976 626 1997 eo
653 1967 772 2006 latere,
788 1977 853 2007 quo
872 1967 990 1997 Gauiae
1009 1967 1119 1997 adhae-

421 2020 486 2046 ret.
531 2017 615 2048 Cum
629 2026 708 2056 ergo
725 2015 824 2047 flatus
838 2024 975 2057 surgant
991 2027 1008 2047 e
1023 2017 1119 2056 mari,

420 2065 471 2105 fit,
501 2071 550 2105 ut,
581 2067 635 2107 qui
663 2066 704 2098 ab
733 2067 796 2097 hoc
821 2067 978 2097 oriuntur
1001 2068 1121 2106 latere,

422 2117 551 2157 spirent
584 2123 702 2148 contra
731 2127 801 2157 eoS,
831 2118 886 2158 qui
927 2123 1072 2158 surgunt
1100 2128 1120 2148 a

422 2167 528 2198 latere
539 2167 707 2207 opposito.
730 2166 834 2205 Schef.

467 2216 608 2248 Cluati·
645 2217 696 2256 §l
720 2215 829 2246 Animi
855 2217 895 2246 aa
918 2219 1043 2247 mortem
1066 2226 1121 2256 pa-

422 2267 502 2307 rati]
528 2268 587 2299 Sil.
601 2276 623 2299 1.
639 2270 713 2298 225.
733 2267 775 2298 de
796 2267 981 2308 Hispanis:
1013 2270 1022 2285 ‘
1041 2268 1122 2298 l’ro-

423 2320 502 2360 diga
518 2329 599 2360 gens
617 2320 748 2359 animae,
766 2323 802 2350 et
830 2329 1012 2360 properare
1028 2318 1123 2350 facil·

425 2371 504 2401 lima
529 2375 683 2401 mortem.
742 2370 911 2410 Namque,
933 2369 989 2400 ubi
1018 2375 1123 2400 traus-

426 2420 543 2452 cendit
558 2419 717 2451 florentes
739 2420 864 2450 viribus
880 2429 997 2458 annos,
1013 2418 1125 2459 Impa-

426 2472 513 2503 tiens
538 2471 601 2502 aevi
630 2470 761 2512 spernit
786 2469 918 2500 novisse
942 2474 1126 2509 senectam,

427 2523 473 2553 Et
488 2521 549 2552 fati
562 2521 681 2552 modus
695 2521 728 2551 in
745 2520 868 2551 dextra
884 2519 959 2550 est.’
983 2520 1081 2550 Bern.

471 2573 487 2613 ξ
501 2575 520 2603 2
536 2572 573 2602 Si
584 2569 837 2610 ext1·aneus,t3·c.]
867 2570 876 2586 ‘
893 2570 995 2601 Nulla
1004 2579 1126 2610 magna

428 2621 548 2653 civitas
568 2622 577 2638 ‘
590 2631 651 2652 nec
669 2621 734 2651 ulla
750 2620 908 2651 bellicosa
933 2621 1024 2651 natio
1037 2620 1044 2632 ¹
1067 2620 1126 2651 diu

430 2672 605 2712 quiescere
637 2675 765 2711 potest.
817 2671 853 2701 Si
882 2669 964 2701 foris
994 2671 1125 2701 hostem

429 2731 494 2752 uon
508 2721 643 2760 habeat,
655 2721 744 2751 domi
756 2720 928 2758 iuveniet‚'
946 2720 1018 2752 Liv.
1034 2729 1125 2752 xxx.

429 2776 482 2804 44.
508 2775 539 2802 6.
599 2772 675 2804 Quo
700 2771 840 2802 consilio
870 2771 1051 2802 etiamnum
1072 2782 1125 2812 ap.

434 2822 619 2861 Hispanos,
633 2820 715 2852 foris
731 2831 834 2861 arma,
850 2821 939 2852 domi
951 2822 1057 2862 quies.
1075 2822 1124 2854 Id.

474 2874 490 2912 ς
508 2876 525 2902 :3
546 2872 686 2912 Fortior]
702 2872 927 2912 &rib-potior.
960 2873 1111 2904 Gronov.

475 2923 491 2962 ἡ
509 2925 528 2953 4
547 2922 728 2953 Celebralur
742 2921 851 2962 etiam]
875 2922 954 2954 Vid.
968 2923 1126 2954 Liv.xxr.

1152 509 1299 549 emplum
1315 508 1413 548 Hisp.
1429 508 1631 539 constantiae
1651 508 1686 539 in
1704 513 1853 540 tormen·

1153 559 1197 591 tis
1212 559 1317 590 babet
1327 559 1428 590 etiam
1441 559 1521 591 Tac.
1532 568 1585 591 ιν.
1595 561 1650 590 45.
1671 558 1856 591 Strab.111.

1155 619 1190 651 p.
1208 613 1282 641 114.
1307 612 1360 640 25.
1405 608 1499 640 Add.
1525 618 1599 650 sup.
1629 617 1672 640 11.
1697 612 1729 641 9.
1753 611 1788 640 4.
1820 613 1859 640 et

1154 660 1245 693 Plin.
1268 669 1334 692 vu.
1353 662 1405 692 23.
1442 659 1596 700 δεη.Ερ.
1609 661 1663 691 47.
1678 661 1711 690 4.
1733 659 1835 690 Bem.

1197 713 1214 753 ξ
1230 715 1248 743 5
1262 712 1305 743 Et
1317 720 1403 742 arma
1415 709 1564 750 sanguine
1574 710 1710 750 ipsorum
1719 707 1860 749 cariora]

1156 762 1231 793 Liv.
1246 770 1376 793 xxxw.
1394 763 1445 793 17.
1463 763 1495 792 6.
1542 760 1717 801 Hispanos
1733 760 1861 800 pleros-

1157 822 1221 853 que
1248 812 1313 843 sibi
1340 821 1459 842 manus
1489 811 1647 843 attulisse
1673 810 1784 842 refert
1813 809 1858 842 ob

1158 863 1317 903 adempta
1331 871 1422 893 arma
1436 873 1445 893 ι
1467 861 1478 879 ⁴
1494 861 1593 893 ferox
1609 861 1714 902 gens‚'
1737 860 1862 903 inquit,

1158 912 1308 943 ‘nullam
1332 911 1436 943 vitam
1460 912 1523 943 rati
1549 912 1622 943 sine
1637 911 1740 943 armis
1763 910 1862 943 esse!

1158 962 1315 1001 Bongars.
1359 962 1417 993 Sil.
1436 970 1493 993 111.
1509 964 1583 993 330.
1625 962 1635 979 ‘
1654 961 1731 993 Nec
1753 961 1860 992 vitam

1159 1012 1230 1043 sine
1260 1012 1375 1043 Marte
1407 1011 1501 1052 pati:
1539 1011 1666 1052 quippe
1696 1010 1803 1042 omnis
1825 1009 1862 1041 in

1159 1061 1260 1092 armis
1274 1062 1373 1093 Lucis
1393 1071 1497 1092 causa
1518 1061 1597 1101 sita,
1614 1065 1648 1092 et
1665 1060 1862 1092 damnatum

1158 1113 1276 1143 vivere
1305 1111 1407 1152 paci.’
1465 1111 1555 1143 Add.
1577 1115 1695 1142 notata
1717 1120 1795 1152 sup.
1817 1109 1862 1142 ad

1161 1172 1296 1194 xxxm.
1307 1166 1338 1194 2.
1352 1165 1382 1194 3.
1398 1166 1435 1193 et
1446 1165 1478 1193 4.
1503 1162 1634 1192 Bernec.

1206 1214 1223 1254 ξ
1236 1216 1256 1244 6
1270 1213 1381 1243 Nullus
1390 1212 1549 1252 epularum
1560 1210 1743 1252 apparatus]
1768 1208 1866 1241 Plin.

1164 1272 1241 1294 xw.
1256 1265 1287 1294 3.
1312 1261 1442 1300 scribit,
1455 1270 1513 1292 eos
1527 1270 1600 1292 aevo
1613 1269 1672 1291 suo
1685 1260 1694 1277 ‘
1707 1259 1865 1300 glandem

1163 1313 1198 1344 in
1215 1313 1373 1344 secundis
1397 1312 1522 1343 mensis
1545 1309 1729 1342 habuisse!
1772 1310 1866 1343 Quin

1165 1373 1207 1395 ex
1222 1363 1393 1404 glandium
1409 1360 1518 1393 farina
1533 1361 1636 1393 etiam
1651 1369 1772 1402 panem
1784 1369 1867 1392 cou—

1164 1414 1287 1446 fecisse
1315 1414 1417 1446 docet
1445 1413 1559 1446 Strab.
1588 1422 1645 1444 in.
1702 1412 1867 1446 Quamvis

1165 1465 1324 1496 ditissimi
1341 1474 1462 1506 aquam
1488 1463 1668 1502 bibebant,
1689 1467 1727 1494 ut
1749 1462 1867 1495 videre

1165 1521 1218 1546 est
1234 1526 1290 1556 ap.
1305 1514 1506 1546 Athenaeum
1519 1523 1560 1546 u.
1573 1516 1606 1545 6.
1631 1513 1727 1545 Idem.

1210 1566 1298 1606 Aqua
1324 1565 1426 1596 calida
1453 1562 1566 1603 lavari]
1613 1563 1655 1594 Id
1682 1562 1773 1605 quod
1793 1562 1868 1604 jam

1166 1617 1243 1647 olim
1260 1616 1456 1647 deliciarum
1473 1614 1608 1646 nomine
1631 1617 1787 1645 taxatum
1809 1622 1871 1654 ap-

1167 1671 1265 1706 paret
1294 1676 1336 1697 ex
1363 1665 1504 1697 Homeri
1530 1663 1599 1695 od.
1616 1672 1698 1695 v111.
1727 1665 1803 1695 248.
1830 1667 1870 1695 et

1164 1717 1221 1747 illo
1241 1716 1423 1756 Hermippi
1440 1715 1569 1747 Comici
1581 1715 1727 1746 veteris:
1752 1714 1805 1746 Μὰ
1818 1713 1870 1745 Δί’

1165 1768 1199 1798 οὐ
1223 1766 1279 1805 μέν
1303 1779 1351 1797 τοι
1380 1765 1498 1805 μεθύειν
1524 1766 1580 1797 τὸν
1605 1765 1699 1806 ἄνδρα
1722 1765 1785 1806 χρὴ
1809 1765 1871 1797 Τὸν

1166 1817 1294 1857 ἀγαθὸν,
1308 1817 1375 1848 οὐδὲ
1395 1817 1636 1858 θερμολουτρεῖν·
1651 1815 1671 1847 ἃ
1687 1815 1727 1847 σὺ
1748 1817 1844 1848 ποιεῖς
1859 1827 1868 1848 :

1168 1869 1176 1885 ‘
1195 1869 1260 1899 Sed
1279 1868 1438 1899 inebriari
1454 1877 1521 1899 non
1538 1867 1641 1898 decet
1659 1867 1768 1898 virum
1792 1876 1871 1908 pro·

1168 1918 1260 1957 bum,
1287 1918 1407 1949 Calida
1423 1923 1481 1949 aut
1502 1917 1630 1949 lavari:
1654 1927 1728 1959 quae
1752 1916 1870 1949 facere

1169 1973 1282 1999 tamen
1310 1967 1420 1999 soles.’
1463 1968 1553 1998 Sane
1578 1967 1757 1999 Bunduica
1779 1966 1871 2008 (quae

1168 2017 1290 2048 Tacito
1307 2016 1495 2057 Boudicca)
1520 2017 1637 2057 regina
1659 2017 1873 2061 Britannica,

1169 2068 1202 2098 in
1220 2067 1384 2098 Oratione
1409 2067 1450 2097 ad
1467 2067 1669 2105 exercitum,
1682 2066 1871 2098 ‘Romanos

1171 2126 1232 2147 nee
1260 2116 1372 2156 viros,'
1410 2116 1470 2155 ait,
1493 2117 1502 2133 ⁴
1518 2115 1754 2157 appellandos,
1780 2117 1872 2158 quod

1171 2166 1280 2198 calida
1297 2168 1453 2198 laventur
1465 2166 1486 2197 :’
1509 2167 1627 2198 Dionis
1644 2165 1874 2198 Abbreviator

1172 2218 1204 2248 in
1224 2217 1361 2248 Nerone
1380 2227 1413 2257 p.
1430 2220 1502 2248 172.
1520 2215 1543 2248 f.
1576 2216 1675 2249 Quod
1692 2216 1874 2249 Germanis

1173 2268 1367 2298 excusatius
1383 2272 1447 2307 est,
1469 2269 1478 2284 ‘
1496 2271 1533 2298 ut
1555 2267 1644 2307 apud
1663 2277 1746 2308 quos
1770 2267 1876 2309 pluri·

1173 2327 1262 2348 mum
1279 2318 1384 2348 hiems
1396 2317 1655 2358 occupat,’'l*ac.
1669 2317 1713 2349 G.
1726 2320 1781 2350 22.
1805 2317 1876 2351 Qui

1173 2367 1262 2398 idem
1280 2367 1369 2398 inter
1381 2367 1602 2398 delinimenta
1618 2367 1787 2406 vitiorum,
1804 2366 1877 2408 qui·

1174 2418 1236 2450 bus
1255 2418 1399 2449 Romani
1426 2418 1611 2450 Britannos
1638 2417 1783 2460 denique
1799 2419 1877 2460 jugi

1174 2468 1401 2509 patientiores
1413 2467 1732 2508 reddidere‚balnea
1742 2477 1877 2510 quoque

1174 2523 1345 2556 numerat,
1361 2517 1426 2558 Ag.
1445 2521 1497 2549 21.
1542 2518 1756 2550 Fortissimos
1776 2519 1879 2559 Spar·

1176 2573 1271 2599 tanos
1295 2568 1303 2585 ‘
1318 2569 1552 2609 psychrolutas
1566 2568 1575 2581 '
1588 2568 1745 2609 (Senecae
1757 2567 1878 2611 verbo)

1174 2618 1261 2650 facit
1273 2619 1367 2649 Plut.
1385 2618 1417 2649 in
1437 2618 1547 2650 Alcib.
1563 2621 1616 2649 40.
1641 2619 1739 2651 Idem.

1218 2671 1235 2709 ς
1258 2672 1276 2699 7
1302 2669 1442 2699 Intunta
1456 2669 1623 2699 seculorum
1639 2668 1732 2709 ser-ie]
1761 2668 1878 2701 'En-lee-

1174 2719 1289 2758 τοιγὰρ
1301 2718 1353 2749 καὶ
1367 2718 1525 2760 λῃστρικοὶ
1545 2716 1691 2757 ἐγένοντο
1704 2720 1770 2750 τοῖς
1787 2718 1880 2760 βίοις,

1175 2769 1214 2800 τὰ
1242 2769 1333 2808 μικρὰ
1368 2770 1553 2808 τολμῶντες,
1587 2767 1735 2807 μεγάλοις
1762 2768 1795 2800 δὲ
1822 2770 1879 2802 οὐκ

1176 2819 1403 2860 ἐπιλαβόμενοι,
1415 2822 1478 2852 &c.
1499 2819 1612 2851 Strab.
1628 2829 1685 2853 111.
1701 2830 1735 2862 p.
1753 2823 1828 2852 109.
1845 2823 1884 2865 ⁷..

1176 2871 1332 2910 Bongars.

1219 2921 1320 2953 Annis
1333 2920 1451 2962 decem]
1485 2920 1567 2952 Cum
1583 2920 1740 2953 Viriatho
1752 2920 1877 2953 bellum
