2101 3419
398 310 482 352 9:30
851 324 991 356 NOTAE
1026 326 1286 358 VARmRuM
1323 329 1373 358 m

397 418 553 457 praelium
569 417 783 458 prosilirent.'

439 468 456 508 ξ
473 471 492 498 2
516 468 595 498 Plus
610 469 643 498 in
660 469 727 499 Deo
741 478 832 508 quam
851 469 885 500 in
908 470 1026 501 viribus
1047 480 1095 501 re-

394 518 554 557 ponentes]
589 518 685 550 Junt.
710 522 868 558 ponentes.
916 519 983 550 Alii
1008 521 1094 551 male

396 568 564 599 intrusere
589 579 683 608 spem.
712 569 828 600 Graev.
874 568 1095 610 Antiquiorcs

397 617 475 648 edd.
492 618 636 650 Bechar.
659 624 695 649 et
717 620 802 659 Maj.
831 630 891 660 pro
920 625 1097 660 reponentes

397 667 522 699 habent
543 679 625 709 spem
643 672 811 709 ponentes:
834 671 931 702 sunt.
949 681 1027 702 vero
1045 682 1095 703 so-

396 719 464 748 lum
476 724 632 759 ponentes.
668 720 734 751 Sed
748 722 817 760 plus
831 725 1007 761 reponentes
1023 723 1095 753 siue

398 768 500 800 dubio
528 775 657 800 rectum
685 775 749 801 est.
795 771 850 801 Ita
875 772 958 801 Tac.
983 772 1026 803 G.
1043 776 1094 803 30.

398 819 407 835 ‘
424 819 507 850 Plus
524 830 688 860 reponere
702 821 734 850 iu
751 821 852 861 duce,
874 832 972 862 quam
988 823 1021 854 in
1038 833 1095 854 ex-

398 869 532 900 ercitu.’
562 871 635 902 Vor.

444 919 522 949 Cum
550 923 704 951 contemtu
730 921 879 961 hostium]
917 923 1094 955 Quomodo

398 972 660 1003 contemnebant
675 973 888 1015 hostem,qui
913 985 1007 1014 spem
1029 985 1094 1006 om-

398 1030 474 1051 nem
504 1021 546 1052 ob
571 1023 778 1062 paucitatem
803 1029 838 1054 et
865 1023 1095 1056 infirmitatem

398 1082 490 1103 suam
516 1074 725 1114 cogebantur
753 1084 916 1114 reponere
940 1076 973 1106 iu
998 1076 1094 1107 Deo?

398 1123 494 1153 Solet
509 1124 581 1155 haec
597 1134 673 1164 spes
698 1124 835 1163 gignere
852 1125 987 1165 quidem
1013 1125 1095 1156 fidu-

397 1172 483 1203 ciam
499 1178 535 1203 et
549 1174 838 1213 exspectationem
857 1175 925 1205 laeti
941 1180 1095 1215 eventus,

397 1228 630 1263 contemptum
662 1233 741 1255 vero
774 1225 919 1255 hostium
955 1226 1096 1265 gignere

397 1280 463 1301 non
480 1272 578 1303 solet.
623 1273 806 1312 Cogitand.
831 1274 958 1313 itaque,
985 1284 1095 1305 aunon

399 1321 509 1352 alieno
535 1322 558 1352 l.
585 1322 657 1352 haec
684 1323 751 1352 siut
778 1323 902 1362 posita,
926 1325 1096 1365 verbaque

397 1372 486 1402 male
511 1372 660 1412 trajecta
687 1372 735 1403 ita
761 1373 908 1403 ordinari
925 1373 1096 1406 debeant:

395 1422 465 1461 plus
480 1423 513 1452 in
530 1423 609 1460 Deo,
624 1433 651 1461 q.
668 1422 700 1452 in
723 1433 752 1453 r.
772 1427 951 1462 reponentes
975 1425 1096 1455 resiste-

398 1471 483 1511 bunt,
495 1473 730 1512 scandentesque
756 1483 823 1502 cum
842 1477 923 1503 cont.
941 1474 970 1504 Ιι.
991 1473 1098 1505 Gallos

397 1531 414 1552 e
429 1531 456 1552 s.
472 1532 501 1552 r.
517 1524 569 1560 ὅγε.
615 1523 624 1539 ‘
637 1522 878 1562 Contemptus'
894 1523 1002 1554 Gallis
1019 1533 1096 1554 con-

398 1572 504 1611 venit,
533 1582 598 1603 non
626 1572 811 1612 Delphicis.
876 1574 992 1603 Docet
1023 1573 1096 1613 ipse

398 1623 528 1654 Noster
553 1625 586 1654 in
624 1634 723 1664 supp.
761 1624 818 1654 ubi
856 1624 898 1654 de
936 1625 1094 1656 Brenno:

396 1673 406 1690 ‘
420 1674 569 1706 Quorum
586 1675 745 1715 [quatuor
758 1675 898 1705 millium
913 1675 1096 1714 Delphico-

396 1725 485 1764 rum]
512 1729 710 1765 contemptu
728 1725 896 1763 Brennus,
913 1724 954 1755 ad
973 1734 1096 1755 acuen-

397 1772 459 1803 dos
482 1783 617 1804 suorum
645 1774 784 1812 animm,
809 1773 934 1813 praedae
961 1774 1097 1805 uberta-

396 1827 466 1853 tem
477 1823 630 1854 omnibus
642 1823 870 1854 ostendebat)
886 1823 988 1861 Schef.
1012 1824 1097 1855 Con-

398 1873 596 1904 temnebant
618 1874 732 1904 hostes
763 1874 902 1913 Delphi,
925 1883 1000 1904 cum
1026 1879 1094 1904 tam

396 1923 498 1962 pauci
521 1928 624 1954 tantae
648 1924 854 1954 multitudini
880 1923 1004 1955 fiducia
1027 1925 1096 1954 Dei

397 1973 559 2003 resistere
583 1974 746 2004 auderent
769 1973 914 2012 fortiter,
930 1974 1022 2003 nihili
1047 1973 1095 2004 fa-

398 2021 528 2052 cientes
546 2022 634 2052 illam
651 2022 819 2052 hominum
837 2024 982 2062 copiam,
997 2033 1095 2063 quam

399 2080 464 2111 ope
481 2070 651 2110 Apollinis
668 2082 704 2102 se
721 2072 869 2103 victuros
883 2082 948 2104 non
965 2073 1096 2104 dubita-

397 2120 492 2151 bant.
520 2121 628 2152 Graev.

441 2171 459 2210 ξ
474 2173 492 2200 3
516 2170 621 2201 Simul
635 2174 664 2201 et
682 2171 741 2211 ipsi
756 2171 857 2210 vates]
890 2172 975 2202 Mss.
996 2173 1094 2203 Fuld.

397 2219 493 2260 ipsoe:
524 2220 611 2260 quod
642 2221 801 2251 convenit
833 2222 916 2251 satis
950 2232 1023 2252 cum
1056 2232 1096 2253 eo

398 2268 486 2309 quod
503 2269 665 2309 sequitur,
687 2270 695 2285 ‘
711 2270 833 2309 sparsis
851 2270 1002 2301 crinibus
1015 2271 1038 2302 ε’
1062 2277 1097 2303 et

399 2323 498 2348 eraut
510 2319 642 2349 omnino
659 2319 830 2359 pleraeque
843 2318 979 2350 femiuae
992 2320 1098 2360 Apol-

398 2368 474 2398 linis
489 2369 698 2409 sacerdotes,
713 2369 854 2410 ejusque
868 2370 1030 2401 instinctu
1049 2382 1098 2401 rc-

397 2428 520 2458 sponsa
534 2420 787 2450 consulentibus
803 2419 935 2451 (lantes.
978 2422 1098 2461 virgil.

397 2469 473 2499 AEn.
502 2478 551 2499 vr.
577 2472 631 2500 65.
654 2470 813 2511 ‘'frique,
840 2481 859 2501 o
886 2472 1099 2503 sanctissima

398 2525 507 2558 vateS,
524 2520 671 2550 Praescia
689 2519 845 2551 venturi.’
891 2522 1033 2561 Delphis
1051 2523 1098 2552 in-

399 2569 527 2608 primis,
550 2569 604 2600 ubi
628 2570 636 2586 ‘
651 2569 860 2601 l'hoebades’
891 2571 1098 2602 vocabantur

398 2618 450 2649 ha:
478 2624 583 2659 vates,
608 2629 633 2650 s.
658 2620 835 2661 ‘Pyffliaess
880 2621 959 2652 vid.
986 2623 1098 2654 Strab.

399 2668 425 2698 si
440 2673 550 2708 vacat,
566 2678 616 2699 rx.
642 2670 731 2700 Mod.

441 2718 567 2758 Sparsis
586 2719 738 2759 crinibus]
777 2720 822 2750 H.
837 2730 867 2752 e.
894 2721 1021 2761 solutis,
1048 2730 1098 2752 re-

398 2769 538 2807 viu‹·tis;
560 2769 614 2800 hic
638 2770 724 2800 enim
748 2770 1010 2801 sacrificantium
1029 2781 1098 2802 mos

400 2824 485 2856 erat,
513 2824 549 2849 ut
579 2820 720 2859 capillos
750 2827 962 2859 spargerent.
1017 2821 1098 2852 Son.

400 2868 562 2899 0¹:11.230.
587 2871 595 2885 ⁴
612 2869 739 2909 Incipit
752 2870 888 2901 Lethoea
903 2876 994 2902 vates
1007 2880 1097 2911 spar-

1590 422 1597 435 ²

1143 431 1222 462 gere
1248 423 1421 454 horrentes
1449 432 1583 454 comas:
1621 427 1656 454 et
1679 423 1838 465 Propert.

1142 481 1183 502 11.
1200 473 1251 503 El.
1270 476 1298 504 1.
1322 478 1330 490 ‘
1345 473 1399 504 Ad
1411 473 1556 504 frontem
1570 483 1705 514 sparsos
1721 484 1838 507 errare

1143 523 1309 562 capillos!
1332 524 1432 555 Gran.

1186 574 1202 613 ξ
1219 576 1238 603 4
1264 574 1422 613 Clamant]
1445 574 1605 618 Vin-cent.
1618 584 1668 606 VI.
1683 578 1736 607 21.
1752 575 1760 592 ‘
1775 577 1843 606 cla·

1144 629 1274 653 mantes
1290 627 1309 653 :⁹
1330 634 1385 664 ap.
1404 634 1502 665 quem
1518 625 1552 655 iu
1576 627 1591 665 ᾗ
1606 629 1623 656 5
1641 627 1728 657 male
1745 627 1841 657 omit-

1145 673 1227 703 titur
1243 674 1251 689 ‘
1266 673 1331 704 ex!

1188 724 1252 754 Per
1279 725 1419 755 culminis
1447 728 1554 764 aperta
1576 724 1735 764 fastigia:
1770 727 1842 757 dum

1144 774 1259 813 omnes]
1283 775 1470 805 Distinctio
1486 775 1556 815 huj.
1574 776 1595 806 l.
1620 785 1685 806 non
1702 781 1754 807 est
1771 777 1842 807 ido-

1145 833 1219 854 nea.
1253 825 1340 855 Nam
1356 825 1557 864 ‘juvenem‚'
1572 826 1659 865 quod
1676 826 1842 867 sequitur,

1144 883 1209 904 nou
1226 874 1342 913 habet,
1359 885 1424 915 quo
1447 875 1552 914 possit
1575 874 1708 914 referri,
1723 875 1750 905 si
1769 886 1842 906 eam

1144 933 1325 955 servamus.
1372 926 1408 956 L.
1425 930 1514 956 totus
1539 926 1584 955 ita
1613 925 1842 965 distingueud.

1144 983 1268 1014 eumque
1290 985 1322 1006 se
1344 986 1371 1006 v.
1387 977 1418 1005 (I.
1436 975 1468 1005 in
1484 979 1507 1006 t.
1526 985 1583 1014 per
1597 986 1624 1007 c.
1643 986 1672 1007 a.
1690 976 1843 1015 fastigia,

1144 1024 1215 1053 dum
1239 1034 1267 1053 ο.
1292 1034 1318 1054 ο.
1344 1024 1406 1054 Dei
1427 1034 1453 1054 s.
1481 1024 1669 1063 implorant5
1693 1025 1841 1062 juvenem

1143 1082 1235 1112 supra
1251 1073 1281 1104 Ιι.
1297 1083 1336 1103 ηι.
1353 1074 1374 1103 ἰ.
1394 1073 1642 1113 pulchritudinis.
1689 1076 1844 1105 Comites-

1145 1133 1202 1162 que
1217 1124 1285 1154 eid.
1303 1134 1331 1154 α.
1345 1134 1372 1155 v.
1387 1125 1440 1163 850.
1487 1124 1582 1155 Ordo
1608 1130 1644 1155 et
1671 1126 1839 1156 connexio

1146 1173 1383 1203 vocabulorum
1400 1178 1452 1204 est
1467 1184 1474 1204 :
1499 1174 1543 1204 Se
1561 1174 1682 1205 vidisse
1695 1185 1771 1205 eum
1787 1175 1845 1206 de-

1145 1222 1328 1261 silientem,
1346 1223 1507 1262 juvenem
1535 1224 1672 1264 insignis
1699 1225 1844 1264 pulchri-

1147 1273 1285 1311 tudinis,
1297 1273 1329 1302 h.
1341 1283 1371 1303 e.
1388 1273 1510 1303 vidisse
1522 1283 1597 1303 eum
1615 1273 1843 1312 desinentem,

1147 1323 1428 1362 speciejuvenili,
1444 1323 1494 1353 vel
1510 1323 1564 1364 qui
1580 1322 1841 1363 fueritjuveniS.

1147 1373 1252 1411 Schef.

1190 1424 1205 1463 ξ
1224 1427 1241 1453 5
1267 1423 1368 1459 Duas,
1384 1423 1449 1462 Sym]
1473 1423 1581 1454 Eand.
1603 1423 1775 1454 historiam
1793 1434 1844 1455 re-

1146 1471 1260 1503 ferunt
1277 1473 1458 1513 scriptores
1474 1473 1600 1504 laudati
1624 1484 1643 1504 a
1664 1474 1782 1505 Davis.
1800 1474 1843 1505 ad

1148 1522 1222 1554 Cic.
1239 1532 1279 1553 11.
1297 1522 1339 1553 de
1357 1523 1474 1554 Divin.
1491 1526 1544 1554 37.

1188 1574 1241 1613 §6
1264 1574 1396 1604 Audisse
1425 1574 1519 1604 etiam
1544 1573 1710 1605 stridorem
1738 1569 1844 1610 arcus]

1147 1623 1496 1662 Virgil.AEu.1x.659.
1512 1624 1521 1639 ⁴
1535 1623 1716 1663 Agnovere
1730 1625 1841 1656 Deum

1147 1682 1318 1712 proceres,
1333 1673 1512 1713 divinaque
1531 1673 1598 1703 tela
1620 1673 1844 1713 Dmdanidae,

1147 1723 1408 1764 pharetramque
1445 1722 1522 1763 fuga
1552 1732 1687 1753 sensere
1725 1733 1844 1754 sonan-

1148 1775 1238 1804 tem.’
1260 1773 1339 1804 Vid.
1357 1773 1399 1804 de
1415 1773 1476 1804 hoc
1491 1772 1649 1804 Auctoris
1665 1773 1687 1804 l.
1706 1773 1844 1805 Saresb.

1148 1822 1272 1854 Policr.
1290 1833 1339 1854 vl.
1359 1826 1409 1854 17.
1434 1823 1532 1854 Rern.

1192 1874 1207 1913 ξ
1224 1876 1242 1904 7
1272 1873 1430 1911 Victoriae,
1453 1873 1520 1913 ὅμη]
1557 1873 1677 1913 virgil.
1707 1882 1760 1904 lx.
1790 1874 1846 1905 AE.

1149 1926 1222 1954 199.
1246 1925 1368 1954 ‘Mene
1394 1925 1496 1963 igitur
1520 1925 1646 1955 socium
1664 1924 1767 1955 tantis
1785 1924 1846 1955 ad-

1140 1973 1284 2013 jungere
1301 1973 1414 2012 rebus,
1431 1974 1524 2013 Nise,
1541 1973 1626 2013 fugis
1636 1973 1658 2004 θ’

1190 2023 1207 2062 ξ
1224 2026 1244 2052 9
1268 2023 1311 2052 Et
1326 2026 1420 2052 terrae
1435 2026 1516 2053 motu
1531 2022 1648 2062 portio]
1675 2023 1844 2063 Compara

1147 2081 1220 2102 cum
1246 2071 1278 2101 h.
1298 2072 1317 2101 l.
1345 2072 1484 2102 Gallicae
1510 2073 1614 2102 cladis
1642 2072 1845 2112 descriptio-

1149 2130 1237 2160 nem,
1252 2131 1324 2162 quae
1341 2127 1391 2152 est
1416 2122 1449 2152 in
1476 2122 1632 2153 Phocicis
1656 2123 1848 2155 Pausaniae.

1147 2171 1181 2201 Is
1200 2179 1302 2201 xxvl.
1319 2172 1368 2201 M.
1386 2172 1575 2209 Gallorum,
1594 2173 1716 2211 partim
1744 2171 1847 2212 ferro,

1148 2227 1269 2261 partun
1288 2226 1508 2261 tempestate,
1534 2226 1568 2252 ct
1590 2227 1682 2252 metu
1700 2221 1847 2261 Panico,

1151 2272 1270 2311 partim
1288 2271 1374 2301 fame
1395 2271 1514 2302 scribit
1538 2272 1570 2301 in
1595 2271 1746 2302 Phocide
1761 2273 1847 2303 ceci-

1148 2321 1249 2353 disse.
1295 2323 1349 2352 De
1376 2322 1503 2352 Brenni
1531 2327 1639 2352 morte
1664 2322 1731 2353 vid.
1760 2333 1847 2364 prae·

1149 2375 1242 2401 terea
1258 2372 1332 2402 Val.
1350 2372 1396 2401 M.
1416 2381 1438 2402 1.
1458 2375 1507 2402 11.
1525 2374 1574 2402 18.
1599 2372 1703 2411 Rong.

1192 2422 1208 2461 ξ
1224 2424 1261 2451 11
1289 2422 1366 2451 Cum
1378 2422 1510 2451 dolorem
1525 2423 1680 2452 vulnerum
1689 2421 1778 2460 ferre
1789 2433 1848 2454 non

1147 2473 1261 2510 posset,
1288 2471 1422 2510 pugione
1451 2472 1547 2501 vitam
1573 2471 1701 2511 finivit]
1738 2472 1848 2514 Atqui

1150 2520 1251 2550 l’aus.
1269 2521 1377 2560 inquit
1391 2520 1497 2560 illum,
1513 2521 1737 2561 vulneratum,
1749 2531 1849 2553 vene-

1149 2578 1191 2599 no
1204 2569 1305 2600 vitam
1320 2570 1478 2609 finivisse,
1492 2571 1619 2610 pudore
1631 2581 1675 2602 sc.
1693 2578 1846 2611 acceptae

1148 2617 1180 2648 in
1199 2618 1334 2649 Graecia
1350 2620 1466 2650 cladis.
1511 2621 1575 2650 Sed
1602 2621 1764 2652 conciliat
1788 2622 1847 2653 hos

1149 2667 1337 2698 Diodorus:
1372 2668 1494 2708 Βρέννος
1521 2668 1566 2708 δὲ,
1593 2669 1725 2710 ἄκρατον
1749 2670 1847 2702 πολὺν

1149 2716 1406 2758 ἐμφορησάμενος,
1418 2719 1526 2749 ἑαυτὸν
1536 2718 1702 2759 ἀπέσφαξε.
1730 2720 1816 2752 Voss.

1192 2769 1207 2808 ξ
1228 2771 1265 2798 13
1297 2769 1430 2799 Paridis
1455 2771 1538 2800 nulla
1566 2771 1621 2801 sub
1653 2771 1752 2810 tectis,
1778 2771 1847 2811 “l-a]

1148 2819 1156 2836 ¹
1174 2820 1293 2860 Neque
1307 2820 1393 2850 enim
1408 2821 1473 2850 ulla
1487 2821 1717 2852 metuentibus
1730 2821 1848 2862 quies,'

1149 2878 1188 2900 ιι.
1218 2873 1267 2900 13.
1297 2872 1346 2900 ll.
1369 2880 1395 2901 s.
1425 2875 1460 2901 ut
1487 2871 1634 2911 loquitur
1663 2871 1702 2902 P.
1726 2872 1846 2911 Syrus,
