2101 3419
615 370 811 403 JUS'rlNl
846 370 939 402 LIB.

235 473 314 503 σαρα
344 462 395 494 καὶ
418 462 605 502 ὀγδοήκοντα
635 462 749 499 βιώσας
774 463 839 501 ἔτη·
864 463 926 504 {uzu

235 512 267 543 δὲ
279 512 429 553 παρέδωκε
438 513 496 550 τὴν
506 512 602 553 ἀρχὴν
616 513 672 553 πρὸ
686 514 767 544 δυοῖν
777 513 857 544 ἐτοῖν
871 515 927 550 τῆς

235 565 382 601 τελευτῆς
392 565 437 602 τῷ
451 563 629 603 Πτυλεμαίῳ
642 565 685 603 τῷ
700 564 762 604 υἱῷ,
780 563 926 595 Φιλαδέλ-

234 619 282 653 φῳ
302 613 335 644 δὲ
352 613 520 653 ἐπίκλησιν,
535 613 620 645 ὅστις
633 613 782 654 διεδέξατο
797 614 855 652 τὴν
869 627 926 645 πα-

233 664 333 705 τρῴαν
356 664 517 701 βασιλείαν
540 666 688 705 ἀδελφῶν.
733 667 816 706 Leg.
840 667 927 697 ἀδελ-

235 716 300 754 φῶν
314 713 465 754 νεώτερος.
509 715 616 746 Istum
644 715 730 746 enim
755 725 928 756 compara-

234 766 339 796 tivum
369 764 578 796 absorbuisse
616 765 750 797 videtur
783 776 928 807 sequens

234 826 355 848 nomen
370 815 544 857 Φιλαίτερος
566 816 600 847 in
623 816 716 848 easd.
742 817 857 848 literas
872 818 929 849 de-

234 868 358 906 sinens,
370 877 430 907 pro
442 877 507 908 quo
519 869 694 907 Φιλεταῖρος
709 868 841 908 legend.
853 878 928 900 esse

235 921 331 947 recte
348 922 547 948 monuerunt
564 917 626 947 viri
642 916 746 948 docti.

279 967 296 1007 ᾗ
310 969 330 997 9
357 967 500 1008 Officium
513 967 582 1006 regi
594 967 676 998 inter
689 967 838 998 satellites
844 967 928 1005 sece-

234 1016 300 1056 rat]
324 1017 389 1048 Ov.
405 1027 445 1049 11.
463 1017 502 1048 A.
518 1017 560 1048 A.
576 1020 650 1049 388.
673 1018 682 1034 ‘
696 1017 854 1049 Officium
880 1018 929 1049 fa-

235 1066 306 1097 ciat
317 1067 406 1097 nulla
420 1067 532 1107 puella
546 1066 648 1098 mihi)
690 1068 813 1099 Horat.
828 1077 853 1099 1.
867 1069 930 1109 Ep.

236 1118 289 1147 17.
306 1119 358 1148 21.
375 1118 384 1134 ‘
401 1115 557 1147 Officium
575 1116 684 1149 facio!
708 1118 868 1158 Propert.
880 1128 929 1150 ιν.

235 1169 268 1197 9.
284 1169 336 1197 47.
353 1168 362 1183 ‘
375 1166 472 1197 Idem
484 1176 547 1207 ego
564 1166 702 1198 Sidonia
718 1167 782 1198 feci
799 1169 932 1199 servilia

235 1217 327 1257 palla
342 1216 476 1258 Officia,
500 1223 536 1250 et
565 1218 656 1259 Lyda
682 1228 787 1259 pensa
811 1219 931 1251 diurna

235 1268 331 1299 colo.’
375 1269 419 1299 Et
437 1269 487 1299 M.
503 1269 580 1299 Sen.
599 1269 760 1300 Controv.
779 1269 882 1302 Praef.
897 1272 930 1302 4.

234 1318 244 1334 ‘
260 1318 337 1349 Non
360 1317 444 1349 facis
469 1319 550 1349 mihi
566 1318 735 1351 officium?
782 1320 872 1351 Hinc
896 1325 932 1352 et

236 1368 446 1399 emendanda
487 1373 538 1399 est
573 1369 728 1400 Historia
762 1369 932 1410 Apollonii

235 1417 350 1458 Tyrii:
373 1420 383 1435 ‘
397 1418 485 1449 Nam
502 1418 755 1459 dulcisjuvenis
771 1420 837 1451 iste
851 1430 932 1451 nau-

236 1466 351 1508 fragus
373 1473 436 1508 est,
461 1473 497 1500 et
519 1470 693 1509 gymnasio
714 1470 794 1501 mihi
822 1469 933 1502 officio

237 1518 426 1557 gratissime
442 1517 526 1550 fecit
541 1519 562 1550 ι’
584 1520 650 1561 leg.
678 1521 835 1560 gymnasii
856 1521 934 1552 mihi

237 1569 379 1609 officium.
404 1569 508 1600 Gron.

283 1619 371 1649 CAP.
385 1628 439 1650 111.
486 1620 501 1660 ξ
519 1622 532 1650 1
561 1619 649 1651 Inter
657 1630 748 1661 pares
759 1621 934 1663 discor-dice]

239 1667 319 1699 vid.
336 1673 456 1700 notata
473 1669 513 1700 ad
531 1679 615 1702 xr11.
631 1674 662 1701 2.
679 1674 709 1703 3.
735 1671 834 1703 Bern.

281 1720 299 1759 ξ
315 1722 333 1750 3
371 1720 420 1750 Ac
451 1720 589 1760 deinceps
619 1722 794 1762 Heracleoe]
833 1722 934 1754 Hanc

239 1769 443 1801 Heracleam
472 1771 615 1802 Ptolem.
640 1771 729 1803 Plin.
757 1781 795 1802 ac
819 1772 931 1804 Strab.

238 1820 415 1851 Ponticam
431 1825 553 1851 vocant
568 1832 575 1851 :
601 1825 635 1851 et
661 1831 680 1851 a
695 1821 851 1861 Milesiis,
866 1831 934 1852 non

238 1878 258 1899 a
284 1869 436 1909 Boeotiis,
458 1869 627 1901 conditam
651 1871 772 1901 asserit
796 1871 932 1902 Strabo.

241 1919 332 1951 Glar.

281 1970 299 2010 ᾧ
314 1972 347 2010 4,
361 1973 393 2008 5,
407 1969 442 2009 6]
469 1979 550 2001 xnr.
567 1973 599 2002 7.
615 1973 644 2001 4.
661 1972 724 2002 &c.
748 1971 848 2002 Bern.

281 2021 331 2060 §⁷
354 2020 394 2050 In
406 2021 554 2061 Pontum]
579 2021 635 2052 Ita
648 2021 781 2051 omnino
797 2021 932 2061 legend.

238 2075 290 2101 est
314 2080 356 2101 ex
371 2080 437 2101 uno
455 2071 586 2111 Cujacii
613 2071 712 2103 codd.
758 2073 820 2103 Est
845 2073 933 2104 enim

237 2121 405 2152 Heraclea
416 2121 447 2153 ll.
455 2122 476 2151 l.
491 2120 578 2153 πόλις
590 2120 709 2163 Θρᾴκης
720 2122 752 2153 ἐν
762 2124 806 2161 τῷ
815 2122 934 2163 Πόντῳ,

237 2171 448 2212 Stephanus:
488 2171 530 2202 de
560 2182 626 2213 qua
653 2172 766 2204 Strab.
795 2183 864 2205 xlx.
899 2179 934 2205 et

238 2222 392 2253 Eustath.
420 2222 456 2252 in
482 2222 629 2263 Dionys.
675 2223 787 2254 Ceteri
817 2234 933 2255 omnes

239 2277 275 2304 et
303 2273 454 2314 impressi
486 2278 521 2304 et
554 2273 674 2313 scripti
703 2274 933 2314 DIetapontnm,

238 2323 331 2364 turpi
347 2332 473 2354 errore.
496 2324 505 2340 ‘
520 2323 773 2363 Metapontum’
790 2329 826 2355 et
841 2324 850 2341 ‘
863 2325 933 2355 He-

239 2373 376 2410 raclea,'
401 2373 512 2404 Italiae
529 2373 641 2412 urbes,
660 2373 815 2404 librarios
831 2374 864 2404 in
881 2384 933 2405 er-

238 2432 349 2454 rorem
363 2423 576 2454 induxerunt.
606 2424 658 2454 Ex
672 2423 747 2455 eod.
757 2424 815 2456 lib.
828 2425 933 2465 scrip-

240 2473 269 2504 si
291 2474 472 2512 Lamachus,
488 2483 553 2504 non
570 2473 744 2514 Malae-hus,
767 2474 932 2515 quomodo

239 2523 296 2555 alii
310 2528 394 2555 vett.
411 2524 550 2555 habent.
572 2524 678 2563 Bong.

282 2574 322 2604 In
337 2574 487 2614 Pontum]
521 2574 576 2605 Ita
602 2574 730 2614 optime
756 2574 866 2614 Bong.
891 2584 933 2606 ex

241 2632 307 2654 uno
322 2623 406 2655 Cod.
421 2624 487 2655 Ms.
512 2624 676 2665 restituit,
700 2634 775 2655 cum
792 2625 848 2656 alii
865 2630 933 2656 tam

241 2674 325 2705 Mss.
340 2684 438 2715 quam
455 2675 546 2715 typis
566 2684 662 2715 expr.
677 2674 843 2706 habereut
866 2676 934 2705 Me-

241 2727 408 2764 tapontum.
461 2725 506 2755 Et
536 2734 720 2764 congruum
751 2724 785 2754 id
821 2730 872 2756 est
903 2725 934 2756 ei

242 2773 331 2813 quod
360 2774 543 2813 antecedit,
564 2775 573 2791 ‘
588 2774 753 2805 coloniam
777 2774 810 2805 in
831 2775 935 2806 Ponti

243 2822 380 2862 regione
406 2832 534 2853 sacram
560 2823 702 2855 Herculi
727 2823 936 2856 conderent.'

286 2872 325 2902 In
336 2872 561 2913 Metapontum]
573 2874 756 2914 Impudens
766 2874 934 2905 mendum.

245 2921 327 2953 Cum
344 2922 414 2953 liaec
439 2922 609 2954 Heraclea
635 2923 678 2955 sit
705 2924 739 2954 in
756 2923 847 2965 Asia,
864 2925 935 2955 Me-

971 371 1074 402 xw.
1108 373 1212 405 CAP.
1242 364 1282 406 3.
1587 367 1670 408 871

979 468 1154 506 tapontum
1179 468 1213 498 in
1240 468 1362 508 Italia;
1389 469 1447 501 sed
1475 470 1609 511 legend.
1637 472 1672 503 in

982 515 1103 547 Dextra
1139 518 1245 550 Ponti.
1303 520 1391 550 Sunt
1427 525 1540 551 autem
1576 522 1673 553 Ponti

977 565 1102 596 Dextra
1127 577 1145 597 a
1173 567 1386 600 Chalcedone
1412 579 1472 610 per
1495 571 1671 611 Bithynos,

978 614 1233 657 Mmiandynos,
1258 618 1502 658 Paphlagonas,
1534 620 1673 661 Halym,

979 674 1018 695 ac
1034 665 1269 705 Cappadocas,
1281 672 1316 698 et
1333 669 1478 709 reliquos
1495 670 1528 700 in
1546 670 1676 701 Colchi-

979 716 1054 747 dem
1072 723 1237 757 usque,ut
1251 718 1358 759 inquit
1371 720 1481 751 Strab.
1496 729 1564 752 ΧΠ.
1583 722 1674 752 Glar-

1021 767 1061 797 In
1076 776 1126 797 eas
1140 769 1223 798 sedes
1237 768 1347 808 delati]
1383 769 1466 800 Mss.
1483 770 1611 802 habent
1626 772 1675 803 in-

979 818 1026 847 ter
1047 826 1108 856 eas,
1130 817 1218 858 quod
1246 817 1363 858 efficit,
1388 824 1426 850 ut
1453 821 1617 861 suspicer,
1641 822 1675 853 in

979 867 1125 908 antiquis
1148 867 1242 899 libris
1265 867 1368 900 fuisse
1392 871 1426 900 in
1447 874 1546 902 terras
1560 882 1610 902 eas
1624 874 1676 903 de-

979 916 1048 955 lati,
1072 922 1149 957 post
1167 918 1366 949 vocabulum
1390 921 1477 951 sedes
1501 921 1677 961 irrepsisse

979 975 1022 997 ex
1040 967 1158 1006 glossa.
1194 968 1295 999 Certe
1311 969 1343 999 in
1357 971 1443 1000 sedes
1457 970 1572 1008 deferri
1587 972 1677 1002 haud

980 1016 1029 1047 ita
1065 1019 1239 1049 commode
1277 1019 1411 1050 videtur
1439 1021 1580 1059 dictum,
1602 1032 1678 1053 cum

979 1076 1047 1098 non
1063 1068 1132 1099 sint
1146 1068 1255 1108 sedes,
1272 1074 1350 1100 ante
1365 1081 1464 1111 quam
1491 1072 1564 1112 quis
1587 1072 1679 1103 dela-

981 1122 1034 1148 tus
1057 1118 1129 1158 jam
1157 1120 1386 1159 occupaverit,
1404 1121 1676 1164 domiciliumque

979 1168 1026 1199 ibi
1042 1169 1272 1200 constituerit.
1294 1170 1400 1208 Schef.

1024 1221 1040 1260 ξ
1058 1222 1077 1250 S
1103 1220 1213 1250 Multae
1228 1220 1320 1252 etium
1333 1222 1505 1253 domesticae
1518 1223 1679 1255 dissensio-

979 1278 1033 1299 nes
1054 1269 1161 1309 fuere]
1196 1269 1421 1311 Antiquarum
1457 1272 1533 1304 edd.
1565 1278 1603 1304 ut
1642 1278 1678 1305 et

979 1318 1077 1350 Junt.
1107 1318 1208 1349 lectio
1239 1324 1314 1350 est:
1350 1321 1457 1352 Multa
1486 1322 1566 1352 enim
1592 1323 1623 1353 d.
1646 1324 1678 1353 d.

980 1369 1061 1398 mala
1071 1368 1180 1406 fuere:
1204 1379 1271 1400 non
1285 1370 1523 1403 damnaverim.
1549 1373 1679 1405 Alludit

982 1418 1049 1448 Ms.
1065 1418 1262 1450 dissensionis
1274 1421 1370 1450 multa
1386 1420 1562 1459 bellifuere.
1607 1423 1678 1454 Pro

982 1468 1064 1498 mala
1091 1468 1254 1508 scriptum
1286 1475 1339 1501 est
1368 1473 1477 1502 multa.
1521 1473 1606 1503 Belli
1636 1484 1678 1504 ex

982 1518 1152 1558 praecedd.
1175 1519 1324 1559 irrepsit.
1352 1521 1457 1552 Groev.
1502 1522 1680 1564 Antiquio-

983 1577 1035 1598 res
1051 1569 1140 1609 typis
1158 1578 1254 1610 expr.
1272 1571 1375 1601 Multa
1390 1573 1484 1603 etiam
1498 1574 1529 1604 d.
1545 1575 1576 1606 d.
1600 1576 1681 1605 mala

974 1617 1077 1656 fuere.
1101 1619 1213 1650 Vorst.
1237 1620 1331 1651 Editi
1346 1623 1547 1654 vetustiores
1560 1625 1681 1665 optimi

983 1668 1109 1699 habent
1128 1669 1229 1700 Multa
1244 1670 1338 1701 etiam
1361 1673 1392 1703 d.
1418 1673 1578 1704 seditionis
1600 1676 1680 1706 mala

975 1717 1091 1756 fnere5
1114 1719 1203 1760 quod
1229 1720 1291 1750 viri
1307 1721 1399 1752 docti
1419 1723 1680 1763 amplectuutur.

984 1768 1023 1799 Id
1063 1779 1143 1799 vero
1178 1770 1206 1800 si
1242 1771 1469 1810 concedimus,
1502 1774 1681 1813 rejiciend.

983 1818 1073 1849 haud
1090 1819 1235 1855 videtur,
1253 1821 1341 1862 quod
1369 1823 1534 1862 praecedit
1558 1825 1590 1854 in
1612 1825 1680 1856 Ms.

985 1867 1066 1906 belli,
1095 1868 1254 1910 locusque
1289 1874 1380 1901 totus
1417 1871 1466 1902 sic
1496 1873 1681 1912 legendus:

984 1919 1088 1949 Multa
1103 1919 1211 1950 deinde
1225 1919 1314 1959 hujus
1330 1920 1415 1951 urbis
1426 1922 1682 1964 adversus-finiti-

984 1979 1047 2000 mos
1068 1969 1148 2008 belli,
1169 1971 1268 2001 multa
1293 1971 1388 2002 etiam
1409 1973 1582 2004 domesticoe
1603 1976 1683 2006 sedi-

984 2019 1076 2050 tionis
1092 2021 1171 2050 mala
1180 2020 1284 2058 fuere.
1311 2021 1424 2052 Schef.

1029 2071 1045 2110 ξ
1063 2072 1083 2101 9
1107 2070 1144 2101 In
1160 2071 1287 2101 tutelam
1301 2071 1420 2112 classis]
1445 2072 1537 2103 Tueri
1550 2075 1682 2114 domum,

985 2120 1067 2151 tueri
1081 2121 1206 2151 classem
1231 2120 1355 2152 dicitur
1379 2131 1454 2162 pro,
1470 2127 1593 2154 sartam
1612 2128 1682 2155 tec-

986 2174 1055 2200 tam
1085 2180 1232 2202 servare.
1290 2171 1381 2203 Plin.
1408 2173 1540 2214 Paneg.
1570 2176 1579 2191 ‘
1598 2175 1682 2206 Tam

986 2230 1108 2260 parcus
1128 2221 1162 2251 in
1186 2221 1401 2263 aedificando,
1415 2233 1515 2264 quam
1540 2225 1683 2266 diligens

985 2272 1020 2302 in
1036 2271 1184 2303 tuend0.'
1228 2273 1307 2303 Pari
1325 2273 1424 2305 modo
1444 2275 1550 2315 igitur
1565 2275 1684 2308 dicunt

984 2322 1112 2352 ‘tutela
1129 2322 1268 2355 classis!
1295 2323 1369 2354 Vor.

1026 2373 1283 2415 Descripsissenl]
1298 2374 1486 2418 Hegesipp.
1502 2386 1526 2408 1.
1544 2381 1574 2409 9.
1590 2379 1599 2396 ‘
1613 2380 1684 2410 Tri-

983 2424 1066 2454 buta
1100 2433 1231 2464 quoque
1259 2425 1422 2456 Moabitis
1452 2433 1486 2457 et
1517 2428 1683 2461 Galaditis

977 2474 1056 2514 jure
1077 2474 1227 2505 victoriae
1245 2475 1395 2515 ascripta
1407 2476 1427 2506 :’
1449 2477 1508 2507 ubi
1529 2479 1683 2519 descripta

984 2523 1069 2564 legit
1084 2523 1177 2554 Avus
1193 2527 1225 2555 6.
1244 2523 1330 2555 Obs.
1345 2525 1377 2555 in
1394 2526 1518 2565 Script.
1535 2528 1669 2561 Eccles.

1030 2573 1231 2604 Collationem
1246 2573 1429 2615 abnuerant]
1444 2576 1488 2606 Et
1499 2586 1551 2607 res
1567 2582 1602 2607 et
1616 2587 1682 2609 vox

986 2622 1060 2654 ead.
1089 2623 1122 2653 in
1148 2623 1242 2654 Suet.
1273 2623 1356 2655 Ner.
1384 2634 1414 2655 c.
1440 2628 1492 2656 44.
1515 2626 1682 2660 ‘Omnem

986 2674 1199 2704 collationem
1210 2674 1320 2714 palam
1336 2676 1558 2707 recusarent!
1581 2677 1681 2709 Ber-n.

1029 2725 1046 2764 ᾧ
1065 2726 1103 2754 10
1126 2723 1312 2764 Lamachus]
1350 2724 1590 2765 Cognomiucm
1606 2727 1683 2759 huic

986 2773 1243 2805 Atheniensium
1264 2773 1384 2804 (lucem
1406 2780 1571 2806 memorat
1586 2776 1682 2809 Plut.

986 2825 1019 2855 iu
1047 2825 1184 2855 Pericle
1210 2834 1239 2855 c.
1255 2827 1308 2855 39.
1333 2830 1368 2855 et
1390 2825 1515 2856 Noster
1541 2836 1589 2858 lv.
1604 2831 1635 2859 4.
1651 2832 1681 2860 3.

985 2875 1069 2905 Mss.
1086 2879 1197 2905 tamon
1211 2878 1245 2904 et
1259 2873 1394 2914 quidam
1407 2875 1504 2915 impr.
1518 2876 1682 2909 Malachus

985 2924 1037 2955 hic
1061 2924 1195 2965 habent,
1218 2933 1260 2955 ex
1290 2934 1367 2966 quo,
1393 2935 1452 2966 per
1478 2930 1681 2961 contractio-
