2101 3419
460 359 572 401 1050
773 368 1025 401 uacuusus
1059 367 1343 401 Emi-Ionum
1374 369 1586 402 JUSTINI.

461 469 589 509 beum.
623 468 920 519 Subjunguntur
940 473 1108 520 quatuor
1127 468 1293 508 disticha
1310 482 1319 507 τ
1350 471 1496 507 ‘Aurea
1515 471 1537 508 J
1542 468 1684 515 ustini‚'
1702 471 1778 507 διο.
1807 470 1904 509 Post

458 544 546 581 quae
566 532 722 570 tandem
742 531 947 569 exhibetur
965 530 1144 581 Epistola
1164 531 1342 568 Sabellici
1358 531 1407 569 ad
1423 531 1698 577 Contarenum,
1713 544 1799 569 cum
1816 532 1906 569 sub-

457 594 688 644 scriptione:
717 598 727 616 ‘
744 595 981 643 Impressum
1012 593 1215 632 Venetiam
1247 593 1336 641 (sic)
1364 605 1435 642 per
1461 592 1683 642 magistrum
1715 594 1904 632 Joannem

455 655 677 694 Tacuinum
711 655 761 692 de
793 655 959 693 Tridino
980 666 1032 694 M.
1054 665 1207 694 ccccc,
1235 665 1319 693 VII.
1348 655 1410 692 die
1441 664 1561 692 xvn.
1589 655 1903 701 Maii.'—Index,

456 729 570 766 quem
590 716 786 767 promittit
817 717 954 755 titulus
974 717 1090 767 hujus
1121 717 1312 762 editionis,
1330 717 1369 754 in
1388 730 1433 755 ea
1452 729 1529 754 non
1547 717 1748 767 reperitur.
1788 716 1904 755 Unde

456 779 657 818 Gronovio
688 785 775 818 orta
806 780 991 830 suspicio,
1024 792 1111 817 eam
1130 779 1307 817 ‘vivente
1340 779 1498 829 quidem
1528 779 1714 817 Sabellico
1752 779 1904 830 prelum

456 842 631 888 subiisse,
651 847 744 892 post
762 847 926 880 mortem
946 855 1039 881 vero
1058 842 1172 892 ipsius
1191 843 1345 880 demum
1363 842 1412 880 ad
1442 841 1558 880 finem
1593 841 1712 880 fuisse
1741 841 1903 891 perduc-

455 909 555 942 tam:
587 904 775 954 siquidem
814 917 917 942 anno
951 915 1089 943 MDVI.
1118 904 1284 942 animam
1319 905 1405 943 Deo
1436 903 1609 942 reddidit
1642 904 1789 941 illustre
1807 902 1903 941 illud

456 967 579 1005 Italiae
593 967 753 1005 literatae
772 970 1071 1006 ornamentum.’
1098 968 1162 1006 Cf.
1184 969 1331 1006 Panzer
1344 967 1461 1006 Tom.
1477 977 1579 1005 VIII.
1599 980 1640 1016 p.
1660 972 1752 1007 385.

512 1034 615 1069 1510
641 1029 800 1068 Juntina
820 1039 851 1067 Ι.
874 1035 910 1068 8.
940 1035 1098 1067 curante
1113 1029 1293 1067 Mariano
1307 1029 1474 1066 Tuccio.
1505 1032 1514 1049 ‘
1530 1029 1707 1067 Justinus
1720 1041 1795 1066 una
1813 1040 1904 1067 cnm

453 1092 500 1130 L.
521 1092 634 1129 Floro
654 1105 777 1142 nuper
800 1092 1038 1142 castigatus.'
1094 1091 1178 1129 Fol.
1203 1096 1236 1128 1.
1256 1091 1296 1129 b.
1354 1094 1364 1111 ‘
1381 1090 1578 1128 Marianus
1605 1090 1783 1128 Tuccius
1814 1091 1905 1129 Flo-

452 1154 626 1192 rentinus
666 1154 832 1192 Andreae
862 1154 1114 1205 Marsuppino
1141 1153 1279 1203 juveni
1310 1152 1553 1190 ornatissimo
1601 1153 1656 1190 S:
1719 1153 1765 1190 In
1798 1151 1874 1190 fine
1891 1166 1902 1192 x

454 1220 463 1236 ‘
478 1217 712 1266 Impressum
744 1216 967 1262 Florentiae,
999 1229 1121 1267 opera
1149 1221 1266 1266 atque
1297 1215 1469 1265 impensa
1502 1214 1644 1265 Filippi
1675 1215 1724 1252 de
1755 1215 1904 1253 Giunta

454 1278 678 1323 morentini,
716 1282 831 1316 1510.
860 1278 974 1316 tertio
1011 1278 1210 1317 Galeodas
1229 1278 1273 1327 (l.
1306 1277 1518 1326 Calendas)
1549 1277 1759 1323 Februarii,
1789 1278 1904 1316 Petro

454 1340 639 1378 Soderino
658 1345 850 1390 perpetuo
868 1340 1091 1378 Vexillifero
1111 1340 1556 1379 existente.’—Gronov.
1574 1340 1613 1378 in
1625 1339 1740 1379 Praef.
1760 1341 1904 1379 Panzer

452 1402 570 1440 Tom.
589 1412 673 1440 v11.
694 1415 735 1452 p.
759 1409 824 1442 12.

506 1486 558 1493 —
577 1465 881 1503 Mediolanensis
903 1476 963 1504 1v.
983 1466 1051 1504 fol.
1106 1469 1116 1487 ‘
1133 1466 1252 1516 Trogi
1284 1466 1456 1516 Pompeii
1488 1465 1659 1504 Historia
1688 1479 1759 1517 per
1787 1467 1906 1505 Justi-

453 1539 543 1563 num
564 1527 600 1563 in
621 1527 892 1576 compendium
913 1528 1070 1567 redacta
1089 1528 1260 1578 proxime
1288 1541 1404 1578 quam
1434 1528 1745 1566 emendatissime
1774 1528 1905 1567 edita.’

453 1589 647 1626 Justinum
668 1589 904 1628 comitantur
923 1591 1057 1628 Florus
1077 1596 1116 1628 et
1139 1590 1279 1636 Rufus,
1299 1590 1336 1627 in
1356 1589 1468 1639 cujus
1498 1589 1575 1627 fine
1590 1589 1767 1627 additur:
1798 1594 1808 1612 ‘
1825 1590 1905 1627 Ha-

454 1651 522 1688 bes
544 1650 720 1689 Candide
741 1653 882 1690 Lector
901 1653 939 1689 in
959 1653 1034 1691 hoc
1053 1651 1242 1690 volumine
1262 1665 1339 1690 non
1358 1652 1484 1690 minus
1515 1651 1622 1689 utilia
1637 1664 1754 1702 quam
1772 1651 1905 1702 lepida.

453 1713 596 1750 Justini
616 1714 652 1750 in
668 1714 860 1764 Trogum,
881 1720 920 1752 et
943 1714 1044 1752 Flori
1060 1714 1097 1751 in
1111 1714 1286 1752 Livium:
1315 1714 1474 1764 insuper
1488 1713 1595 1751 Sexti
1614 1713 1717 1752 Ruffi
1730 1714 1798 1752 viri
1810 1727 1902 1752 con-

455 1774 589 1812 sularis
617 1776 843 1825 Epithomas
861 1788 985 1827 nuper
1014 1776 1302 1826 castigatissime
1331 1776 1543 1813 Mediolani·
1569 1776 1773 1827 impressas
1802 1776 1903 1826 apud

454 1836 698 1875 Leonardum
717 1838 894 1888 Vegium.
924 1848 977 1876 Μ.
998 1848 1040 1876 D.
1073 1849 1118 1876 x.
1146 1837 1258 1875 nonis
1278 1836 1667 1887 Maiys.’-Gronov.
1686 1837 1784 1877 ibid.
1802 1837 1903 1876 Pan-

454 1910 520 1936 zer
538 1900 653 1938 Tom.
684 1911 746 1938 Ix.
765 1913 806 1950 p.
828 1905 920 1939 5:34.

506 1982 560 1988 —
577 1962 600 1999 J
605 1961 735 1999 untina
751 1972 802 2000 II.
819 1975 851 2001 s,
866 1962 894 2000 l.
911 1968 951 2001 et
968 1967 1119 2013 typogr.
1139 1967 1177 2001 8.
1206 1965 1217 1983 ‘
1231 1963 1254 2001 J
1259 1961 1373 2000 ustini
1388 1961 1557 2000 Historia
1571 1975 1618 2000 ex
1636 1961 1768 2013 Trogo
1787 1963 1905 2002 Pom-

454 2020 541 2070 peio
561 2028 727 2071 quatuor
745 2029 786 2060 et
804 2023 958 2073 triginta
977 2024 1070 2073 (sic)
1088 2023 1335 2074 epithomatis
1355 2023 1533 2061 collecta.
1562 2024 1675 2061 Lucii
1695 2024 1796 2063 Flori
1813 2025 1905 2075 Epi·

455 2083 629 2120 thomata
650 2090 818 2133 quatuor
837 2097 953 2134 quam
985 2085 1203 2123 cultissima
1234 2085 1273 2121 in
1306 2085 1441 2122 decem
1472 2085 1553 2122 Titi
1589 2087 1686 2124 Livii
1719 2086 1904 2125 decadas.

455 2145 558 2183 Sexti
579 2145 681 2183 Ruffi
714 2147 932 2184 Consularis
952 2146 1025 2184 uiri
1043 2146 1093 2184 ad
1124 2146 1437 2185 Valentinianum
1469 2148 1684 2196 Augustum
1703 2148 1752 2187 de
1772 2149 1903 2187 Histo-

454 2207 512 2245 ria
530 2220 688 2245 romana
718 2220 815 2257 opus
836 2208 1111 2258 dignissimum.
1166 2208 1298 2245 Nerua
1326 2207 1503 2245 cocceius
1537 2223 1584 2246 ex
1616 2210 1728 2248 dione
1759 2212 1903 2250 Graeco

454 2282 524 2320 per
544 2271 754 2320 Georgium
773 2272 965 2310 Merulam
984 2271 1301 2310 Alexandrinum.
1355 2271 1547 2320 Trajanus
1573 2273 1703 2312 Nerva
1721 2287 1768 2311 ex
1787 2274 1902 2313 dione

455 2346 528 2383 per
548 2334 711 2371 eundem
732 2335 939 2372 Merulam.
994 2333 1188 2372 Adrianus
1223 2347 1269 2372 ex
1295 2334 1409 2373 dione
1442 2347 1582 2384 graeco.
1639 2336 1903 2387 Conflagratio

457 2395 607 2433 Vesaevi
624 2395 765 2433 montis
784 2409 831 2433 ex
851 2396 965 2434 dione
984 2409 1054 2445 per
1072 2396 1337 2446 supradictum
1356 2397 1560 2437 Merulam.
1601 2398 1646 2437 P.
1668 2398 1834 2437 Victoris
1853 2399 1903 2437 de

457 2456 677 2506 regionibus
699 2459 804 2496 urbis
826 2459 960 2496 Romae
978 2459 1129 2496 libellus
1151 2459 1313 2496 unicus.’
1367 2461 1548 2510 Sequitur
1576 2460 1696 2511 lilium
1725 2461 1901 2508 rubrum,

457 2531 504 2556 ex
524 2532 603 2568 quo
623 2521 820 2559 manifeste
839 2527 1016 2572 apparet,
1037 2522 1135 2559 hanc
1156 2521 1365 2560 editionem
1394 2535 1573 2561 excusam
1603 2522 1720 2560 fuisse
1750 2523 1904 2564 Floren-

458 2581 522 2619 tiae
543 2582 581 2619 in
601 2584 860 2633 typographia
877 2584 1202 2634 PhilippiJuntae.
1257 2585 1527 2623 Praefationem
1560 2585 1745 2635 praemisit
1776 2586 1904 2626 editor

459 2645 698 2694 Augustinus
720 2647 927 2685 Becharius
958 2647 1222 2686 Mortariensis
1251 2648 1456 2687 Sacerdos.
1511 2649 1555 2685 In
1575 2648 1650 2685 fine
1671 2648 1715 2686 P.
1736 2648 1903 2687 Victoris

460 2706 621 2756 legitur:
652 2712 662 2728 ‘
680 2710 913 2759 Impressum
940 2710 1013 2748 suit
1031 2710 1106 2748 hoc
1125 2723 1224 2760 opus
1244 2712 1358 2748 Anno
1377 2710 1521 2749 domini
1542 2723 1594 2750 Μ.
1617 2721 1768 2749 eecce.
1798 2710 1904 2748 deci-

461 2781 539 2807 mo.
594 2771 710 2809 Nono
727 2772 894 2811 Kalend.
923 2774 1399 2823 Augusti.'-—-Gronovius,
1420 2773 1487 2823 qui
1516 2786 1606 2811 usus
1631 2779 1691 2811 est
1708 2773 1793 2821 *hac
1820 2772 1901 2810 edi-

465 2832 580 2879 tione,
596 2834 693 2872 male
709 2846 791 2874 cam
811 2835 937 2875 retulit
953 2835 1002 2874 ad
1022 2848 1083 2875 an.
1109 2840 1223 2875 1500.
1244 2836 1331 2875 ideo
1345 2836 1478 2876 merito
1497 2836 1750 2886 reprehensus
1770 2848 1791 2874 a
1809 2835 1899 2874 Cre-
