2101 3419
489 368 683 400 JUST1N1
720 368 813 400 [ΑΒ.
847 368 1000 399 xxlx.
1033 369 1141 400 GAP.
1173 360 1214 399 4.

138 462 277 502 habent,
294 465 377 494 velus
394 461 595 493 Macedonum
616 462 717 492 virtus
732 465 761 492 et
785 463 836 493 tle-

139 514 217 545 vlcti
233 515 290 545 Or.
302 514 348 552 gl.
373 513 455 544 Vor.

185 565 273 597 CAP.
297 573 347 595 lv.
402 564 419 604 ξ
443 565 462 594 2
484 562 638 601 Legatum
663 561 773 592 deinde
795 562 836 592 aa

139 613 340 653 Annibalem]
365 612 443 644 Vid.
471 612 672 643 Liv.xxn¹.
700 614 752 642 31.
779 611 837 652 qni

143 665 176 696 in
201 665 331 695 vincula
347 663 499 695 conditos
526 663 679 703 Philippi
706 663 837 703 legatos

144 714 273 745 scribit.
296 714 399 752 Bong-

186 763 351 794 Incolumis
375 762 530 802 dimissas,
552 772 612 793 non
635 762 669 793 in
694 761 838 793 honorem

141 812 241 852 regis]
265 812 320 842 De
334 812 543 852 Xenophane
557 811 710 852 Philippi
725 812 838 851 legato

142 870 183 892 ac
195 862 263 892 suis
280 862 352 892 Liv.
372 871 484 893 xxul.
502 861 550 892 ita
567 861 635 892 ait:
658 862 667 878 ‘
685 860 840 900 Captivis

143 909 179 940 in
195 911 331 941 vincula
346 910 505 949 conditis,
519 909 767 950 comitibusque
784 919 839 940 eo-

147 969 222 990 rum
257 959 317 990 sub
345 960 439 990 hasta
468 959 615 991 venditis
629 959 650 990 ε’
673 962 737 991 διο.
783 959 839 990 De

147 1008 340 1039 dimissione
354 1018 468 1039 eorum
483 1009 585 1040 nihil:
610 1008 668 1039 sed
686 1009 716 1039 id
736 1008 840 1039 varia-

145 1064 213 1090 tum
224 1063 306 1099 puto
318 1059 350 1090 in
362 1060 513 1099 historia,
526 1060 604 1100 quia
613 1060 841 1100 Xenophanes

148 1110 248 1150 paulo
261 1114 339 1140 ante
354 1110 402 1141 M.
415 1110 600 1149 Valerium,
615 1110 648 1140 in
665 1110 762 1150 cujus
775 1119 841 1140 ma-

146 1167 208 1189 nus
223 1159 401 1199 inciderat,
414 1159 613 1200 deceperat.
640 1160 731 1190 Glar.

189 1209 207 1249 ξ
228 1211 249 1240 4
273 1209 430 1240 Loevz‘nnm
453 1210 630 1250 proetorem]
676 1210 725 1241 M.
741 1210 842 1242 Vale-

149 1259 218 1290 rius
240 1260 394 1290 Laevinns
419 1265 544 1300 praetor
561 1261 610 1291 M.
627 1260 793 1291 Marcello
807 1265 844 1292 et

149 1311 193 1342 Q.
217 1310 323 1340 Fabio
339 1311 489 1341 Maximo
505 1310 596 1342 Coss.
621 1320 640 1341 a
667 1311 843 1350 Romanis,

148 1360 309 1399 precibus
336 1359 601 1400 Apolloniatum,
622 1365 740 1392 contra
768 1362 844 1392 Phi-

148 1411 279 1452 lippum
292 1412 423 1443 missus.
461 1412 532 1442 Liv.
549 1421 653 1444 xxw.
669 1416 721 1444 40.
735 1414 844 1453 Bong.

192 1462 209 1501 ἕ
233 1464 252 1492 8
276 1462 344 1492 Nec
358 1471 417 1492 non
428 1466 458 1493 et
473 1461 511 1492 ab
524 1462 701 1502 Illyriorum
716 1472 788 1502 rege
801 1464 845 1494 la-

149 1511 211 1541 teri
226 1511 290 1549 ejas
301 1511 499 1552 inhoerentes]
521 1511 561 1542 Iu
578 1511 680 1542 verbo
694 1512 846 1543 hoerentes

151 1561 364 1601 amphibolon
381 1566 444 1594 est.
490 1562 580 1593 Num
595 1562 742 1593 haerentes
753 1563 846 1593 lateri

150 1612 234 1651 regis
261 1612 468 1653 Illyricorum,
507 1622 548 1643 an
572 1613 706 1643 lzaerente
732 1613 847 1653 legen-

151 1662 254 1693 dum?
279 1667 315 1693 ut
331 1663 376 1694 sit
391 1672 530 1694 sensus:
555 1662 747 1703 Exigebant
771 1672 846 1703 pro-

152 1712 252 1743 missa
275 1712 317 1744 ab
341 1713 533 1754 Illyriorum
559 1721 639 1753 rege
663 1713 847 1753 Demetrio,

153 1762 297 1794 haerenti
337 1763 436 1794 lateri
465 1763 553 1803 ejus,
595 1773 641 1793 sc.
680 1763 845 1803 Philippi.

153 1813 292 1854 Quippe
305 1813 362 1854 qni
384 1813 581 1844 Demetrius
593 1812 627 1843 in
640 1812 762 1843 bellum
780 1813 847 1843 Ro-

151 1871 285 1893 manum
314 1862 511 1902 Philippum
539 1862 734 1901 impulerat.
780 1862 846 1892 Sed

150 1911 303 1943 haerentes
323 1912 436 1942 malim
464 1911 506 1942 de
529 1911 705 1942 civitatum
726 1912 847 1952 legatis

151 1961 353 2003 intelligere.
383 1961 532 1993 Glarean.
591 1961 689 1994 Junt.
720 1962 846 1993 rectius

150 2021 205 2042 nec
219 2021 280 2042 non
295 2011 348 2043 Ill.
359 2021 428 2050 rex,
443 2012 464 2042 l.
477 2021 502 2042 e.
515 2011 644 2051 hoerens,
664 2021 723 2043 ass.
734 2021 783 2051 pr.
794 2021 846 2052 pr.

150 2061 306 2100 exigebat.
333 2061 422 2092 Sane
438 2061 535 2092 unius
552 2061 719 2092 Demetrii
732 2061 847 2092 memi-

152 2112 203 2143 nit
221 2112 255 2143 in
271 2121 346 2153 cap.
368 2114 400 2142 2.
417 2111 474 2152 qui
490 2111 686 2152 Philippum
710 2112 743 2142 in
758 2111 848 2142 bella

152 2163 376 2195 Romanorum
390 2162 574 2203 impulerit.
618 2162 716 2195 Junt.
738 2162 848 2193 secuti

152 2217 232 2244 sunt
245 2212 359 2254 Angli.
383 2213 489 2244 Paulo
506 2216 584 2243 ante
598 2223 606 2243 :
623 2212 762 2252 ‘juncta
772 2222 848 2243 cum

154 2274 237 2305 rege
266 2263 386 2297 Attalo
412 2262 599 2295 societate!
644 2263 739 2295 Junt.
767 2262 849 2294 inita

153 2324 219 2346 cum
243 2324 272 2346 r.
295 2315 337 2346 A.
354 2324 380 2346 s.
409 2314 527 2345 Graev.
583 2312 725 2352 Optime
751 2312 849 2344 Junt.

154 2365 276 2407 Neque
292 2364 378 2396 enim
393 2365 520 2405 plures,
541 2364 628 2395 solus
654 2362 849 2394 Demetrius

155 2418 241 2446 erat.
265 2414 378 2446 Faber.
421 2413 548 2445 Mirum
575 2413 711 2454 quinam
739 2413 850 2453 plures

154 2464 205 2496 illi
217 2465 406 2506 lllyriorum
423 2473 522 2504 reges
546 2463 684 2503 fuerint,
700 2462 757 2504 qui
772 2462 851 2493 Phi-

155 2514 239 2556 lippi
264 2514 364 2545 lateri
390 2514 574 2545 haeserunt.
631 2513 740 2544 Paulo
771 2516 851 2543 ante

157 2573 238 2596 sane
251 2573 335 2596 unus
347 2568 477 2596 tantum
492 2563 683 2604 Illyriorum
700 2572 762 2593 rex
782 2572 851 2593 me-

157 2619 318 2655 moratur,
327 2614 383 2656 qui
395 2614 590 2654 Philippum
607 2614 640 2643 in
652 2613 777 2644 bellum
788 2613 853 2644 Ro-

157 2675 330 2697 manorum
355 2665 542 2705 impulerit,
565 2664 702 2695 nomine
727 2664 853 2695 Deme-

157 2715 253 2747 trius.
297 2715 360 2746 Cui
374 2715 474 2755 plane
489 2713 734 2746 convenienter
756 2714 852 2746 Junt.

158 2768 194 2796 et
210 2764 265 2795 hio
279 2764 383 2795 habet
396 2774 535 2795 numero
551 2764 722 2805 singulari.
751 2764 852 2796 Vorst.

161 2815 273 2846 Recte
289 2813 372 2845 illud
392 2824 480 2854 reges
503 2819 696 2855 suspectum
713 2815 852 2853 habent,

161 2874 237 2896 cum
249 2864 356 2905 Illyrii
372 2874 439 2896 non
453 2865 645 2904 habuerint,
657 2865 719 2896 nisi
737 2875 852 2906 regem

159 2917 507 2957 unum,Demetrium.
553 2917 628 2950 Nec
645 2922 758 2952 tamen
774 2927 853 2951 con-

1497 357 1582 397 949

885 462 1056 500 cesserim,
1072 462 1152 493 lect.
1171 471 1283 493 veram
1300 470 1371 492 esse
1395 461 1449 492 ed.
1472 461 1585 493 Junti-

886 522 950 551 nae,
974 517 1024 544 tot
1055 513 1217 544 mutantis
1242 512 1418 551 vocabula,
1448 521 1522 552 quae
1549 512 1583 543 in

887 561 986 593 codd.
1005 563 1089 592 Mss.
1108 563 1181 593 aliis
1198 563 1367 602 leguntur,
1394 566 1442 602 et,
1457 571 1520 602 pro
1535 572 1585 593 re-

884 621 953 651 geS,
974 621 1032 642 rex
1045 623 1057 649 ;
1080 622 1141 652 pro
1167 612 1328 652 hoerentes,
1354 614 1495 650 haerens;
1521 623 1583 654 pro

887 661 1064 701 exigebant,
1091 662 1233 701 exigebat
1251 661 1474 702 praeferentis.
1518 663 1586 694 Po-

888 711 954 742 tius
980 712 1208 743 emendatoris
1245 713 1387 753 alicujus
1416 712 1483 743 ista
1508 717 1587 744 sunt

889 771 988 802 quam
1003 762 1145 794 Justini.
1171 762 1289 803 Ipsum
1306 767 1388 803 puto
1404 763 1587 803 Illyriorum

888 811 1057 850 legationes
1074 812 1261 852 scripsisse,
1286 822 1405 843 verum
1420 811 1458 842 τὸ
1473 813 1585 852 legati-

888 869 960 891 ones
977 866 1094 901 postea
1109 866 1287 893 contracte
1303 861 1482 893 formatum
1495 863 1528 893 in
1544 865 1586 894 le-

887 920 954 950 ges,
970 911 1060 951 quod
1077 921 1152 942 cum
1168 912 1288 943 scribae
1311 913 1438 943 nullum
1456 913 1587 944 videre-

891 965 947 992 tur
970 962 1094 992 habere
1112 971 1259 1001 sensum,
1286 963 1344 1003 qui
1369 962 1522 994 codicem
1547 963 1589 994 is·

891 1016 962 1042 tum
989 1012 1173 1053 tractabat,
1203 1023 1245 1044 ex
1274 1023 1315 1044 eo
1342 1012 1464 1044 fecisse
1488 1023 1588 1053 reges.

890 1061 993 1099 Sclaff.

934 1112 952 1152 ξ
975 1114 995 1142 9
1019 1111 1092 1141 Non
1106 1111 1176 1151 quia
1182 1111 1292 1150 facere
1305 1115 1416 1153 posset,
1426 1113 1493 1154 ἃς]
1514 1113 1588 1145 Liv.

893 1168 1000 1191 xxm.
1016 1163 1069 1191 46.
1085 1164 1116 1192 4,
1140 1161 1149 1177 ‘
1163 1160 1266 1191 AEtoli
1294 1170 1370 1192 cum
1394 1171 1455 1202 spe
1471 1162 1589 1202 magis,

893 1209 1052 1240 Romanis
1079 1209 1191 1240 onmia
1216 1210 1464 1250 pollicentibus,
1489 1221 1588 1252 quam

893 1269 968 1291 cum
983 1260 1106 1290 auxilio
1134 1260 1283 1291 dimissi!
1328 1262 1372 1292 Et
1389 1271 1518 1294 xxxw.
1535 1266 1588 1294 12.

893 1313 925 1341 2.
970 1311 1056 1342 Cato
1084 1311 1209 1341 auxilia
1236 1311 1433 1351 rogantibus
1467 1313 1589 1344 ‘sociis

894 1371 988 1401 spem
1027 1371 1086 1401 pro
1118 1371 1154 1392 re
1185 1362 1421 1393 ostentandam
1450 1367 1589 1402 censet;

893 1421 985 1452 saepe
1000 1422 1085 1443 vana
1100 1421 1162 1452 pro
1185 1412 1287 1451 veris,
1311 1413 1456 1443 maxime
1471 1412 1505 1443 in
1518 1413 1590 1444 bel-

894 1462 938 1500 lo,
953 1462 1121 1500 valuisse;
1147 1466 1182 1493 et
1198 1461 1395 1493 credentem
1409 1471 1445 1493 se
1462 1462 1591 1503 aliquid

895 1512 1165 1551 auxiliihabere,
1192 1512 1333 1552 perinde
1361 1516 1466 1553 atque
1488 1513 1591 1544 habe-

895 1567 960 1601 ret,
976 1563 1049 1603 ipsa
1064 1562 1201 1601 fiducia,
1230 1566 1265 1593 et
1281 1563 1463 1603 sperando,
1489 1566 1591 1604 atque

896 1612 1050 1643 audendo
1092 1612 1286 1643 servatum!
1362 1611 1454 1643 Add.
1491 1612 1591 1644 eund.

897 1671 1031 1694 xxxw.
1045 1665 1096 1694 59.
1109 1665 1139 1694 6.
1150 1667 1186 1694 et
1197 1662 1281 1694 Tac.
1296 1662 1341 1694 H.
1355 1672 1412 1694 111.
1426 1666 1479 1695 25.
1492 1663 1591 1694 Rern.

950 1714 968 1753 ξ
1002 1716 1041 1744 10
1075 1712 1257 1744 Absentiam
1294 1713 1359 1752 ejus
1391 1714 1591 1754 aucupantes]

897 1763 968 1794 Cic.
984 1773 1045 1803 pro
1073 1763 1186 1794 Flacc.
1213 1766 1264 1794 39.
1286 1764 1295 1780 ‘
1307 1764 1376 1794 Cur
1392 1764 1544 1804 epistolis
1558 1768 1594 1795 et

896 1813 1018 1844 sororis
1046 1818 1080 1844 et
1106 1813 1224 1844 matris
1247 1814 1518 1846 imbecillitatem
1536 1825 1594 1847 au-

897 1862 1078 1902 cupatur?
1110 1864 1210 1894 Gron.
1255 1865 1413 1896 Lactant.
1430 1865 1472 1896 de
1485 1867 1592 1898 Mort.

897 1912 1036 1943 Persec.
1051 1916 1082 1944 9.
1107 1913 1116 1929 ‘
1129 1913 1312 1954 Aucupans
1330 1915 1441 1945 exitus
1458 1915 1594 1948 rerum.’

897 1963 1090 2004 Hegesipp.
1108 1973 1133 1994 1.
1149 1967 1180 1995 9.
1203 1965 1212 1981 ‘
1226 1965 1307 2005 Ejus
1324 1964 1512 1996 absentiam
1536 1976 1595 1997 au-

897 2019 1040 2054 cupatus
1054 2014 1273 2046 Alexander!
1316 2016 1404 2047 Saxo
1418 2026 1476 2048 111.
1495 2027 1529 2057 p.
1543 2020 1595 2048 51.

897 2067 950 2096 43.
984 2066 993 2082 ‘
1011 2065 1137 2096 Rerum
1184 2066 1382 2098 occasiones
1421 2067 1594 2108 aucupor!

898 2124 973 2147 xw.
987 2126 1020 2156 p.
1036 2118 1109 2148 287.
1124 2118 1177 2147 46.
1199 2117 1208 2132 ‘
1222 2116 1523 2157 Opportunitatem
1541 2127 1596 2149 oc-

898 2165 1065 2205 cupandae
1098 2165 1208 2205 gentis
1235 2165 1445 2206 aucupatus!
1489 2166 1597 2197 Immi-

897 2224 968 2247 nere
983 2215 1086 2246 etiam
1109 2215 1185 2246 ead.
1210 2215 1348 2246 notione
1375 2216 1524 2247 occurrit
1539 2225 1595 2256 ap.

899 2265 999 2296 eund.
1014 2274 1081 2297 vu.
1107 2275 1141 2306 p.
1167 2268 1240 2297 123.
1257 2268 1287 2296 1.
1311 2268 1319 2283 ‘
1339 2265 1597 2306 circumpositis

899 2315 1075 2346 imminere
1103 2315 1312 2355 provinciis:'
1345 2315 1403 2347 ubi
1431 2315 1498 2348 vid.
1523 2316 1596 2346 Ste-

900 2365 1081 2406 phanium:
1106 2370 1140 2396 et
1165 2373 1249 2396 xm.
1271 2375 1304 2405 p.
1319 2368 1395 2396 230.
1421 2364 1447 2396 f.
1468 2365 1596 2396 ‘Danis

901 2415 1160 2455 infatigabiliter
1173 2415 1373 2446 imminens!

944 2467 961 2508 ς
985 2469 1023 2496 11
1049 2465 1272 2507 Pacemfacz't]
1306 2465 1427 2497 Publio
1440 2465 1596 2507 Sempro-

901 2515 957 2547 nio
990 2516 1023 2546 in
1052 2516 1227 2556 provincia
1259 2516 1483 2556 proconsule:
1523 2516 1596 2547 Liv.

902 2575 1005 2597 xxix.
1022 2569 1075 2597 12.
1103 2566 1198 2598 Bern.

948 2617 1115 2648 Contentus
1137 2616 1263 2646 interim
1285 2615 1394 2646 bellum
1416 2616 1596 2648 Macedoni-

902 2676 970 2697 cum
983 2665 1155 2705 distulisse]
1184 2666 1312 2697 Contra
1337 2669 1484 2696 mentem
1507 2665 1598 2697 Auc-

903 2717 986 2748 toris
1005 2716 1078 2747 haec
1095 2719 1190 2753 sunt;
1214 2719 1251 2746 et
1275 2720 1396 2746 contra
1411 2715 1514 2747 libros
1538 2717 1600 2748 eti-

903 2777 955 2797 am
973 2776 1086 2797 omnes
1117 2770 1206 2796 notae
1235 2765 1394 2804 melioris,
1419 2766 1454 2796 in
1475 2766 1596 2807 quibus

903 2821 957 2848 est
970 2817 1134 2850 contentis:
1149 2820 1242 2847 reete
1255 2826 1262 2846 :
1276 2816 1319 2847 de
1335 2817 1492 2847 Romanis
1508 2817 1597 2848 enim

902 2868 975 2897 haec
989 2866 1197 2907 accipienda,
1209 2875 1275 2897 non
1288 2866 1330 2896 de
1343 2866 1521 2907 Philippo:
1539 2868 1595 2908 qui

905 2917 1046 2949 Romani
1062 2927 1139 2949 cum
1157 2916 1401 2949 distinerentur
1422 2916 1511 2949 bello
1528 2917 1597 2949 Pu-
