2101 3419
401 355 420 396 ]
430 355 516 397 022

400 469 484 507 quot
496 466 637 506 gentes?
660 468 743 507 quot
755 466 876 507 populi
891 467 1010 498 erant?
1033 467 1104 499 Ita-

399 526 464 558 que
491 522 611 556 gentes
639 517 707 548 illae
735 521 834 548 eraut
860 527 926 548 non
952 518 1103 549 homines

398 566 516 606 Siculi,
548 576 613 597 non
645 567 738 607 Itali,
764 577 832 599 non
859 567 1017 609 Asiatici,
1042 568 1103 600 &c.

397 617 459 648 sed
476 617 600 648 Graeci.
625 618 704 650 Fab.

443 668 461 708 ξ
485 670 525 698 12
549 668 679 708 Medea]
704 669 807 709 Cujus
818 669 1104 711 historiam‚prae-

398 720 454 748 ter
471 718 670 759 Euripidem
687 723 722 749 et
741 719 858 760 Apoll.
875 721 983 751 Rhod.
1000 721 1104 752 habet

400 766 468 799 Ov.
484 768 534 799 M.
553 777 615 799 vn.
639 768 711 800 Cic.
728 769 770 799 de
787 770 831 801 N.
847 771 894 801 D.
910 779 968 801 111.
989 774 1042 802 26.
1067 775 1103 802 et

398 826 461 857 pro
484 818 522 849 L.
548 818 669 849 Manil.
690 821 722 850 9.
746 819 931 851 Berneccer.
977 820 1103 851 Medea

397 876 461 908 per
487 868 670 899 divortium
693 868 891 900 decesserat
914 870 957 900 ab
983 870 1103 911 AEgeo,

396 926 479 958 rege
494 918 718 951 Athenarum.
753 921 833 952 Vid.
849 931 922 962 sup.
941 930 984 953 11.
1000 924 1029 952 6.
1048 924 1100 953 14.

404 969 479 1001 Vor.

439 1020 563 1060 Medio]
594 1021 651 1053 Ita
666 1021 746 1053 boni
761 1021 859 1060 libri;
883 1031 969 1052 unus
993 1021 1102 1062 Medo,

396 1069 565 1110 quomodo
588 1080 661 1101 eum
688 1071 801 1102 Strab.
828 1071 946 1112 steph.
971 1075 1006 1101 et
1033 1072 1101 1102 Eu-

396 1119 500 1150 stath.
527 1125 662 1151 vocant.
696 1121 853 1159 Bongars.
898 1120 1040 1152 Hesiod.
1066 1121 1101 1151 in

394 1169 527 1209 Theog.
552 1173 646 1201 1001.
671 1169 802 1207 Μήδειον
825 1170 919 1201 illum
934 1170 1100 1210 appellat.

399 1220 499 1250 Gron.

437 1269 641 1309 Socer-umque
651 1269 763 1310 etiam]
788 1269 895 1301 Scrib.
907 1279 1102 1310 socerumque

394 1319 534 1350 AE'e'tam.
581 1319 657 1351 Vid.
684 1319 799 1359 Higin.
819 1320 902 1351 Fab.
919 1322 972 1351 27.
998 1321 1099 1352 Idem.

394 1370 542 1401 'Petrum
566 1371 664 1402 ulcus
681 1372 713 1402 in
728 1372 760 1402 h.
777 1372 799 1403 l.
817 1376 881 1412 est,
895 1373 983 1413 quod
1001 1383 1021 1403 a
1043 1382 1101 1403 ne-

392 1420 483 1451 mine
500 1421 767 1452 animadversum
780 1426 816 1453 et
829 1427 981 1453 sanatum
994 1421 1100 1453 fuisse

394 1471 615 1503 vehementer
645 1472 762 1503 miror.
808 1473 865 1503 De
895 1473 954 1503 illo
992 1482 1101 1513 nuper

395 1521 563 1561 scriptum
586 1527 638 1553 est
663 1522 705 1552 ad
732 1523 907 1554 Graevium
934 1527 1101 1562 nostrum,

395 1571 455 1602 sed
473 1576 574 1603 antea
591 1572 632 1602 ad
650 1573 846 1611 Borellum;
873 1573 1030 1614 Epistola
1046 1577 1100 1604 est

392 1620 428 1651 in
456 1620 522 1651 fine
551 1622 667 1652 harum
695 1623 902 1653 notularum.
946 1623 1014 1654 Sed
1042 1623 1100 1654 ab·

393 1671 562 1702 solvamus
600 1677 729 1710 cetera,
766 1677 803 1704 et
841 1673 918 1704 hinc
964 1673 1100 1704 taudem

394 1731 625 1763 emergamus;
648 1733 726 1754 nam
742 1725 888 1764 paucula
904 1728 1099 1765 supersunt.

394 1771 473 1803 Fab.

438 1822 524 1853 CAP.
543 1831 599 1853 nr.
634 1824 651 1863 ξ
669 1825 685 1853 1
723 1822 765 1854 Et
781 1823 890 1864 filium
905 1822 1098 1864 AEgialz'um]

394 1871 464 1902 Hic
492 1872 672 1912 Apollonio
701 1876 737 1902 et
766 1873 925 1903 Straboni
955 1882 1018 1904 vn.
1045 1879 1099 1904 cst

393 1922 559 1962 Absyrtus
582 1923 747 1961 Bongars.
779 1922 925 1954 Quidam
943 1923 1099 1963 impressi

392 1972 537 2012 etfilium
553 1973 650 2002 OEtoe.
678 1972 711 2002 M
719 1972 783 2003 ale.
807 1971 988 2013 Aliifilium
1000 1974 1096 2004 AEtae.

393 2021 487 2052 Male
515 2021 662 2061 positum
692 2031 753 2061 pro
784 2022 896 2053 AE'e‘lw.
942 2022 1009 2053 Sed
1042 2028 1096 2053 est

394 2071 571 2111 glossema.
609 2071 697 2101 Nam
715 2072 892 2110 praecessit
907 2071 983 2109 ejus.
1019 2072 1096 2103 Hoc

393 2120 547 2161 pertinet
560 2120 601 2150 ad
615 2120 902 2159 emendationem,
919 2131 991 2160 qum
1010 2131 1097 2152 ame

392 2170 427 2200 in
458 2174 613 2201 extremo
643 2170 710 2201 tine
745 2171 857 2210 posita
887 2175 950 2202 cst.
986 2171 1097 2203 Faber.

392 2219 485 2251 Num
522 2220 713 2260 reperiatur
756 2230 895 2260 usquam
933 2220 1095 2259 AEgialius

390 2269 522 2307 ignoro.
547 2269 717 2309 AEgialeus
733 2270 869 2309 legitur,
881 2270 940 2300 sed
957 2269 1097 2302 Adrasti

391 2319 494 2350 filius.
540 2318 629 2350 Num
661 2329 776 2350 errore
812 2319 1008 2359 glossatoris
1040 2320 1096 2350 ad-

393 2369 557 2409 scriptum
580 2370 612 2400 in
637 2370 798 2410 margine,
821 2379 860 2400 ac
884 2369 962 2400 dein
987 2374 1096 2401 trans-

392 2424 535 2450 sumtum
568 2420 601 2450 in
629 2421 784 2451 textum?
826 2420 881 2451 Ita
907 2420 993 2450 malo
1023 2430 1096 2451 cre-

392 2469 484 2500 dere.
531 2470 619 2500 Nam
647 2470 709 2508 ejus
740 2470 839 2500 Fabri
865 2470 960 2500 nimis
992 2471 1094 2510 longe

392 2519 464 2550 abit
494 2529 514 2550 a
553 2520 718 2550 vocabulo
758 2521 944 2559 AEgialium.
982 2520 1095 2552 Schef.

435 2571 452 2609 §
479 2573 498 2600 2
533 2571 718 2610 Primusque
742 2570 955 2610 humanm-mn]
994 2572 1002 2587 ‘
1021 2570 1095 2601 Hu-

391 2620 481 2650 mani
495 2620 504 2633 ’
520 2630 579 2660 pro
596 2621 799 2652 homiuibus,
828 2621 901 2652 Cic.
922 2619 994 2651 Att.
1010 2629 1093 2653 xul.

391 2670 458 2700 21.‘
476 2670 618 2700 Possum
632 2669 704 2700 falli
720 2674 757 2700 ut
770 2669 956 2700 humanus.5
975 2670 1040 2701 Ov.
1053 2678 1094 2702 11.

394 2719 431 2749 F.
455 2722 464 2736 ⁴
483 2720 632 2750 Pulcher
650 2723 685 2750 et
701 2719 847 2750 humano
864 2718 997 2759 major!
1029 2719 1095 2750 Lu-

392 2773 477 2800 cret.
494 2779 551 2800 111.
583 2771 591 2786 ‘
612 2771 655 2800 Et
671 2780 761 2810 saepe
777 2779 881 2811 usque
903 2770 988 2800 adeo
1007 2779 1093 2800 mor·

393 2821 436 2850 tis
466 2820 644 2852 formidine
678 2821 755 2853 vitae
786 2822 944 2862 Percipit
977 2822 1092 2852 huma-

393 2879 454 2902 nos
477 2871 589 2903 odium
614 2872 764 2913 lucisque
788 2871 972 2904 videndae.’
1009 2871 1092 2903 Pari

870 367 1012 398 NOTAE
1051 367 1314 399 VARIORUM
1350 370 1401 400 ΙΝ

1154 469 1255 500 modo
1274 470 1492 502 vernaculum
1510 475 1664 502 nostrum
1688 461 1857 512 mssnsstb

1155 519 1295 560 proprie
1322 530 1443 552 nomen
1474 521 1682 562 adject1vum
1714 526 1767 552 est
1797 530 1860 562 pro

1155 561 1379 612 ῐῙῙΒΠΠῘΞΕῇ,
1396 571 1547 613 nihilque
1569 571 1659 602 aliud
1683 581 1782 612 quam
1798 571 1859 602 hu-

1153 630 1289 652 manum
1305 627 1340 652 et
1355 621 1395 652 ad
1413 622 1583 653 hominem
1600 622 1776 661 pertinens
1793 621 1862 661 sig·

1153 670 1292 710 nificat3
1317 672 1375 702 sed
1401 682 1443 703 ex
1466 672 1641 712 adjectivo
1657 671 1786 703 factum
1803 671 1861 703 de·

1153 721 1233 753 inde
1250 726 1302 753 est
1316 722 1587 753 substantivum:
1613 727 1650 753 ut
1673 722 1707 752 in
1731 732 1807 762 cap.
1825 724 1859 754 2.

1156 771 1240 803 obs.
1266 772 1300 803 in
1324 772 1421 813 Ling.
1440 773 1588 804 Vernae.
1611 772 1859 804 demonstravi-

1153 831 1241 853 muS.
1270 822 1344 853 Ver.

1198 872 1276 901 Coelz'
1300 870 1440 911 plagam]
1481 870 1535 902 An
1562 871 1621 902 soli
1651 871 1857 912 legendum.

1153 920 1296 952 Freinsh.
1340 921 1426 952 Mihi
1449 922 1569 952 vocula
1583 922 1650 952 coelz'
1673 922 1715 952 ab
1739 922 1859 962 inepto

1151 970 1338 1009 glossatore
1363 970 1492 1002 intrusa
1516 970 1664 1010 videtur,
1687 971 1743 1012 qui
1764 971 1860 1012 alias,

1151 1019 1216 1051 nisi
1234 1021 1310 1051 coeli
1328 1021 1444 1060 plagas
1459 1021 1617 1052 nescivit.
1642 1021 1748 1059 Schef.

1196 1072 1213 1111 ᾗ
1237 1073 1254 1101 3
1274 1071 1425 1102 Frudium
1439 1074 1469 1101 et
1481 1071 1747 1112 Ampln'strutum]
1766 1072 1858 1103 Stra-

1152 1119 1230 1151 boni
1246 1125 1282 1152 et
1299 1122 1477 1152 Eustathio
1491 1121 1597 1153 Ῥεκὰς
1607 1123 1657 1153 καὶ
1669 1122 1858 1164 Ἀμφῖσ-τρα·

1150 1181 1215 1210 τος,
1227 1169 1255 1201 οἱ
1268 1172 1329 1201 τῶν
1345 1170 1536 1212 Διοσκούρων
1551 1171 1684 1212 ἡνίοχοι,
1701 1183 1720 1204 a
1736 1173 1857 1214 quibus

1151 1221 1269 1260 populi
1297 1221 1353 1251 isti
1381 1221 1554 1252 Heniochi
1580 1222 1676 1253 dicti.
1722 1223 1856 1253 Solinus

1151 1272 1209 1301 20.
1231 1270 1384 1301 Marcell.
1401 1280 1496 1302 xxn.
1514 1274 1566 1302 15.
1588 1271 1598 1288 ‘
1618 1271 1802 1312 Amphitus
1820 1276 1858 1304 et

1150 1319 1310 1351 Telchius
1328 1320 1497 1360 Spartani,
1512 1321 1640 1362 aurigae
1658 1322 1808 1353 Castoris
1821 1326 1858 1354 et

1152 1369 1328 1400 Pollucis!
1350 1370 1508 1409 Bongars.
1563 1370 1762 1412 Antiquitus
1796 1371 1858 1402 im-

1151 1420 1260 1461 pressi
1292 1420 1470 1461 Phrygium
1500 1421 1639 1460 habent,
1667 1420 1856 1454 manifestis

1152 1469 1302 1509 vestigiis
1321 1479 1409 1500 verae
1427 1470 1506 1501 lect.
1529 1480 1605 1511 quae
1625 1475 1676 1502 est
1696 1471 1857 1503 Rhecium.

1151 1520 1292 1550 Salmas.
1310 1519 1342 1549 iu
1356 1520 1462 1551 Solin.
1478 1522 1551 1551 193.
1570 1521 1605 1551 F.
1620 1524 1648 1552 1.
1673 1521 1855 1552 Berneccer.

1149 1571 1245 1603 Junt.
1263 1571 1379 1601 Recum
1394 1574 1424 1601 et
1440 1570 1703 1611 Amphistratum.
1738 1571 1855 1603 Strab.

1151 1630 1232 1651 sane
1259 1625 1294 1652 et
1321 1622 1480 1652 Eustath.
1516 1622 1633 1652 Recam
1661 1623 1854 1662 appellant.

1153 1670 1258 1701 Groev.
1302 1670 1448 1701 Bechar.
1467 1676 1502 1702 et
1520 1672 1603 1712 Maj.
1622 1682 1682 1712 pro
1700 1673 1855 1704 Frudium

1150 1721 1300 1760 edidere·
1321 1722 1505 1762 Phrygimn.
1551 1722 1592 1754 In
1623 1733 1687 1763 quo
1716 1723 1860 1755 Salmas.

1149 1772 1328 1811 vestigium
1345 1782 1417 1803 esse
1440 1777 1537 1812 putat
1561 1782 1650 1803 verae
1675 1773 1756 1803 lect.
1777 1782 1854 1814 quae

1149 1822 1193 1853 sit
1209 1822 1371 1853 Rhecium.
1396 1821 1443 1852 At
1459 1823 1573 1854 Juntae
1588 1823 1702 1853 Recam
1714 1822 1855 1862 habent,

1149 1872 1238 1912 quod
1267 1882 1342 1903 cum
1365 1872 1591 1912 appellatione
1618 1872 1793 1903 Strabonis
1817 1876 1855 1904 et

1149 1922 1330 1960 Eustathii,
1355 1926 1476 1961 utpote
1505 1922 1627 1962 quibus
1654 1921 1760 1953 *Ρεκὰς
1787 1926 1853 1962 est,

1149 1973 1278 2012 optime
1295 1973 1442 2003 omnium
1459 1973 1626 2011 congruit.
1655 1972 1726 2003 Vor.

1191 2022 1322 2061 Recum]
1368 2023 1476 2062 Bong.
1507 2032 1549 2052 ex
1579 2022 1694 2053 Strab.
1721 2025 1757 2052 et
1784 2021 1854 2052 Eu·

1148 2073 1251 2104 stath-
1280 2073 1328 2103 ita
1359 2072 1532 2109 restituit;
1558 2081 1633 2111 quae
1660 2080 1742 2101 vera
1768 2072 1851 2102 lect.

1147 2127 1211 2153 est.
1256 2121 1370 2153 Antea
1387 2120 1562 2161 legebatur
1578 2120 1744 2159 studium,
1758 2120 1850 2161 quod

1147 2176 1332 2202 monstrum
1378 2171 1467 2202 unde
1515 2170 1695 2201 advectum
1743 2169 1851 2201 fuerit

1146 2221 1270 2252 nescio.
1295 2220 1372 2252 Fab.

1188 2271 1205 2311 §
1229 2273 1248 2300 4
1285 2270 1350 2305 Qui
1381 2267 1563 2307 Herculem]
1611 2270 1692 2300 Tac.
1718 2278 1771 2299 Vl.
1795 2271 1849 2301 34.

1146 2320 1294 2351 Hiberos
1322 2323 1357 2349 et
1384 2318 1534 2349 Albanos
1559 2319 1730 2350 Thessalis
1757 2323 1850 2350 ortos

1145 2370 1274 2401 scribit.
1298 2370 1455 2407 Bongurs.
1501 2369 1633 2400 Plinius
1656 2378 1704 2400 vr.
1728 2371 1779 2401 13.
1801 2379 1848 2402 m.

1146 2421 1273 2452 Nostro
1299 2420 1436 2460 propius
1464 2419 1643 2458 accedens,
1671 2420 1680 2436 ‘
1697 2419 1849 2452 Albanos

1145 2474 1237 2501 ortos
1254 2469 1294 2500 ab
1311 2470 1437 2501 Jasone
1450 2468 1458 2481 ’
1475 2469 1571 2500 dicit.
1597 2470 1697 2501 Rern.

1187 2522 1205 2562 ᾧ
1229 2525 1247 2552 5
1271 2521 1381 2551 Jusoni
1409 2523 1503 2559 ίοιιιε,
1531 2521 1599 2561 fisa]
1646 2521 1847 2553 Orientales

1144 2572 1232 2602 enim
1251 2571 1386 2602 servitio
1401 2571 1483 2610 nati,
1499 2576 1534 2601 et
1551 2572 1669 2602 summi
1687 2571 1847 2604 adulandi

1145 2621 1488 2662 artifices‚principes
1506 2630 1583 2651 suos
1601 2621 1848 2663 adorabant,et

1143 2682 1207 2713 pro
1233 2672 1308 2703 Diis
1333 2671 1516 2702 habebant.
1563 2671 1700 2701 Curtius
1731 2680 1844 2703 meust

1141 2722 1150 2739 ‘
1168 2722 1292 2752 Persas
1322 2731 1388 2751 non
1415 2721 1521 2751 solum
1551 2720 1605 2760 pie
1643 2720 1703 2751 sed
1743 2721 1847 2753 etiam

1144 2771 1332 2812 prudenter
1349 2780 1446 2810 reges
1469 2780 1545 2800 suos
1569 2770 1656 2800 inter
1680 2770 1774 2801 Deos
1791 2779 1847 2801 co-

1141 2822 1210 2852 lere
1225 2831 1232 2852 :
1258 2821 1471 2861 majestatem
1490 2821 1578 2850 enim
1596 2820 1741 2860 imperii,
1757 2820 1846 2851 salu-

1143 2871 1187 2903 tis
1210 2880 1286 2903 esse
1312 2871 1454 2902 tutelam
1467 2869 1487 2901 ι’
1510 2879 1610 2910 quem
1638 2874 1752 2902 tamen
1776 2878 1848 2901 mo-
