2101 3419
611 346 808 378 JUSTINI
842 346 937 376 LIB.

226 440 374 474 deantur
385 440 549 482 argutius.
571 440 677 479 Bong.
721 440 831 472 Recte
846 449 925 472 sane

225 496 262 523 et
277 491 394 523 ordine
409 490 494 522 fecit
518 489 600 530 [διο.
633 489 711 521 Vid.
727 500 802 531 sup.
819 500 926 532 usque

226 541 270 573 ad
285 543 295 561 ‘
311 540 466 583 parere.’]
488 541 673 572 Berneccer.
704 539 924 582 Antiquiores

225 591 316 632 typis
348 599 444 632 expr.
481 599 615 621 rursum
648 589 924 630 praepositionem

224 641 398 680 omittunt,
422 639 618 681 habentque
640 640 814 681 parricidio
840 650 923 681 prae-

223 691 302 723 texi.
348 691 476 732 Estque
488 698 528 720 ea
544 690 642 730 plane
658 690 805 730 vulgaris
826 689 922 721 verbi

219 741 442 774 constructio.
484 741 607 782 virgil.
624 750 672 773 lv,
690 741 766 773 AEn.
789 741 799 758 ‘
815 740 922 772 Novis

217 797 411 834 praetexere
422 790 542 823 funera
551 791 678 823 sacris!
692 791 795 823 Vorst.
807 792 922 823 Vorst.

217 843 320 874 etiam
343 842 398 873 hic
415 851 457 873 ex
473 842 566 874 dicta
580 852 684 874 causa
699 842 784 873 illud
798 842 830 873 in
847 842 922 873 vult

217 894 378 935 expungi.
422 893 503 934 Sed,
518 903 594 925 cum
609 894 726 933 regula
742 893 788 925 sit
802 892 920 924 certis-

216 944 301 976 sima
316 953 383 975 non
399 943 473 985 regi
494 943 694 984 ablativum,
712 943 777 974 nisi
795 953 814 975 a
830 953 919 984 prae-

215 993 382 1036 positione
399 994 453 1025 vel
467 994 586 1032 tacita,
598 994 653 1025 vel
669 1003 842 1035 expressa,
857 1004 918 1025 cur

215 1049 357 1086 reperta
368 1044 475 1075 deleri
491 1044 637 1075 debeat?
680 1044 822 1076 Omittit
838 1054 916 1075 sane

215 1094 439 1135 consuetudo,
453 1094 512 1126 sed
529 1104 568 1126 ea
583 1104 652 1126 non
668 1099 722 1126 est
737 1099 916 1136 perpetua.

214 1145 320 1184 Schef.
363 1145 431 1177 Hic
446 1145 544 1178 Junt.
561 1150 598 1177 et
612 1155 656 1177 ex
673 1147 739 1178 Ms.
756 1146 917 1178 Britanni

212 1196 339 1227 rectius
354 1206 453 1237 quam
469 1196 629 1238 vulgatae,
645 1206 721 1239 quae
736 1197 814 1229 satis
828 1207 915 1238 prae-

213 1246 421 1278 termittunt.
446 1247 557 1278 Graev.

254 1298 273 1338 ς
288 1300 307 1327 5
334 1296 383 1328 Ob
398 1297 463 1328 hoec
481 1296 583 1337 igitur
597 1296 794 1337 Alexander]
830 1297 912 1330 Mss.

211 1357 328 1380 omnes
359 1348 489 1380 habent
524 1349 600 1379 Post
630 1348 706 1388 haec,
742 1352 913 1390 quotquot

209 1399 319 1441 Bong.
337 1399 435 1432 vidit.
477 1399 694 1441 Videturque
717 1400 817 1439 longe
843 1409 911 1430 me-

209 1449 273 1480 lior
288 1449 359 1481 haec
374 1450 455 1481 lect.
469 1449 612 1490 vulgari.
657 1449 790 1490 Nempe
803 1450 911 1490 sequi-

209 1503 266 1530 tur
287 1499 344 1530 ‘in
369 1499 531 1531 ultionem
547 1503 707 1531 maternae
725 1499 839 1540 necis‚’
854 1500 910 1531 cui

207 1559 274 1580 non
297 1554 390 1581 recte
415 1550 637 1591 praemittitur
664 1549 712 1580 Ob
727 1549 802 1590 hoec,
829 1550 909 1591 quia

210 1600 295 1631 dicit
317 1600 421 1640 idem,
437 1604 540 1641 atque
567 1599 652 1631 adeo
679 1604 731 1631 est
753 1600 906 1631 otiosum.

207 1650 299 1682 Quid
317 1651 408 1681 enim
433 1650 480 1681 Ob
495 1650 560 1681 Izoec
575 1659 685 1691 quam,
708 1650 751 1681 ob
776 1648 906 1681 factum

205 1699 439 1740 parricidium,
455 1709 498 1732 ne
513 1709 560 1731 sc.
575 1699 775 1741 impunitum
793 1709 905 1732 mane-

206 1750 285 1781 ret?
308 1749 411 1790 Schef.

246 1804 267 1832 6
288 1799 484 1840 Demetrius]
508 1799 625 1832 Quiet
648 1798 903 1831 ‘Poliorcetes'

203 1850 330 1890 dictus,
357 1851 388 1881 h.
413 1860 444 1882 e.
470 1850 593 1881 urbium
617 1849 749 1880 obsessor
760 1860 770 1880 .·
803 1850 856 1890 cuj
865 1860 901 1881 us

201 1900 409 1941 cognominis
426 1900 611 1931 vanitatem
627 1900 740 1941 arguit
755 1899 849 1931 Plut.
864 1900 899 1930 in

201 1952 358 1983 Demetr.
375 1954 427 1982 52.
450 1951 549 1982 Rern.

242 2003 296 2044 §8
319 2000 496 2040 [interfecit]
529 2001 611 2042 Leg.
627 1999 788 2043 interficit.
811 1999 895 2032 Fab.

199 2051 255 2083 Sic
271 2055 308 2082 et
321 2051 420 2083 Junt.
448 2051 553 2082 Graev.

240 2104 291 2144 §9
314 2101 354 2132 In
367 2101 552 2141 concionem]
575 2102 665 2133 Dele
681 2101 724 2132 in.
744 2100 829 2133 Fab.

238 2155 257 2195 ᾧ
274 2156 314 2184 10
338 2154 507 2193 Occupasse
522 2151 667 2191 insidias]
689 2152 797 2184 Juxta
808 2152 893 2183 illud

193 2204 340 2246 Tyronis
364 2213 418 2245 ap.
442 2203 552 2244 Agell.
568 2212 632 2235 vu.
646 2207 677 2234 5.
701 2204 710 2220 ‘
724 2202 893 2235 Beneficia

193 2256 356 2297 promissa
367 2254 518 2296 opperiri
531 2257 680 2294 oportet,
691 2262 802 2295 neque
812 2258 892 2285 ante

193 2305 401 2338 remunerari
428 2314 528 2346 quam
554 2303 647 2335 facta
668 2308 756 2335 sunt.
799 2304 891 2344 Inju-

193 2357 260 2388 rias
297 2359 411 2387 autem
444 2354 657 2386 imminentes
687 2354 891 2395 praecavisse

188 2407 319 2448 justum
331 2409 384 2436 est
398 2404 517 2445 magis,
531 2413 630 2445 quam
643 2403 889 2444 expectavisse.

191 2456 330 2488 Summa
344 2454 432 2486 enim
456 2453 626 2495 professio
649 2454 804 2485 stultitiae
825 2458 889 2495 est,

191 2516 259 2538 non
285 2506 336 2537 ire
357 2504 490 2536 obviam
511 2503 700 2535 sceleribus
720 2504 888 2545 cogitatis,

190 2556 251 2589 sed
265 2565 403 2588 manere
423 2554 653 2596 opperirique,
674 2559 724 2595 ut,
738 2564 813 2586 cum
831 2556 888 2586 ad-

190 2607 288 2639 missa
301 2610 337 2638 et
350 2609 548 2647 perpetrata
561 2603 699 2643 fuerint,
712 2609 784 2636 tum
796 2605 887 2637 deni-

191 2668 269 2699 que,
286 2657 354 2696 ubi,
370 2667 445 2699 quae
460 2655 552 2688 facta
567 2660 657 2697 sunt,
670 2655 800 2688 infecta
813 2655 888 2687 fieri

190 2717 257 2739 non
269 2712 424 2748 possunt,
435 2706 642 2748 puniantur.’
687 2706 788 2740 Quod
804 2717 886 2748 pau-

189 2758 238 2790 cis
265 2757 412 2798 Thucyd.
439 2767 464 2789 1.
487 2760 520 2790 7.
539 2760 591 2789 11.
623 2758 683 2788 Δεῖ
705 2760 884 2798 προεπιβου-

187 2807 289 2840 λεύειν
301 2807 421 2846 μᾶλλον
433 2806 454 2844 ἢ
464 2806 738 2844 ἀντεπιβουλεύειν.
782 2808 884 2840 Unde

187 2858 368 2898 Jugurtha,
394 2867 491 2898 aeque
519 2862 633 2889 tamen
661 2858 816 2890 simulate
842 2868 884 2892 ac

189 2909 330 2948 Noster,
352 2907 362 2924 ‘
376 2906 603 2940 Adherbalem
619 2908 705 2940 dolis
721 2909 801 2941 vitae
815 2919 882 2941 snae

1592 338 1677 382 869

975 440 1188 472 insidiatum'
1205 442 1274 476 ait:¹
1295 441 1305 459 ‘
1319 442 1408 484 quod
1421 442 1479 474 ubi
1494 444 1677 485 comperis-

977 496 1042 530 set,
1067 501 1103 522 se
1131 492 1205 532 ejus
1229 493 1351 524 sceleri
1377 493 1508 525 obviam
1533 494 1611 535 isse,
1634 505 1675 527 ae

969 346 1074 377 xvi.
1105 348 1211 379 cAP.
1243 338 1283 379 1.

947 540 952 547 “
976 540 1118 581 proinde
1142 543 1303 582 populum
1327 543 1424 575 Rom.
1447 554 1556 585 neque
1579 550 1675 576 recte

974 599 1084 632 neque
1101 601 1163 632 pro
1188 592 1278 623 bono
1300 591 1481 633 facturum,
1498 594 1526 624 si
1542 594 1673 636 abjure

974 642 1127 682 gentium
1150 651 1222 673 sese
1246 643 1491 684 prohibuerit?
1515 645 1596 677 Sall.
1613 646 1672 678 Jn.

973 694 1027 724 22.
1044 696 1075 724 5.
1102 693 1202 724 Rern.

1017 744 1091 784 §12
1114 743 1237 776 socium
1261 744 1296 775 in
1315 745 1398 776 omm'
1421 745 1538 777 militia
1553 745 1672 786 fuisse]

971 792 1042 824 Alii
1052 793 1167 824 socium
1180 794 1262 825 domi
1277 794 1457 836 militioeque
1465 795 1568 834 fuisse
1580 807 1590 826 .-
1609 796 1671 827 sed

971 847 1091 875 contra
1105 848 1255 876 mentem
1270 844 1446 886 Auctoris,
1462 846 1519 887 qui
1541 847 1605 878 hoc
1621 846 1671 878 di-

970 903 1049 925 cere
1087 894 1180 925 vult:
1218 894 1440 936 Antipatrum
1475 895 1669 928 affluentem

968 944 1108 984 delitiis,
1125 945 1349 987 otiosumque,
1366 950 1402 978 et
1418 946 1594 978 socordem
1610 947 1668 978 do-

967 994 1012 1025 mi
1025 994 1165 1035 sedisse,
1180 999 1216 1026 et
1233 995 1446 1044 Maceponiae
1463 1006 1602 1037 gravem
1617 996 1670 1028 fu-

967 1045 1054 1084 isse3
1084 1045 1215 1076 interea
1243 1046 1323 1077 dum
1353 1045 1416 1078 sub
1445 1047 1606 1088 Philippo
1632 1053 1669 1079 et

964 1094 1165 1127 Alexandro
1191 1096 1319 1137 Magno
1345 1097 1417 1137 ejus
1441 1096 1513 1128 filio
1543 1107 1665 1138 graves

965 1145 1096 1177 militiae
1114 1145 1244 1177 labores
1260 1146 1403 1187 pertulit
1422 1146 1592 1179 Demetrii
1606 1157 1665 1189 pa-

966 1200 1019 1227 ter
1031 1195 1237 1236 Antigonus.
1261 1197 1348 1227 Mod.

1007 1247 1025 1286 §
1043 1249 1081 1276 15
1108 1246 1176 1277 Nec
1190 1255 1331 1286 cessasse,
1345 1248 1443 1287 quoad
1457 1257 1576 1279 omnem
1587 1248 1663 1279 stir-

958 1305 1031 1336 pem
1053 1296 1150 1335 regc'oe
1177 1295 1292 1327 subolis
1312 1296 1444 1336 deleret]
1476 1298 1486 1314 ‘
1499 1298 1662 1330 Deleret’

962 1355 1038 1387 pro,
1067 1346 1259 1378 delevisset.
1318 1346 1564 1387 Imperfectum
1598 1358 1660 1389 pro

961 1398 1293 1440 plusquamperfecto
1307 1399 1449 1431 subinde
1470 1400 1550 1442 poni
1565 1406 1660 1433 nota-

961 1448 1068 1479 vimus
1085 1448 1127 1480 ad
1140 1458 1222 1480 xm.
1240 1451 1271 1481 2.
1290 1453 1342 1481 11.
1372 1450 1442 1482 Vor.

1003 1500 1020 1539 ξ
1034 1502 1072 1530 17
1096 1499 1134 1530 Si
1145 1500 1212 1540 quis
1219 1499 1353 1531 manium
1364 1509 1470 1531 sensus
1481 1500 1541 1541 est]
1564 1501 1658 1533 Nota

956 1547 1148 1588 formulam,
1171 1551 1181 1567 ‘
1199 1551 1227 1580 si
1257 1551 1330 1591 quis
1360 1551 1507 1582 manium
1537 1561 1655 1584 sensus

957 1598 1035 1639 ests
1059 1610 1124 1641 qua
1140 1605 1199 1631 aut
1222 1600 1322 1631 simili
1348 1600 1420 1632 fere
1438 1601 1488 1632 usi
1508 1602 1654 1633 Veteres

955 1650 989 1681 in
1006 1651 1166 1682 memoria
1181 1650 1429 1683 defunctorum.
1474 1652 1565 1684 Serv.
1580 1653 1655 1684 Sul-

954 1702 1057 1741 pitius
1070 1711 1117 1734 lv,
1135 1703 1200 1743 Ep.
1217 1706 1248 1734 5.
1270 1704 1280 1720 ⁴
1294 1702 1394 1736 Quod
1417 1703 1444 1734 si
1463 1703 1535 1744 quis
1550 1704 1652 1736 etiam

951 1752 1072 1784 inferis
1097 1763 1213 1784 sensus
1236 1757 1298 1793 est,
1324 1754 1379 1794 qni
1402 1754 1492 1785 illius
1508 1764 1602 1786 amor
1617 1756 1653 1786 in

952 1806 987 1833 te
1003 1802 1092 1842 fuit‚'
1115 1805 1179 1834 ἃς.
1224 1803 1298 1835 Cic.
1324 1804 1411 1836 Phil.
1433 1813 1470 1835 x.
1493 1805 1552 1836 ‘Si
1577 1806 1651 1846 quis

950 1852 985 1882 in
1010 1857 1119 1884 morte
1145 1863 1261 1884 sensus
1283 1854 1359 1886 est.'
1403 1854 1456 1886 Id.
1476 1865 1538 1896 pro
1552 1856 1649 1888 Sext.

948 1903 958 1919 ‘
974 1903 1072 1935 Quod
1089 1908 1199 1943 certe,
1219 1904 1247 1934 si
1270 1908 1321 1935 est
1345 1905 1464 1946 aliquis
1481 1915 1598 1937 sensus
1615 1907 1649 1937 in

947 1958 1057 1984 morte
1074 1954 1312 1994 praeclarorum
1323 1955 1482 1996 virorum,
1494 1965 1569 1987 cum
1582 1967 1650 1988 om-

947 2003 1045 2034 nibus
1062 2004 1236 2044 Metellis,'
1249 2006 1313 2036 ἅτε.
1348 2005 1426 2037 Seu.
1443 2006 1476 2037 in
1492 2007 1548 2038 De
1559 2008 1647 2039 Con-

946 2055 1006 2086 sol.
1033 2054 1076 2085 ad
1103 2054 1226 2095 Polyb.
1260 2056 1269 2071 ‘
1286 2055 1375 2088 Quid
1405 2057 1523 2099 itaque
1544 2058 1647 2098 juvat

944 2104 1050 2135 dolori
1076 2105 1307 2144 intabescere,
1324 2115 1434 2146 quem,
1451 2107 1477 2137 si
1499 2108 1572 2148 quis
1587 2108 1646 2139 de-

942 2152 1053 2186 functi
1081 2164 1195 2186 sensus
1224 2160 1289 2195 est,
1312 2154 1401 2187 finiri
1429 2156 1538 2188 frater
1565 2162 1643 2189 tuus

942 2205 1071 2246 cupit?
1098 2206 1241 2238 Quintil.
1263 2207 1362 2238 Decl.
1376 2216 1561 2240 cccxxxn.
1581 2209 1594 2226 ⁴
1607 2209 1643 2240 Si

942 2256 1023 2297 quid
1033 2255 1133 2287 inferi
1143 2257 1481 2297 sentiunt,cognosce
1495 2259 1642 2290 animum

941 2305 1077 2338 meum.’
1119 2306 1302 2348 Inscriptio
1319 2312 1413 2338 vetus
1436 2308 1641 2348 Hispanien-

941 2356 1008 2387 sis:
1043 2365 1074 2388 s1
1101 2364 1224 2388 :uAm-:s
1251 2366 1338 2389 Pos‘r
1365 2366 1457 2389 FATA
1484 2367 1638 2393 ALIQUID

940 2414 1128 2438 sEN‘rmN'r.
1172 2408 1216 2438 Et
1231 2407 1264 2438 in
1280 2408 1533 2449 Epigrammata·
1552 2410 1639 2440 anti-

940 2467 1026 2498 quo:
1051 2458 1059 2474 ‘
1073 2457 1214 2498 Suscipe
1228 2467 1329 2496 nunc,
1344 2459 1504 2500 conjunx,
1519 2459 1545 2490 si
1561 2460 1635 2501 quis

940 2511 1017 2547 post
1041 2506 1161 2538 funera
1185 2507 1323 2538 sensns.'
1379 2508 1442 2539 Cui
1465 2510 1636 2550 geminum

937 2557 1022 2589 illud
1039 2558 1105 2589 Ov.
1122 2557 1165 2588 de
1181 2557 1285 2589 Pont.
1328 2558 1337 2575 ‘
1351 2558 1398 2589 Et
1411 2568 1466 2599 ne,
1476 2559 1503 2589 si
1518 2569 1635 2600 super-

937 2611 992 2639 est
1003 2607 1124 2648 aliquis
1136 2611 1213 2648 post
1222 2606 1342 2639 funera
1352 2617 1481 2648 sensus,
1489 2609 1636 2641 Terreat

935 2662 974 2690 ut
986 2667 1100 2689 manes
1115 2657 1276 2688 Sarmatis
1291 2657 1413 2689 umbra
1426 2659 1542 2690 meos.'
1575 2659 1632 2692 Id.

935 2707 1037 2739 alibi:
1072 2708 1081 2725 ‘
1097 2707 1173 2738 Hoc
1203 2711 1301 2747 pater
1328 2707 1386 2738 ille
1416 2712 1493 2739 tuus
1521 2710 1630 2750 primo

933 2758 1017 2789 mihi
1030 2758 1139 2789 cultus
1156 2757 1197 2788 ab
1209 2767 1294 2798 aevo,
1306 2757 1429 2799 Siquid
1441 2758 1543 2791 habet
1555 2770 1631 2792 sen-

934 2818 989 2839 sus
1002 2808 1120 2839 umbra
1136 2807 1276 2847 diserta,
1291 2808 1404 2848 petit!
1446 2809 1551 2842 Plura
1562 2811 1630 2842 vid.

932 2868 988 2899 ap.
1003 2858 1151 2899 ampliss.
1173 2858 1321 2891 Brisson.
1345 2859 1404 2891 lib.
1419 2860 1462 2891 de
1479 2861 1626 2895 Formul.

932 2918 1012 2941 vui.
1039 2919 1074 2950 p.
1090 2911 1163 2941 840.
1185 2909 1274 2941 Mod.
1319 2909 1376 2941 Ita
1399 2911 1496 2944 Serv.
1516 2912 1627 2954 Sulpi-
