2174 3424
527 336 613 378 688

532 438 755 469 adornantes:
780 437 847 470 vid.
878 437 962 470 obs.
989 439 1062 480 ejus
1093 448 1145 470 1v.
1174 441 1227 470 26.

533 489 640 520 Graev.
686 489 717 520 A
744 489 895 521 Gronov.
923 499 1055 531 quoque
1081 493 1133 521 est
1157 487 1225 520 inh.

530 539 643 570 remis:
658 548 757 580 quern
773 538 807 569 in
824 539 925 570 Obss.
945 539 1061 570 videre
1086 539 1226 580 poteris.

533 590 646 622 Faber.
677 590 732 622 Id.
743 590 892 623 Gronov.
905 591 1005 623 modo
1019 591 1111 623 dicto
1125 591 1226 624 Obss.

529 641 605 671 loco
619 641 792 672 contendit
804 641 938 682 legend.
954 651 1027 673 esse
1038 642 1103 673 inh.
1117 642 1224 673 remis.-

529 689 566 720 id
595 689 684 731 quod
710 690 806 722 nobis
841 691 924 722 item
954 700 1035 722 vero
1064 700 1227 731 perquam

531 739 641 771 simile
668 739 817 771 videtur.
860 740 1090 772 Subaudiend.
1113 745 1227 772 autem

529 788 635 820 fuerit
649 789 847 821 vocabulum
861 790 973 831 quarti
983 799 1091 830 casus,
1105 794 1140 820 et
1156 790 1226 830 qui-

530 839 622 879 dem,
636 849 756 870 navem
768 840 821 870 vel
837 849 952 871 naveS.
979 839 1078 872 Quod
1091 839 1226 880 quidem

530 889 671 920 subinde
684 889 810 921 diserte
823 894 858 921 et
869 889 1100 930 adjiciunt‚sic
1113 894 1226 921 tamen

530 943 569 970 ut
591 940 685 971 remis
708 950 822 971 rursus
836 940 1008 971 omittant.
1033 939 1224 972 Liv.xxv1.

529 990 539 1007 ‘
564 991 648 1022 Cum
678 991 795 1021 rostris
825 990 1086 1029 concurrissent,
1116 998 1226 1030 neque

531 1045 623 1072 retro
638 1049 757 1071 navem
774 1040 980 1080 inhiberent,
996 1049 1060 1071 nec
1077 1039 1189 1070 dirimi
1207 1049 1226 1070 a

529 1101 564 1122 se
576 1092 706 1122 hostem
720 1090 944 1131 paterentur.'
982 1090 1028 1120 Et
1044 1098 1133 1121 xxx.
1156 1090 1165 1106 ‘
1180 1090 1227 1120 Ut

530 1151 674 1182 quaeque
692 1146 783 1172 retro
805 1140 948 1171 inhibita
971 1144 1120 1171 rostrata
1147 1148 1226 1169 one-

530 1190 651 1221 rariam
666 1191 851 1221 haerentern
865 1199 951 1220 unco
964 1188 1140 1220 traheret!
1167 1189 1228 1219 Di-

530 1245 612 1271 cunt
634 1245 669 1272 et
688 1240 838 1278 inhibere,
858 1249 968 1281 neque
984 1249 1092 1270 narem
1117 1248 1228 1280 neque

528 1290 622 1320 remis
652 1289 778 1321 addito.
832 1290 905 1321 Liv.
932 1298 1076 1321 xxxvu.
1108 1291 1118 1307 ‘
1143 1290 1228 1321 Cum

530 1339 692 1370 divellere
709 1349 744 1369 se
761 1339 802 1369 ab
817 1339 914 1370 hoste
940 1339 1119 1379 cupientes
1145 1339 1228 1370 inhi-

530 1388 653 1419 berent
668 1388 815 1420 Rhodii.'
859 1388 1022 1420 Afranius
1041 1399 1096 1429 ap.
1138 1390 1228 1421 Nou.

530 1438 565 1468 in
584 1438 719 1478 Cymha:
741 1439 750 1455 ‘
764 1439 847 1468 Tum
863 1438 1054 1469 conscendo
1071 1438 1227 1477 cymbam

528 1488 666 1518 interibi
683 1488 748 1518 loci
765 1488 993 1528 piscatoriam,
1015 1487 1125 1528 venio,
1141 1488 1227 1528 jaci-

529 1541 586 1566 tur
603 1537 759 1575 anchora,
783 1536 934 1567 inhibent
950 1536 1095 1567 leviter.²
1140 1537 1227 1567 Rur-

529 1596 584 1617 sus
612 1586 734 1616 omisso
755 1596 874 1625 narem,
900 1585 1101 1627 adjectoque
1124 1587 1228 1627 remis,

529 1635 649 1666 scribit
671 1635 767 1666 Curt.
793 1644 843 1666 lv.
870 1638 901 1666 4.
925 1636 933 1651 ‘
951 1636 1072 1666 Plures
1103 1636 1227 1667 deinde

527 1685 754 1716 Macedonum
781 1695 884 1717 naves
912 1686 1167 1726 superveniunt,
1191 1692 1227 1718 et

529 1745 588 1767 rex
606 1745 738 1776 quoque
762 1736 895 1775 aderat,
922 1745 998 1766 cum
1025 1736 1120 1776 Tyrii
1146 1737 1226 1767 inhi-

528 1785 650 1816 bentes
678 1785 778 1816 remis
806 1795 898 1826 aegre
921 1786 1068 1817 evellere
1095 1795 1227 1825 navem,

528 1845 603 1876 quae
627 1835 791 1874 haerebat,
815 1841 1019 1877 portumque
1046 1837 1157 1867 omnia
1183 1837 1226 1866 si-

529 1886 596 1916 mul
613 1885 748 1924 navigia
765 1885 951 1925 repetunt.'
997 1886 1088 1918 Quid
1112 1890 1227 1917 autem

530 1941 582 1966 est
615 1936 625 1953 ‘
653 1935 803 1966 inhibere
830 1935 954 1974 remiss
981 1940 1018 1966 et
1039 1936 1048 1951 ‘
1073 1935 1226 1966 inhibere

529 1985 671 2024 navem‚’
693 1989 729 2016 et
751 1986 760 2002 ‘
779 1984 970 2016 iuhibere?'
1018 1986 1109 2016 Nihil
1135 1986 1226 2016 aliud

528 2046 641 2078 quam,
665 2046 784 2067 navem
814 2046 880 2067 non
907 2036 1006 2068 modo
1031 2037 1227 2077 reprimere,

527 2095 570 2116 ne
594 2086 737 2126 amplius
754 2090 945 2117 antrorsum
972 2090 1007 2116 et
1033 2086 1067 2116 in
1090 2096 1225 2127 proram

527 2140 720 2176 procurrat,
742 2136 801 2166 sed
826 2140 862 2167 et
888 2142 980 2167 retro
1003 2145 1076 2167 eam
1103 2145 1225 2175 agere:

529 2195 669 2226 quorum
694 2186 829 2226 quidem
850 2190 1032 2226 utrumque
1058 2186 1158 2216 remis
1174 2185 1224 2217 fit.

527 2235 601 2266 Liv.
638 2234 768 2265 diserte
808 2235 903 2265 addit
940 2238 1034 2274 retro,
1072 2235 1225 2276 dicitque

525 2286 534 2300 ‘
553 2289 643 2315 retro
660 2284 811 2314 inhibere
828 2285 972 2315 navem!
1018 2285 1152 2315 Deinde
1169 2295 1226 2325 ap-

527 2338 626 2374 paret
642 2334 742 2364 etiam
757 2343 797 2364 ex
814 2343 866 2373 eo,
882 2334 983 2374 quod,
1001 2334 1027 2364 si
1043 2333 1225 2374 haererent,

527 2387 563 2414 et
579 2382 765 2414 evellendae
791 2388 849 2414 aut
872 2383 912 2414 ab
937 2382 1010 2414 aliis
1027 2383 1224 2414 dirimendae

527 2442 630 2464 naves
660 2437 786 2473 essent,
808 2433 908 2464 remis
948 2443 997 2464 eae
1028 2434 1224 2465 inhibeban-

527 2487 591 2513 tur.
646 2482 803 2522 Denique
834 2488 869 2513 et
908 2492 949 2513 ex
981 2492 1031 2522 eo,
1055 2483 1144 2524 quod
1169 2493 1224 2523 ap.

525 2532 614 2564 Just.
642 2532 809 2572 praecedit
836 2534 844 2549 ‘
867 2533 915 2564 ite
946 2533 1092 2564 cessim!
1146 2533 1225 2565 Vid.

526 2583 626 2620 plura
661 2587 697 2613 et
727 2583 861 2622 egregia
891 2584 924 2613 in
959 2584 1044 2615 hanc
1088 2589 1224 2615 senten-

525 2632 604 2662 tiam
621 2631 801 2662 observata
817 2638 852 2663 et
873 2633 1045 2664 Gronovio
1066 2642 1114 2665 ιν.
1141 2633 1224 2665 Obs.

525 2685 578 2712 26.
623 2682 700 2712 Vim
719 2682 810 2712 verbi
833 2683 900 2723 huj.
923 2682 988 2714 fuit
1004 2692 1080 2714 cum
1096 2693 1136 2715 ne
1153 2683 1224 2715 Cic.

525 2731 661 2771 quidem
679 2733 761 2764 satis
778 2738 925 2772 teneret,
947 2738 985 2765 ut
1011 2743 1052 2764 ex
1074 2743 1156 2766 xm.
1181 2734 1224 2765 ad

525 2783 598 2813 Att.
625 2785 677 2812 21.
709 2788 863 2823 apparet.
893 2784 965 2814 Vor.
1011 2784 1161 2815 Gronov.
1189 2788 1225 2815 et

527 2831 642 2862 Gru-v.
670 2832 733 2862 inlr.
759 2832 863 2862 reneis.
919 2833 1042 2863 Dicam
1070 2833 1224 2873 pluribus

527 2880 560 2910 in
591 2880 681 2911 libris
714 2882 755 2911 dc
788 2881 911 2913 Militia
941 2882 1078 2923 Navali,
1106 2883 1132 2914 si
1165 2893 1224 2914 uu-

983 345 1124 376 NOTAE
1157 343 1421 375 VARIORUM
1455 345 1507 374 IN

1278 447 1378 479 quam
1393 437 1503 468 lucem
1520 438 1679 477 poterunt
1696 435 1822 467 videre.
1846 434 1950 474 Schef.

1320 488 1337 527 ᾧ
1358 490 1377 518 8
1400 487 1485 518 Ante
1513 486 1648 526 navalis]
1693 486 1780 516 Haec
1816 485 1886 516 vid.
1917 494 1972 525 ap.

1277 538 1410 569 Herod.
1428 538 1519 569 Plut.
1546 537 1647 569 Diod.
1669 537 1784 568 AEmil.
1806 536 1972 576 Probum,

1277 587 1375 618 Oros.
1391 597 1432 619 11.
1450 590 1501 619 10.
1525 597 1578 628 ap.
1592 597 1692 628 quem
1707 587 1803 618 initio
1819 597 1894 627 cap.
1907 595 1973 617 vox

1277 636 1324 667 bis
1337 636 1436 667 abest
1451 646 1470 667 a
1480 637 1546 668 Ms.
1561 641 1597 668 et
1612 646 1693 668 sane
1704 636 1896 668 inducenda
1908 639 1973 667 est.

1277 687 1381 726 Bong.

1318 738 1335 778 ᾧ
1352 740 1392 768 10
1417 738 1507 777 Quae,
1524 736 1591 777 εμπ]
1614 735 1664 768 Cf.
1681 736 1810 768 Herod.
1825 745 1907 768 vm.
1921 738 1973 768 37.

1277 791 1312 818 et
1325 790 1377 818 38.

1319 839 1336 878 ξ
1354 840 1392 869 11
1418 838 1464 868 Et
1474 837 1616 877 quoniam
1624 836 1732 877 ferro]
1758 836 1906 869 Crudele
1922 835 1971 867 fa-

1277 887 1383 926 cinus,
1407 891 1442 918 et
1458 887 1549 927 quod
1564 887 1751 927 tale-magis
1779 885 1973 927 apparebit,

1277 938 1305 968 si
1320 942 1542 978 componatur
1567 947 1644 968 cum
1672 936 1836 977 Antigoni
1859 935 1974 967 mode-

1275 988 1420 1026 ratione,
1435 986 1493 1018 inf.
1512 995 1645 1018 xxvut.
1660 989 1692 1017 4.
1711 989 1762 1019 15.
1785 987 1886 1017 Rern.

1318 1040 1386 1080 §14
1406 1037 1636 1077 Themistocles]
1654 1038 1725 1069 Cic.
1740 1046 1777 1068 x.
1795 1037 1836 1068 ad
1851 1037 1972 1069 Atta.

1276 1090 1285 1108 ‘
1295 1091 1477 1122 Consilium
1489 1088 1794 1120 Themistocleum!
1817 1088 1972 1119 Frontin.

1276 1150 1301 1172 1.
1317 1143 1348 1171 3.
1366 1143 1398 1171 6.
1437 1140 1583 1171 Aristot.
1601 1147 1626 1170 1.
1645 1139 1746 1169 Rhet.
1763 1141 1816 1170 15.
1845 1138 1946 1176 Bong.

1319 1191 1496 1230 Municipes
1509 1189 1588 1229 esse]
1612 1189 1679 1219 Ms.
1699 1187 1867 1228 municipia
1891 1196 1969 1226 esse,

1276 1240 1367 1281 quod
1405 1239 1593 1280 respondet
1617 1238 1804 1278 elegantius
1831 1246 1973 1278 sequeu-

1277 1290 1303 1321 ti
1329 1290 1450 1320 maenia.
1496 1290 1542 1319 Et
1569 1288 1733 1328 suspicor,
1760 1288 1904 1318 alterum
1929 1295 1973 1317 ex

1276 1340 1387 1380 glossa
1416 1343 1545 1378 natum,
1585 1348 1651 1379 qua
1680 1338 1754 1379 quis
1792 1341 1974 1369 notaverat

1275 1390 1444 1430 municipia
1458 1390 1512 1420 hic
1529 1388 1642 1430 posita
1668 1397 1730 1429 pro
1755 1387 1972 1428 municipibus.

1276 1439 1381 1477 Schef.

1319 1489 1452 1530 Moenia]
1486 1487 1572 1519 Ead.
1589 1497 1637 1519 Sc.
1653 1497 1727 1529 quae
1749 1485 1975 1525 οἰκοδομήματα

1276 1540 1329 1570 vel
1345 1539 1479 1581 (edificia
1495 1539 1577 1570 alias
1596 1542 1771 1576 vocantur,
1787 1542 1822 1569 et
1837 1538 1909 1578 pari
1924 1547 1974 1569 ra·

1276 1589 1370 1619 tione
1387 1588 1450 1620 inf.
1467 1598 1500 1620 v.
1515 1591 1546 1619 7.
1570 1590 1580 1606 ⁴
1593 1588 1671 1619 Nou
1687 1588 1891 1628 exercitum,
1914 1597 1972 1619 cu-

1270 1638 1329 1679 jus
1360 1647 1425 1678 ope
1456 1638 1579 1669 servati
1610 1637 1802 1678 pulchriora
1836 1641 1974 1678 possent

1275 1688 1397 1718 moenia
1427 1692 1604 1719 exstruere
1617 1688 1637 1719 :’
1666 1697 1730 1719 nec
1758 1687 1859 1719 aliter
1883 1687 1974 1719 Flor.

1275 1747 1300 1769 1.
1318 1741 1347 1769 4.
1370 1739 1379 1755 ‘
1395 1738 1524 1768 Moenia
1539 1747 1632 1768 muro
1645 1738 1820 1778 amplexus
1835 1741 1889 1768 est
1899 1736 1921 1768 ε’
1937 1740 1974 1768 et

1276 1795 1330 1818 111.
1343 1789 1393 1818 10.
1408 1788 1417 1804 ‘
1433 1787 1586 1817 lucensis
1602 1787 1767 1818 moenibus
1783 1785 1877 1817 suis!
1892 1785 1972 1817 Vid.

1276 1836 1362 1868 Obs.
1380 1846 1419 1867 11.
1437 1839 1486 1867 12.
1512 1837 1611 1866 Gron.

1323 1885 1564 1926 Cicitutemque]
1597 1885 1749 1926 Thucyd.
1775 1894 1839 1917 vn.
1856 1887 1907 1916 14.
1920 1887 1972 1916 22.

1274 1936 1409 1976 Ἄνδρες,
1419 1935 1517 1975 πόλις,
1529 1935 1579 1966 καὶ
1594 1936 1628 1967 οὐ
1638 1935 1740 1975 τείχη.
1783 1937 1868 1967 Tac.
1886 1936 1930 1967 H.
1947 1945 1971 1967 1.

1276 1989 1328 2017 84.
1353 1987 1362 2003 ‘
1379 1986 1495 2019 Quid?
1522 1996 1579 2017 vos
1607 1986 1867 2026 pulcherrimam
1883 1986 1969 2017 hanc

1276 2035 1410 2074 urbem,
1436 2035 1601 2075 domibus,
1627 2040 1662 2066 et
1691 2036 1807 2074 tectis,
1834 2039 1870 2066 et
1894 2045 1973 2066 con-

1276 2090 1373 2124 gestu
1388 2084 1537 2124 lapidum
1555 2091 1645 2115 stare
1662 2084 1826 2115 creditis?
1869 2085 1973 2115 Muta

1274 2133 1364 2172 ista‚'
1392 2138 1454 2165 &a
1498 2134 1577 2164 Huc
1594 2134 1745 2173 pertinet
1760 2134 1868 2165 oratio
1885 2135 1972 2165 Len-

1275 2183 1336 2214 tuli
1351 2183 1392 2213 ad
1410 2184 1599 2214 exercitum
1614 2184 1703 2214 intra
1718 2183 1886 2214 Caudinas
1903 2183 1974 2215 fur-

1274 2243 1329 2265 cas
1346 2233 1553 2272 conclusum,
1570 2243 1623 2273 ap.
1641 2233 1713 2265 Liv.
1730 2243 1783 2266 xx.
1795 2237 1826 2266 4.
1843 2234 1915 2266 Cic.
1929 2235 1972 2265 ad

1274 2283 1349 2314 Att.
1366 2293 1430 2314 vn.
1454 2286 1484 2314 9.
1508 2284 1517 2300 ‘
1533 2284 1611 2315 Non
1638 2289 1692 2315 est
1721 2284 1755 2315 iu
1782 2285 1971 2326 parietibus

1275 2334 1376 2374 resp!
1402 2335 1501 2364 Rern.

1317 2385 1334 2424 ᾧ
1354 2387 1393 2414 16
1419 2384 1572 2424 Conjuges
1599 2383 1769 2424 liberosque
1793 2383 1908 2415 abditis
1923 2384 1971 2415 ἰπ-

1273 2434 1359 2472 sulis,
1374 2433 1442 2473 ξω]
1468 2433 1534 2464 Ms.
1549 2433 1676 2472 additis,
1690 2443 1731 2463 ex
1743 2443 1808 2474 quo
1821 2433 1972 2465 nobiliss.

1273 2483 1423 2513 Sebisius
1438 2483 1610 2523 ingeniose
1623 2488 1658 2513 et
1674 2481 1698 2512 f.
1716 2487 1808 2514 recte
1822 2481 1905 2513 fecit
1917 2484 1973 2514 ud·

1271 2533 1361 2564 sitis.-
1383 2543 1459 2564 cum
1485 2534 1518 2564 in
1542 2533 1600 2563 illa
1612 2532 1830 2564 festinatione
1845 2533 1972 2565 vicinas

1274 2593 1372 2624 quam
1382 2583 1581 2614 remotiores
1589 2587 1624 2614 et
1635 2582 1768 2613 abditas
1778 2583 1902 2613 insulas
1914 2592 1971 2614 eos

1274 2633 1559 2672 circumspexisse
1586 2634 1629 2664 sit
1644 2632 1852 2664 credibilius.
1898 2633 1971 2664 Fir-

1273 2686 1345 2712 mat
1360 2682 1590 2722 conjecturam
1607 2682 1735 2713 Herod.
1752 2691 1831 2713 vlu.
1847 2685 1900 2714 41.
1913 2683 1970 2714 ubi

1273 2732 1477 2762 Salaminem
1493 2737 1529 2763 ct
1544 2733 1694 2773 AEginam
1717 2733 1840 2764 insulas
1863 2734 1971 2764 nomi-

1274 2786 1345 2820 nat,
1365 2782 1512 2823 itemque
1529 2782 1748 2814 Troezenem:
1772 2782 1850 2813 add.
1867 2782 1969 2813 Diod.

1275 2841 1326 2862 xi.
1346 2835 1396 2862 13.
1428 2838 1463 2863 ct
1491 2833 1646 2863 Frontin.
1679 2842 1702 2863 1.
1730 2835 1761 2862 3.
1778 2835 1808 2862 6.
1835 2832 1968 2863 Ber-nec.

1273 2882 1379 2914 Senes
1409 2882 1442 2913 in
1467 2883 1592 2913 insulas
1623 2882 1834 2924 deportasse,
1861 2881 1968 2923 inquit
