2101 3419
570 355 768 386 JUST1N1
805 355 897 385 nur
931 343 1274 384 XL1v.0An.l.

200 451 317 483 abdita
347 451 469 483 latent.
517 450 598 482 Sen.
629 459 678 482 lv,
715 448 835 481 Benef.
863 452 894 481 6.

198 503 208 520 ‘
225 503 420 533 Latentium
434 502 628 532 divitiarum
645 502 816 532 insumma
831 505 896 530 ter-

199 561 238 582 ra
253 552 350 592 signa
364 552 531 592 disposuit
547 551 566 582 :¹
585 556 619 582 et
630 552 695 591 Ep.
710 554 763 582 90.
786 551 795 567 ‘
810 550 893 581 Cum

197 601 353 634 incendio
379 603 536 633 silvarum
572 602 692 632 adusta
722 602 823 631 tellus
859 601 893 630 in

197 661 325 683 summo
365 661 467 682 venas
509 652 663 692 jacentes
694 649 893 691 liquefactas

197 700 369 732 fudisset!
397 702 497 732 Varr.
514 701 556 731 de
574 701 618 732 R.
636 701 676 731 R.
692 710 716 732 1.
731 702 782 730 29.
809 701 818 717 ‘
833 700 892 730 Sc-

197 753 339 783 minaria
372 761 470 783 omne
503 761 605 792 genus
642 756 679 781 ut
712 755 892 781 serantur:

195 803 308 843 putari
323 803 356 833 in
383 802 517 842 primis;
541 802 666 833 circum
690 801 777 832 vites
802 801 891 832 abla-

195 852 332 894 queari3
356 852 497 891 radices,
510 861 583 892 quae
608 851 640 881 in
657 861 783 882 summa
800 857 894 882 terra

195 906 286 941 sunt,
301 902 468 943 praecidi!
507 902 594 934 Plin.
612 911 689 933 xxx.
704 905 736 933 2.
762 902 893 933 ‘Abro-

195 956 274 984 tono
291 952 385 983 radix
408 962 484 992 nna,
507 956 542 983 et
566 953 634 983 alte
654 952 865 983 descendens
883 962 890 982 :

195 1001 320 1034 ceteris
345 1003 379 1033 in
406 1012 534 1033 summa
565 1006 655 1033 terra
677 1002 799 1033 leviter
826 1002 892 1033 hae-

194 1051 298 1083 rens!
343 1052 454 1083 Strab.
486 1061 544 1084 111.
578 1062 613 1093 p.
638 1055 710 1083 147.
770 1051 827 1082 Τὸν
859 1051 892 1082 δὲ

193 1101 374 1143 καττίτερον
394 1102 448 1133 οὐκ
471 1102 517 1132 ἐπ’
538 1102 684 1140 ἐπιπολῆς
704 1101 893 1143 εὑρίσκεσθαί

194 1158 298 1192 φησιν,
315 1152 385 1183 ἀλλ’
400 1151 588 1193 ὀρύττεσθαι.
636 1153 772 1184 Gronov.

238 1203 306 1233 Nec
318 1202 449 1242 summa]
480 1203 603 1233 Melius
622 1203 655 1233 in
672 1203 756 1234 Mss.
771 1204 824 1234 sed
838 1213 891 1234 nec

193 1261 321 1284 summa.
365 1252 477 1283 Multo
511 1253 699 1292 elegantius
730 1263 827 1294 quam
858 1253 891 1283 in

194 1302 353 1343 vulgatis.
407 1302 505 1333 Istud
532 1307 644 1334 autem
675 1302 749 1334 bona
776 1307 892 1344 posset

194 1352 312 1392 deleri,
329 1355 364 1383 et
377 1351 510 1383 delend.
527 1362 614 1384 reor.
636 1353 763 1384 Summa
786 1356 892 1393 terr-ce,

194 1406 234 1433 ut
255 1403 264 1419 ⁴
282 1402 578 1442 arduamontium:
594 1404 602 1419 ‘
617 1407 724 1434 strata
740 1403 890 1443 viarum‚'

195 1452 206 1468 ‘
224 1451 324 1492 plana
340 1450 556 1493 camporun1,’
570 1455 632 1484 διο.
657 1454 766 1484 Faber.
804 1454 891 1485 Gro-

194 1510 271 1532 nov.
288 1502 454 1534 scribenti.
472 1503 628 1543 praecipit
651 1514 704 1534 nec
725 1514 850 1535 summa:
865 1507 891 1534 t.

195 1554 220 1582 t.
247 1552 270 1582 l.
295 1551 382 1591 bona,
405 1562 479 1593 quae
505 1553 539 1583 in
567 1554 761 1585 summitate
788 1559 890 1585 terrae

193 1601 409 1642 proveniunt,
426 1601 546 1643 quibus
567 1608 786 1643 opponuntur
807 1604 816 1620 ‘
834 1604 891 1635 ab·

193 1655 380 1682 strusorum
394 1653 758 1685 metallorumlatentes
772 1654 890 1686 venae.’

197 1701 307 1732 Graev.
364 1702 486 1733 Placet
513 1704 602 1744 conj.
636 1705 799 1736 Gronovii
829 1715 891 1746 pro

192 1761 311 1783 summa
334 1753 466 1793 legend.
490 1764 563 1786 esse
583 1765 717 1787 summae.
763 1757 891 1788 Summa

192 1805 279 1834 terra
294 1803 419 1835 dicitur
431 1814 505 1845 pro,
520 1816 649 1838 summa
669 1816 747 1846 pars
767 1812 887 1838 terrae:

193 1856 232 1884 ut
253 1854 396 1885 ‘ultima
418 1856 554 1895 platea’
582 1867 636 1897 ap.
657 1858 792 1889 Terent.
816 1868 890 1898 pro,

191 1903 311 1934 ultima
337 1914 414 1945 pars
441 1905 585 1945 plateae:
617 1911 652 1938 et
675 1908 685 1924 ‘
703 1912 891 1948 postremus

192 1953 300 1985 liber'
340 1965 359 1986 a
386 1956 512 1987 Nostro
540 1965 645 1988 xmn.
672 1962 703 1989 5.
738 1961 788 1989 11.
818 1969 891 2000 pro,

190 2009 363 2044 postrema
392 2015 468 2046 pars
497 2006 595 2045 libri3
631 2011 667 2038 et
693 2007 824 2039 infinita
855 2009 889 2040 id

192 2063 297 2095 genus
326 2055 401 2086 alia.
444 2056 545 2088 Vorst.
590 2056 741 2090 Groro.
765 2068 891 2090 summoe

190 2106 314 2135 tantum
346 2108 450 2145 terrae,
489 2106 580 2147 quod
613 2107 786 2148 accipiunt
828 2110 890 2142 viri

193 2154 297 2186 docti.
335 2154 440 2194 Schef.

234 2206 343 2238 Abstr.
359 2207 428 2248 &cd
444 2207 575 2240 Auctor
596 2218 623 2242 1.
638 2210 794 2242 Maccab.
809 2220 890 2242 vm.

193 2259 225 2287 3.
261 2256 320 2287 Καὶ
344 2256 403 2287 ὅσα
432 2258 579 2295 ἐποίησαν
605 2261 648 2300 [οἱ
668 2260 823 2301 Ῥωμαῖοι]
859 2262 891 2292 ἐν

193 2307 279 2348 χώρᾳ
300 2307 457 2339 Ἱσπανίας
485 2310 541 2339 τοῦ
572 2312 801 2351 κατακρατῆσαι
829 2314 891 2342 τῶν

192 2356 355 2396 μετάλλων
375 2358 430 2388 τοῦ
454 2357 596 2398 ἀργυρίου
620 2359 670 2390 καὶ
691 2361 747 2391 τοῦ
763 2360 891 2401 χρυσίου

193 2420 250 2439 ΤΟυ
269 2419 341 2440 ἐκεῖ.

234 2458 311 2489 Lini
323 2459 479 2498 spurcique
494 2459 555 2499 vis]
593 2460 648 2491 De
661 2464 776 2500 sparto
799 2461 889 2493 Plin.

194 2517 273 2540 xm.
303 2512 334 2540 2.
377 2508 488 2549 Agell.
514 2518 605 2539 xvn.
632 2513 663 2540 4.
701 2511 711 2527 ‘
739 2510 889 2541 Herbam

193 2558 383 2590 Ibericam'
415 2559 503 2590 dixit
526 2559 644 2599 aliquis
665 2568 719 2599 ap.
745 2560 888 2592 Quintil.

195 2618 275 2641 vm.
289 2612 321 2640 2.
336 2612 368 2640 2.
391 2619 410 2640 a
425 2609 541 2640 Cassio
557 2609 685 2640 Severo
704 2614 889 2650 propterea

192 2659 323 2690 irrisus.
345 2659 442 2690 Bern.

238 2710 256 2749 ς
281 2710 299 2739 7
330 2709 429 2747 Auro,
444 2709 520 2748 quod
533 2708 567 2739 in
585 2708 745 2748 paludibus
760 2709 888 2750 vehunt]

195 2759 295 2796 Quae,
310 2759 528 2795 malum,istae
546 2759 700 2799 paludes,
717 2759 751 2790 in
768 2761 888 2801 quibus

196 2817 313 2839 aurum
339 2808 490 2839 vellitur?
518 2808 670 2848 Legend.
694 2809 722 2839 si
737 2809 818 2850 quid
842 2809 889 2840 di-

193 2859 313 2889 vinare
332 2858 413 2896 scio,
433 2858 467 2889 in
480 2858 645 2889 balucibus.
689 2858 800 2890 Balux
824 2863 888 2900 est,

196 2918 271 2950 quae
300 2907 460 2939 Straboni
485 2906 557 2949 (111.
592 2918 627 2949 p.
655 2910 796 2941 100.54.
829 2910 886 2942 ubi

1532 340 1644 383 1035

944 448 987 480 de
1022 446 1205 489 Hispania)
1234 448 1375 487 χρυσῖτις
1406 445 1501 485 ἅμμος
1526 445 1643 488 (nobis

944 492 1186 537 malumno).
1234 498 1323 529 Plin.
1337 505 1475 528 xxxm.
1489 499 1522 528 4.
1539 507 1582 527 m.
1599 496 1642 527 de

943 560 1023 581 auro
1045 555 1081 581 et
1104 549 1288 589 Hispanis:
1313 549 1321 564 ‘
1340 547 1448 585 Idem,
1472 547 1559 588 quod
1583 546 1645 577 rni-

943 605 1060 631 nutum
1076 604 1141 639 est,
1153 600 1306 630 balucem
1323 596 1470 628 vocant.'
1508 597 1644 627 Minuta.

943 651 1049 690 igitur
1076 655 1240 688 ramenta,
1271 650 1280 665 ‘
1299 646 1453 678 baluces’
1482 647 1535 677 vel
1558 647 1567 662 ‘
1585 647 1641 677 ba-

942 700 1051 732 lucae.'
1084 701 1240 731 Glossae:
1263 700 1272 716 ‘
1290 696 1483 738 Χρυσάμμος,
1499 697 1643 729 balnea!

943 751 1100 782 Graecum
1114 755 1166 781 est
1179 748 1309 787 βάλλεξ,
1325 748 1446 779 Latine
1467 749 1477 765 ⁸
1495 748 1609 778 ballux
1621 747 1642 779 :’

943 806 981 831 ut
1014 799 1162 841 Βρέττιοι,
1210 800 1219 816 ‘
1248 798 1361 829 Brutii
1382 797 1404 828 :'
1453 795 1644 837 Βρενδέσιον,

941 850 950 866 ‘
976 849 1203 880 Brundusium
1217 848 1238 879 :’
1282 846 1419 887 Σικελὸς,
1449 847 1459 864 ‘
1483 845 1643 877 Siculus.’

942 899 1093 940 Hesych.
1132 898 1287 937 Βάλλεκα,
1314 898 1428 938 ψῆφον.
1487 896 1642 927 Minutas

942 949 1047 988 igitur
1068 949 1141 980 auri
1166 949 1327 986 calculus,
1349 948 1358 964 ‘
1377 946 1500 978 balux.'
1556 946 1641 977 Haee

942 1001 1081 1032 Salmas.
1094 1001 1134 1032 ad
1143 1001 1248 1032 Solin.
1262 1003 1374 1041 ρ.277.
1390 999 1433 1031 Α.
1444 1002 1475 1030 1.
1497 999 1640 1030 Palluca

942 1051 1068 1082 dicitur
1082 1049 1273 1092 χρυσάμμος.
1310 1050 1434 1081 Pollux
1445 1049 1501 1086 τὴν
1510 1048 1643 1090 χρυσίδα

941 1100 1062 1141 ψάμμον
1088 1106 1186 1133 vocat
1216 1110 1349 1132 arenam
1378 1109 1526 1131 auream.
1563 1100 1640 1130 Vet.

942 1152 1055 1185 Gloss.
1099 1152 1241 1183 Palluca
1265 1150 1438 1190 ἀχώνευτος
1455 1151 1510 1190 γῆ,
1533 1149 1553 1186 ἢ
1568 1161 1641 1190 χρυ-

941 1203 1059 1240 σώδηςι
1082 1207 1176 1234 terra
1192 1212 1257 1233 non
1274 1200 1433 1239 conflata,
1449 1205 1507 1231 aut
1519 1209 1638 1231 aurea:

939 1253 1046 1293 γήδιον
1056 1253 1173 1294 χρυσοῦ
1187 1250 1399 1292 ἄκαθοίριστον,
1417 1250 1551 1291 glebula
1567 1249 1640 1281 auri

941 1314 1008 1335 non
1026 1307 1186 1344 purgata.
1231 1302 1335 1333 Libra
1350 1301 1483 1332 obrusae
1506 1303 1556 1332 12.
1580 1310 1642 1331 un-

942 1355 1003 1386 ciis
1027 1358 1181 1385 constat:
1206 1353 1292 1383 libra
1317 1353 1460 1383 bellucae
1478 1354 1529 1383 14.
1561 1351 1642 1392 quia

941 1406 1083 1436 multum
1096 1404 1303 1435 imminuitur
1313 1403 1401 1433 inter
1416 1401 1641 1442 purgandum,

942 1465 1016 1486 cum
1054 1453 1245 1485 fornacibus
1284 1451 1497 1491 excoquitur.
1550 1451 1638 1481 Haec

941 1505 1150 1544 Bulengerus
1176 1503 1217 1534 (le
1248 1502 1412 1542 Imperat.
1437 1511 1471 1541 p.
1494 1503 1568 1532 420.
1597 1510 1641 1532 m.

941 1556 1040 1586 Bern.
1077 1554 1168 1586 Niliil
1183 1554 1291 1585 verius
1305 1552 1511 1584 Salmasiana
1528 1561 1640 1583 emen-

942 1604 1090 1636 datione.
1107 1604 1186 1635 Vid.
1200 1603 1350 1634 Exercit.
1361 1602 1543 1633 Plinianas.
1559 1602 1640 1632 Tale

942 1658 993 1685 est
1009 1654 1097 1695 quod
1113 1663 1198 1684 nunc
1211 1662 1252 1683 ex
1266 1652 1399 1683 Gninea
1416 1652 1449 1682 in
1468 1652 1639 1691 Europam

942 1703 1094 1735 adfertur
1118 1713 1246 1734 aurum.
1282 1703 1388 1733 Groev.
1435 1702 1640 1733 Emendavit

940 1754 1029 1785 hunc
1041 1754 1062 1785 l.
1073 1753 1261 1785 Salmasius.
1277 1752 1639 1793 Splendidacorrectio

942 1809 1007 1845 est,
1021 1815 1060 1836 ac
1077 1809 1172 1835 tanto
1188 1803 1260 1834 viro
1276 1803 1389 1843 digna,
1410 1812 1508 1842 quam
1529 1803 1640 1833 hausit

941 1856 1174 1886 Berneccerus
1186 1863 1227 1884 ex
1240 1853 1401 1884 Pliniauis
1415 1852 1564 1883 Obss.ad
1579 1853 1639 1883 So-

942 1905 1065 1935 linum:
1103 1908 1153 1935 est
1183 1908 1295 1935 autem
1325 1903 1439 1943 balux,
1465 1913 1490 1934 s.
1518 1903 1640 1934 balnea

941 1956 1034 1997 (nam
1051 1958 1232 1995 utrumque
1248 1952 1402 1994 dicitur),
1413 1957 1478 1992 est,
1491 1953 1640 1993 inquam,

942 2016 1055 2046 arena,
1071 2016 1096 2037 s.
1113 2010 1219 2044 terra,
1236 2014 1262 2035 s.
1287 2003 1384 2043 gleba
1410 2003 1551 2042 auraria,
1567 2004 1588 2033 i.
1606 2013 1637 2034 e.

941 2066 983 2088 ex
1017 2066 1081 2098 qua
1112 2065 1229 2086 aurum
1268 2053 1479 2095 excoquitur.
1526 2053 1639 2085 Faber.

942 2108 1028 2141 Quis
1043 2106 1177 2138 dubitet
1192 2105 1327 2146 legend.
1345 2114 1431 2145 esse⁷
1446 2109 1484 2135 ut
1499 2105 1638 2135 Salmas.

941 2158 1103 2199 conjecit,
1127 2157 1160 2187 in
1175 2156 1273 2187 baluc.
1296 2156 1317 2186 i.
1334 2164 1365 2186 e.
1387 2155 1421 2185 in
1437 2154 1575 2185 minutis
1589 2164 1640 2184 ra·

940 2208 1074 2245 mentis,
1091 2208 1127 2238 in
1142 2206 1277 2237 minutis
1289 2206 1452 2237 calculis?
1482 2205 1582 2237 Vorst.

983 2260 1000 2299 ξ
1014 2261 1035 2289 9
1049 2256 1227 2297 Quadrata]
1257 2256 1454 2296 Hispaniam
1472 2255 1638 2295 trigonam

940 2307 1098 2348 imperite
1113 2306 1244 2337 faciunt
1259 2306 1409 2337 AEthicus
1424 2306 1458 2336 in
1476 2306 1586 2337 Cosm.
1602 2310 1638 2336 et

942 2357 1084 2388 Orosius
1113 2365 1137 2387 1.
1162 2359 1216 2394 2.;
1268 2355 1327 2386 sed
1365 2355 1499 2394 Strabo,
1534 2356 1638 2395 Mela,

940 2407 1088 2439 Ptolem.
1104 2411 1139 2437 et
1159 2406 1214 2436 alii
1230 2411 1429 2446 comparant
1453 2415 1527 2436 eam
1544 2407 1638 2437 corio

939 2458 1064 2489 bubulo
1080 2461 1242 2488 extenso:
1267 2457 1363 2497 cujus
1379 2461 1492 2497 partes
1515 2457 1558 2488 ad
1571 2459 1638 2488 col-

939 2508 1007 2538 lum
1023 2508 1242 2547 ‹pertinentes
1259 2507 1291 2536 in
1318 2506 1549 2538 adhaerentem
1572 2507 1637 2547 ipsi

940 2558 1085 2589 Galliam
1103 2557 1346 2597 porriguntur:
1371 2556 1449 2587 inde
1473 2555 1637 2587 dilatatur

939 2608 981 2639 ad
998 2607 1146 2646 brachia,
1173 2607 1215 2637 ab
1242 2606 1344 2637 Nova
1361 2606 1566 2646 Cartbagine
1583 2616 1636 2637 us-

940 2666 1006 2698 que
1031 2656 1073 2687 ad
1100 2655 1310 2687 Cantabros:
1349 2664 1448 2685 crura
1486 2663 1505 2685 a
1534 2655 1636 2686 Freto

939 2706 1111 2738 Herculeo
1123 2705 1271 2746 usquein
1285 2705 1478 2735 Gallaeciam
1491 2708 1526 2736 et
1538 2705 1637 2743 Mare

939 2756 1196 2787 Britannicum:
1219 2755 1373 2786 ultimum
1397 2755 1491 2795 corii,
1507 2755 1549 2786 ad
1565 2765 1636 2787 mo-

938 2806 1018 2838 dum
1035 2805 1167 2844 caudae‚
1191 2804 1456 2844 promontorium
1482 2805 1635 2846 Sacrum,

938 2857 1038 2888 hodie
1062 2855 1094 2887 S.
1113 2854 1282 2893 Vincentii‚
1298 2854 1386 2895 quod
1406 2853 1440 2884 in
1456 2853 1634 2887 Oceanum

939 2906 1149 2940 Atlanticum
1165 2903 1374 2936 extenditur.
1420 2904 1549 2937 Bernec.
