2101 3419
500 335 695 367 JUSTINI
729 334 823 365 [ΑΒ.
855 334 1027 365 xxxii.
1060 334 1166 365 CAP.
1196 322 1239 363 3.

149 442 193 465 no
208 432 393 473 perierunt.
431 439 533 462 xx1v.
548 433 579 460 7.
594 432 626 460 6.
657 429 666 446 ‘
684 429 846 461 Habebat

149 484 305 514 Brennus
330 483 419 513 lecta
444 490 486 511 ex
503 479 592 511 omni
612 480 763 511 exercitu
785 489 842 520 pe-

147 533 254 564 ditum
270 532 441 571 sexaginta
456 530 584 562 millia!
598 530 607 544 '

190 583 208 622 ξ
224 585 243 612 8
266 581 359 621 Sabi]
394 581 449 612 Ita
461 590 503 611 ex
519 581 615 612 Vett.
633 580 735 611 edidi.
763 580 841 610 Fiu-

147 632 220 663 vius
234 632 259 662 is
274 631 428 662 Straboni
439 635 491 662 est
506 629 596 670 Σάος,
609 635 643 661 et
659 630 771 661 Plinio
784 639 839 661 111.

146 684 238 714 3.25.
251 681 340 712 Saus.
357 681 520 720 Bongars.
536 681 630 711 Bene
642 680 739 712 Junt.
750 679 838 710 Sani.

146 733 209 765 Est
220 733 274 764 hic
290 732 498 763 librariorum
513 731 710 771 posterioris
727 730 838 762 aetatis

145 792 249 823 error,
275 783 331 823 qui
358 782 482 823 ubique
505 785 558 812 est
582 781 838 821 expungendus.

144 832 257 864 Stulte
273 831 359 862 enim
373 832 444 872 quis
458 841 513 872 ap.
525 831 647 862 Catuli.
661 831 839 871 scripserit

144 881 358 923 hodie‚quod
381 882 414 912 in
439 881 552 912 multis
576 881 721 921 antiquis
746 881 838 911 libris

143 932 278 972 legitur,
297 933 306 949 ⁴
323 932 486 971 bibamus,
503 941 578 962 mea
606 930 753 971 Lesbia,’
776 941 838 971 pro

142 982 291 1013 vivamus.
323 982 436 1013 Graev.
481 981 558 1013 Sabi
584 991 645 1022 pro
671 982 747 1012 Savi
771 982 837 1012 fre-

142 1035 258 1077 quenti
275 1039 461 1075 temporum
485 1035 616 1065 illorum
640 1034 837 1074 scriptione.

142 1085 200 1117 Ita
219 1085 378 1116 habemus
394 1085 427 1116 in
453 1085 572 1125 glossis
594 1085 603 1102 ‘
620 1084 744 1116 bacca’
764 1095 837 1125 pro,

140 1145 265 1173 vacca;
288 1135 297 1152 ‘
312 1135 437 1166 berbex
451 1134 460 1148 '
475 1144 548 1175 pro,
559 1144 682 1165 vervex
694 1147 703 1173 3
716 1135 725 1151 ‘
739 1134 836 1166 bicis-

142 1184 308 1226 sim’pro,
324 1185 489 1223 vicissim;
513 1190 548 1215 et
574 1184 608 1215 id
632 1194 734 1224 genus
758 1185 834 1215 alia.

142 1235 231 1267 Nam
257 1245 371 1266 verum
398 1244 519 1265 nomen
542 1234 655 1274 Savus,
669 1234 835 1275 quomodo

141 1289 177 1316 et
190 1294 244 1326 ap.
258 1285 422 1316 Pacatum
436 1290 585 1316 nostrum
598 1285 767 1325 scribitur,
778 1285 835 1316 ubi

140 1335 207 1367 vid.
225 1345 298 1376 qnae
313 1336 438 1367 notavi.
472 1335 588 1376 Atque
599 1336 646 1366 ita
657 1345 735 1366 mox
752 1337 769 1377 ξ
783 1339 834 1367 14.

140 1387 176 1417 in
192 1387 276 1418 Mss.
293 1387 430 1426 legitur,
446 1386 502 1417 ubi
519 1386 594 1417 Subi
609 1392 661 1417 est
677 1387 711 1417 in
723 1386 834 1417 editis.

141 1437 206 1468 Sed
223 1441 257 1468 et
278 1437 354 1467 Savi
367 1436 464 1469 Junt.
480 1436 582 1468 habet
597 1437 630 1467 in
654 1437 835 1477 superiori-

141 1486 214 1519 bus.
238 1486 342 1524 Schef.

185 1539 202 1578 ξ
218 1540 238 1568 9
265 1536 361 1577 Tect.]
385 1535 577 1575 Τεκτόσαγες
592 1536 748 1568 Straboni
762 1545 832 1569 ΧΠ.

140 1590 214 1619 566.

180 1637 301 1668 Aurum
325 1637 557 1677 argentumque]
605 1637 686 1676 Leg.
719 1636 831 1668 Strab.

140 1696 190 1718 ιν.
230 1687 323 1727 Fuit]
333 1691 447 1718 autem
469 1688 512 1720 Q.
536 1687 698 1718 Servilius
715 1686 832 1727 Caepio

141 1738 217 1769 Cos.
248 1746 322 1767 curn
350 1736 472 1768 Attilio
499 1736 657 1775 Serrano,
684 1740 721 1767 et
745 1736 832 1767 inse-

138 1787 255 1828 quenti
270 1796 356 1818 anno
380 1796 400 1817 a
420 1786 562 1817 Cimbris
584 1786 716 1824 victus3
737 1786 830 1827 Epit.

139 1836 213 1869 Liv.
241 1845 356 1867 van.
402 1835 501 1867 Oros.
517 1845 552 1867 v.
575 1838 627 1866 16.
659 1836 738 1867 Sall.
761 1841 830 1868 ext.

137 1886 296 1926 Jugurth.
312 1885 367 1917 ubi
389 1895 451 1926 pro
470 1886 506 1916 C.
523 1885 644 1916 Manlio
661 1890 729 1917 vet.
746 1885 829 1916 Cod.

137 1935 225 1975 legit
258 1936 308 1966 M.
342 1935 464 1967 Mallio.
522 1935 578 1966 De
613 1935 686 1976 ejus
722 1940 830 1967 morte

136 1985 249 2016 Strab.
267 1989 301 2016 et
324 1986 438 2017 Valer.
460 1994 510 2017 Vl.
527 1988 578 2016 11.
596 1988 645 2017 13.
668 1985 724 2027 qui
740 1986 830 2018 inter

134 2044 171 2066 se
198 2036 346 2067 variant:
382 2039 417 2066 et
440 2036 512 2075 ipse
534 2036 690 2067 Valerius
713 2046 828 2068 secum

136 2091 264 2126 pugnat
277 2095 327 2118 ιν.
343 2088 373 2117 7.
387 2089 418 2118 3.
440 2086 597 2125 Bongars.
642 2088 695 2118 De
707 2087 827 2128 adagio

135 2138 146 2155 ‘
162 2136 289 2168 Aurum
313 2138 533 2169 Tolosanum'
573 2137 684 2179 Agell.
713 2148 768 2171 111.
796 2142 827 2171 9.

134 2187 186 2218 De
208 2188 276 2229 huj.
305 2188 377 2219 auri
407 2192 508 2229 raptu
525 2189 745 2229 quaestionem
768 2190 826 2220 ali-

135 2237 269 2278 quando
290 2238 436 2269 habitam
455 2239 570 2269 Romae
587 2239 737 2269 scribunt
752 2239 825 2271 Cic.

135 2288 177 2318 de
203 2288 248 2318 N.
262 2288 307 2318 D.
323 2297 378 2319 111.
393 2291 445 2319 30.
468 2288 564 2320 Oros.
582 2298 615 2319 v.
631 2291 684 2320 15.
710 2293 746 2320 et
758 2289 826 2320 alii.

134 2337 243 2368 Porro
258 2347 385 2369 sacram
411 2339 585 2378 pecuniam
601 2348 667 2370 non
690 2340 826 2380 impune

133 2388 303 2428 temerari,
318 2389 464 2420 ostendit
480 2394 604 2429 praeter
618 2389 700 2420 alios
713 2389 826 2420 Livius

135 2447 238 2470 xxix.
264 2443 296 2471 S.
323 2443 354 2471 8.
377 2441 458 2472 item
485 2450 590 2473 xxrx.
612 2443 663 2472 18.
679 2443 710 2472 3.
739 2444 774 2472 et
794 2443 824 2473 4.

134 2488 232 2520 Bern.

176 2540 194 2579 ς
221 2542 261 2570 10
290 2540 388 2571 Fuere
416 2540 486 2572 auri
506 2542 606 2581 pondo
631 2549 689 2572 cx.
714 2540 824 2580 millia,

133 2591 256 2629 argenti
267 2592 366 2630 pondo
380 2593 538 2633 quinquies
551 2593 649 2623 decies
663 2601 694 2623 c.
708 2593 822 2633 millia]

134 2640 224 2671 Mira
237 2650 291 2681 ap.
307 2647 460 2673 auctores
474 2643 616 2674 variatio
630 2642 672 2674 de
688 2643 720 2674 h.
733 2652 824 2674 auro.

132 2690 245 2723 Strab.
259 2701 301 2722 ex
316 2692 496 2724 Posidonio
512 2692 618 2723 refert
636 2695 750 2723 15000.
774 2696 822 2723 ta-

133 2740 258 2772 lentum
270 2740 393 2781 fuisse;
416 2743 718 2784 quantidamnatus
735 2753 824 2783 mag·

133 2799 195 2820 nus
230 2790 415 2823 Antiochus
448 2793 481 2823 in
508 2793 589 2824 belli
618 2803 780 2834 expensas
804 2803 823 2824 a

136 2838 306 2879 Romanis,
327 2845 365 2872 ut
387 2841 445 2872 lib.
461 2851 526 2874 v11.
549 2843 624 2874 dec.
643 2851 694 2874 w.
719 2843 824 2874 tradit

135 2889 257 2929 Livius,
267 2899 393 2922 summa
404 2894 560 2924 9000000.
574 2898 821 2925 coronatorum.

1503 322 1586 364 967

894 428 1031 467 Verum,
1056 428 1083 459 si
1113 428 1164 459 hae
1193 436 1330 458 summae
1351 425 1478 459 Justini
1501 426 1585 457 bene

892 478 1031 517 habent,
1046 488 1173 508 summa
1196 478 1229 508 in
1255 477 1453 508 immensum
1480 476 1586 516 major

891 528 993 560 fuerit
1007 539 1014 559 :
1039 529 1126 569 quod
1141 534 1175 559 ut
1191 528 1328 559 Lectori
1344 528 1470 558 clarum
1483 526 1588 558 facia·

890 589 974 617 mus,
987 578 1140 618 redigere
1158 579 1270 618 placet
1280 577 1321 608 ad
1336 583 1457 608 nostrae
1475 578 1586 609 aetatis

891 637 1006 658 aurum
1023 638 1062 658 ac
1089 632 1275 667 argentum.
1322 627 1470 658 Primum
1495 627 1585 658 enim

890 678 974 708 dicit
988 678 1059 708 auri
1074 677 1186 717 pondo
1202 679 1274 708 110.
1298 677 1414 707 millia.
1461 676 1584 708 Pondo

889 737 928 758 ea
959 728 986 757 si
1019 727 1287 766 multiplicentur
1324 736 1385 765 per
1412 729 1483 757 112.
1516 726 1586 768 (tot

888 776 977 806 enim
1021 776 1108 806 libra
1166 775 1361 816 pecuniaria
1407 781 1584 807 coronatos

887 825 1004 865 habet)
1059 826 1124 857 erit
1173 835 1300 856 summa
1348 830 1584 857 coronatorum

888 878 1070 907 12320000.
1125 875 1258 906 Deinde
1288 875 1462 916 subjungit
1499 876 1509 893 ‘
1532 886 1583 907 ar-

887 926 980 967 genti
1007 925 1120 967 pondo
1136 925 1311 967 quinquies
1329 925 1442 956 decies
1459 934 1489 957 c.
1511 926 1585 956 rnil-

885 977 954 1016 lia‚'
969 977 1057 1019 quod
1076 978 1234 1018 Budaeus,
1249 986 1300 1008 xv.
1316 977 1357 1008 de
1371 977 1470 1016 Asse,
1484 983 1583 1018 putat

885 1034 1012 1066 dictum
1029 1045 1103 1076 pro,
1119 1035 1314 1076 quindecies
1341 1039 1487 1066 centena
1510 1036 1583 1066 mil-

884 1086 949 1117 lia:
975 1095 1016 1116 ea
1042 1086 1269 1126 multiplicata
1289 1095 1351 1126 per
1379 1088 1430 1116 10.
1460 1086 1583 1126 produ-

884 1140 963 1167 cent
974 1145 1134 1166 summam
1150 1140 1386 1167 coronatorum
1400 1139 1582 1167 15000000.

885 1186 969 1218 Quae
992 1186 1066 1217 duae
1083 1196 1221 1217 summae
1246 1196 1265 1216 a
1280 1186 1416 1218 Justino
1432 1186 1580 1226 proditae

884 1236 981 1266 simul
1034 1236 1159 1267 additae
1218 1234 1371 1267 facerent
1416 1245 1580 1267 summam

882 1289 1065 1318 27320000.
1094 1290 1342 1325 coronatorum,
1369 1287 1445 1326 plus
1476 1286 1580 1327 triplo

884 1337 1044 1378 majorem
1081 1346 1179 1378 quam
1213 1339 1265 1368 15.
1310 1336 1360 1367 Μ.
1406 1337 1578 1368 talentum.

884 1388 1007 1418 Lector
1035 1387 1120 1427 ipse,
1155 1391 1316 1427 quantum
1346 1386 1397 1416 his
1432 1386 1578 1417 numeris

882 1437 1133 1476 confidendum,
1156 1436 1325 1477 dispiciat.
1357 1436 1476 1474 Porro,
1490 1437 1578 1477 quod

882 1494 961 1528 post
987 1488 1114 1528 aliquot
1139 1496 1252 1517 versus
1277 1486 1320 1517 de
1347 1487 1477 1518 Colchis
1501 1488 1579 1518 snb-

876 1539 1001 1579 jungit,
1016 1539 1049 1569 in
1076 1538 1247 1579 plerisque
1273 1537 1372 1569 codd.
1390 1538 1476 1579 regis
1501 1538 1579 1569 Col-

882 1590 1019 1621 chorum
1060 1598 1181 1619 nomen
1226 1587 1412 1628 depravate
1452 1588 1579 1627 legitur

881 1641 992 1678 Aeeta,
1007 1648 1082 1670 cum
1106 1638 1148 1669 sit
1171 1637 1292 1669 Graece
1314 1635 1439 1677 Αἰήτης,
1456 1637 1577 1668 AEe‘tas.

884 1690 1032 1720 Glarean.
1079 1689 1179 1720 Oros·
1197 1697 1231 1719 v.
1247 1691 1300 1719 15.
1339 1689 1347 1705 ‘
1367 1688 1484 1728 Caepio
1501 1697 1577 1728 pro-

880 1741 1008 1779 consul,
1037 1744 1139 1780 capta
1175 1739 1259 1770 urbe
1297 1739 1485 1778 Gallorum,
1522 1740 1578 1770 cni

879 1799 1001 1820 nomen
1033 1793 1085 1820 est
1127 1789 1271 1827 Tolosae‚
1314 1793 1450 1820 centnm
1485 1789 1576 1820 mille

879 1839 991 1881 pondo
1008 1840 1092 1879 auri,
1109 1844 1141 1870 et
1157 1838 1290 1879 argenti
1306 1842 1441 1869 centum
1467 1843 1502 1869 et
1519 1838 1577 1870 de-

879 1900 952 1921 cem
968 1890 1058 1920 mille
1071 1889 1227 1929 etemplo
1239 1887 1406 1928 Apollinis
1420 1888 1579 1919 sustulit!

920 1939 1057 1979 Argenti
1081 1939 1193 1978 pondo,
1214 1938 1282 1978 &fc-‚J
1330 1937 1383 1968 De
1409 1937 1441 1969 h.
1472 1937 1494 1968 l.
1529 1938 1577 1969 ita

878 1989 1026 2020 Budaeus
1042 1998 1092 2019 ιν.
1121 1988 1164 2018 de
1194 1987 1279 2018 Asse
1309 1996 1343 2027 p.
1369 1989 1442 2018 152.
1487 1987 1573 2019 Haec

877 2049 1003 2070 summa
1019 2039 1073 2069 vix
1088 2037 1201 2069 dicere
1224 2037 1328 2068 ausim
1345 2037 1462 2078 quanti
1486 2037 1575 2069 aesti-

877 2089 1001 2120 manda
1015 2089 1069 2121 sit.
1112 2088 1198 2119 Auri
1223 2088 1354 2128 singula
1378 2088 1491 2128 pondo
1513 2088 1574 2118 mi-

876 2141 967 2172 noris
982 2139 1141 2171 aestimari
1163 2143 1298 2170 centum
1323 2139 1433 2169 aureis
1456 2139 1573 2170 solatis

876 2200 942 2221 non
959 2194 1112 2231 possunt,
1127 2189 1230 2220 etiam
1244 2193 1282 2220 ut
1298 2188 1478 2220 undecima
1494 2199 1572 2229 pars

877 2241 954 2271 aeris
966 2241 1000 2271 in
1014 2249 1054 2271 eo
1070 2240 1174 2270 mixta
1189 2238 1306 2270 fuerit.
1350 2239 1427 2271 Qua
1442 2240 1573 2270 ratione

876 2299 994 2320 aurum
1026 2289 1107 2320 illud
1135 2289 1337 2319 Tolosanum
1371 2289 1500 2320 centies
1535 2293 1572 2320 et

875 2340 988 2371 decies
1024 2339 1177 2370 centenis
1214 2338 1358 2369 millibus
1393 2348 1570 2370 aureorum

875 2390 1001 2420 valuit:
1026 2388 1113 2430 quod
1131 2389 1159 2419 si
1181 2387 1343 2428 obryzum
1366 2387 1482 2427 fuerit,
1499 2389 1519 2420 i.
1537 2399 1567 2419 e.

873 2439 1026 2471 centenis
1049 2444 1084 2470 et
1100 2438 1264 2469 duodenis
1280 2438 1395 2469 solatis
1418 2439 1451 2469 in
1467 2439 1569 2469 libras

874 2488 1085 2527 aestimabile,
1097 2487 1227 2518 centies
1239 2487 1341 2518 vicies
1352 2492 1405 2518 ter
1417 2488 1570 2518 centenis

873 2543 908 2570 et
924 2537 1045 2578 viginti
1067 2536 1212 2567 millibus
1229 2536 1346 2568 valuit.
1392 2537 1491 2568 Quod
1511 2546 1568 2568 au-

873 2593 942 2619 tem
966 2587 1008 2618 ad
1033 2590 1209 2627 argentum
1237 2585 1399 2626 pertinet,
1421 2587 1567 2627 Trogum

872 2636 1091 2669 existimarim
1105 2645 1170 2666 non
1186 2635 1344 2675 quinquies
1356 2636 1454 2666 decies
1466 2640 1567 2668 cente-

871 2698 912 2719 na
925 2688 1022 2719 millia
1034 2687 1134 2726 pondo
1149 2685 1335 2726 scripsisse,
1350 2695 1424 2726 quae
1438 2696 1566 2718 summa

871 2737 1091 2779 quinquagies
1117 2735 1236 2766 millies
1260 2735 1351 2766 mille
1373 2745 1492 2767 aureos
1508 2746 1565 2767 va-

872 2789 939 2819 let:
965 2787 1023 2818 sed
1038 2786 1210 2826 quindecies
1223 2788 1350 2816 centena
1365 2786 1473 2826 millia,
1487 2796 1563 2827 quae

873 2837 1068 2879 quindecies
1083 2835 1202 2866 millies
1224 2835 1316 2866 mille
1339 2836 1449 2866 aureis
1471 2845 1564 2867 coro-

872 2889 958 2921 natis
973 2887 1182 2919 aestimantur
1197 2896 1216 2917 a
1230 2886 1337 2927 nobis,
1353 2886 1374 2919 i.
1390 2895 1420 2918 e.
1435 2887 1562 2919 centies
