2101 3419
388 363 474 405 980

388 479 414 501 1.
445 473 477 500 2.
511 470 613 510 Syros
644 479 706 510 pro
736 469 885 510 Assyriis
914 469 1088 511 accepisse

386 521 530 550 Veteres
556 525 592 551 et
616 530 692 551 cum
718 519 758 551 iis
787 519 994 561 confudiSse,
1023 531 1088 551 non

386 570 640 601 Semiramidem
652 571 758 601 solam
771 581 780 609 ;
794 570 946 612 quamvis
958 575 993 602 ct
1002 571 1088 602 hanc

386 621 508 661 Syram
534 620 650 659 fuisse,
678 625 714 652 et
743 630 798 660 ap.
836 620 939 661 Syros
968 626 1089 661 postea

386 670 509 701 dlvinis
524 670 704 701 honoribus
722 669 879 701 affectam
896 681 997 712 quam
1015 672 1088 713 plu-

386 720 462 750 rimi
477 720 627 752 tradant.
653 720 758 751 Groeu.
793 721 895 752 Forte
911 731 992 752 vera
1007 722 1087 753 lect.

387 775 440 802 est
454 781 494 802 ex
508 771 617 811 regina
638 770 862 803 Semiramide:
885 772 945 803 sed
968 777 1004 804 et
1030 773 1089 804 illa

387 831 470 852 vera
487 830 562 852 esse
580 826 693 862 potest
709 832 785 862 quae
810 822 842 852 in
865 821 963 853 Junt.
976 826 1041 862 est,
1057 826 1088 854 et

385 873 504 911 reginae
527 872 736 903 Semiramidi.
760 873 886 905 Faber.
928 873 1088 915 Antiqui-

387 931 462 953 ores
480 923 569 963 typis
585 932 682 964 expr.
708 923 926 964 Semiramide,
950 929 1010 956 aut
1034 925 1088 956 Se-

386 972 556 1012 miramidi,
578 977 614 1004 et
637 973 735 1006 Junt.
761 973 896 1015 quidem
923 984 1003 1005 casu
1020 979 1087 1006 ter-

388 1022 437 1053 tio
453 1022 517 1062 sie,
536 1023 580 1053 Et
597 1023 717 1063 reginae
732 1024 945 1056 Semiramidi.
967 1025 1086 1056 Vorst.

385 1073 516 1104 Verum
533 1079 627 1114 puto,
650 1074 738 1116 quod
763 1075 797 1105 in
821 1075 936 1109 multis
952 1076 1089 1117 legitur,

386 1125 417 1153 et
434 1123 552 1162 reginae
567 1123 777 1155 Semiramidi.
811 1126 900 1156 Nam
911 1134 1008 1165 reges
1026 1125 1089 1157 As-

386 1173 494 1213 syrios
510 1183 615 1214 genus
631 1183 727 1205 suum
745 1174 903 1206 habuisse
919 1184 962 1205 ex
982 1175 1090 1206 Semi-

386 1223 517 1254 ramide
540 1232 607 1255 non
628 1224 797 1256 existimo.
841 1225 969 1256 Saltem
990 1227 1088 1257 unius

385 1273 489 1305 fuisse
514 1275 629 1315 stirpis
655 1285 772 1307 omnes
794 1277 977 1308 verisimile
999 1277 1088 1308 haud

388 1323 536 1355 videtur.
560 1324 665 1364 Schef.

430 1375 448 1414 ᾧ
471 1377 490 1405 2
516 1375 638 1406 Nomen
653 1375 723 1406 urbi
745 1386 764 1406 α
779 1377 931 1408 Damasco
946 1386 1020 1416 rege
1041 1377 1089 1408 in-

386 1424 501 1465 ditum]
533 1426 643 1457 Nemo
660 1431 775 1467 potest
792 1427 963 1467 ignorare,
985 1437 1089 1469 quan-

387 1478 508 1514 topere
522 1484 657 1516 semper
673 1475 705 1506 in
723 1486 785 1507 usu
800 1476 903 1508 fuerit
919 1486 975 1517 ap.
991 1477 1091 1508 libra·

388 1525 456 1556 rios
473 1526 609 1556 nomina
624 1535 754 1566 eorum,
770 1537 788 1557 a
806 1527 925 1568 quibus
938 1527 1038 1559 urbes
1055 1532 1091 1560 et

386 1576 539 1615 regiones
555 1577 783 1609 denominatae
799 1582 834 1608 et
855 1577 1005 1609 conditae
1023 1583 1091 1610 tra-

387 1627 564 1668 derentur,
593 1637 826 1670 corrumpere,
853 1633 889 1660 et
914 1627 1090 1660 inflectere

388 1678 430 1709 ad
449 1679 625 1719 ipsiusmet
638 1679 703 1710 loci
719 1679 998 1720 appellationem.
1037 1679 1091 1712 Id.

388 1738 521 1769 quoque
542 1729 595 1760 hic
615 1728 745 1760 factum
770 1739 856 1768 esse,
880 1739 946 1760 non
971 1729 1092 1770 injuria

389 1779 462 1819 quis
490 1779 646 1810 dubitare
675 1780 792 1820 possit.
837 1780 872 1810 Is
901 1780 1004 1818 enim,
1035 1779 1092 1821 qui

386 1830 442 1860 hic
459 1839 579 1860 nomen
597 1830 672 1861 urbi
688 1829 836 1869 dedisse,
849 1830 974 1871 quique
988 1829 1092 1861 Atha-

387 1890 441 1910 res
459 1880 572 1911 uxoris
589 1881 717 1911 cultum
741 1880 930 1911 instituisse
954 1880 1093 1920 dicitur,

388 1930 431 1960 ab
457 1930 532 1961 aliis
555 1940 622 1961 nou
651 1931 856 1968 Damascus,
879 1930 938 1961 sed
964 1931 1092 1962 Damas

389 1986 546 2012 vocatur.
586 1981 737 2020 Etymol.
754 1981 804 2011 M.
828 1979 995 2018 Δαμασκὸς
1006 1980 1093 2011 πόλις

390 2030 510 2070 Συρίας,
539 2029 606 2071 περὶ
634 2030 688 2061 τὸν
714 2029 939 2065 Ἀντιλίβανον·
978 2031 1093 2070 εἴρηται

390 2081 438 2111 ὅτι
472 2081 579 2118 Δαμᾶς
610 2078 788 2120 στρατεύων
820 2080 898 2118 μετὰ
931 2079 1092 2120 Διονύσου,

390 2132 489 2162 ἐκεῖσε
526 2130 642 2168 σκηνὴν
670 2129 851 2170 πηξάμενος,
889 2130 1031 2170 ἱδρύσατο
1056 2131 1093 2162 τὸ

389 2181 452 2212 ἐκεῖ
467 2181 574 2222 Συρίας
588 2181 664 2212 Θεοῦ
680 2180 796 2220 ξόανον.
840 2181 877 2211 ‘H
894 2179 947 2212 οὖν
966 2186 1093 2221 Δαμασ-

389 2231 478 2271 κηνὴ,
510 2230 687 2270 Δάμασκος.
731 2231 808 2263 Scio
839 2231 978 2272 quidem
1009 2231 1092 2263 alios

389 2283 595 2314 mentionem
626 2282 740 2314 facere
781 2283 940 2314 Damasci
981 2284 1094 2323 cujus-

391 2333 479 2369 dam,
506 2333 564 2374 qui
589 2342 609 2364 a
632 2334 771 2365 Baccho
798 2333 990 2364 excoriatus
1018 2343 1094 2364 esse

390 2382 553 2422 traditur,
580 2383 669 2414 unde
693 2381 886 2424 Δερμασκὸς,
911 2388 947 2414 et
973 2386 1095 2423 postea

391 2433 470 2464 κατὰ
494 2434 689 2474 παραφθορὰν
710 2435 898 2465 Damascus
921 2433 1014 2464 dicta
1037 2433 1094 2465 sit.

391 2482 457 2513 Sed
475 2492 551 2514 eum
568 2483 751 2524 quidquam
768 2493 845 2514 cum
869 2482 1012 2522 Amare,
1034 2487 1095 2515 aut

391 2533 561 2574 Atargati,
589 2542 767 2564 commune
793 2533 964 2572 habuisse,
994 2542 1094 2564 nemo

392 2583 489 2614 dixit.
535 2584 590 2614 De
620 2582 850 2624 appellatione
879 2587 993 2614 autem
1023 2583 1094 2624 huj.

391 2633 483 2664 urbis
499 2638 630 2665 tantum
655 2644 675 2664 a
698 2643 773 2664 sese
791 2633 920 2665 abeunt
934 2634 1095 2673 Veteres,

395 2688 558 2723 quantum
587 2693 608 2715 a
637 2683 794 2715 veritate.
838 2682 917 2714 Vid.
949 2684 1094 2714 Damas-

393 2735 481 2765 cium
510 2744 564 2776 ap.
597 2734 771 2775 Photium,
802 2734 894 2766 Phil.
924 2734 1097 2775 Judaeum,

394 2785 512 2824 Steph.
538 2785 663 2815 Verum
676 2785 749 2816 haec
766 2785 857 2816 alibi.
887 2785 974 2816 Voss.

438 2834 584 2874 Arathis]
613 2834 818 2866 Hermolaus
839 2835 870 2865 in
886 2836 976 2866 Plin.
995 2844 1028 2867 v.
1041 2837 1094 2866 23.

397 2883 544 2925 dubitat,
565 2894 606 2915 an
632 2885 663 2917 h.
690 2886 714 2916 l.
740 2886 943 2926 permutatis
970 2886 1095 2917 litteris

396 2935 531 2974 legend.
557 2935 602 2967 sit
626 2935 782 2977 Atliaran,
805 2946 879 2978 quae
909 2941 960 2968 cst
986 2936 1097 2977 Syrio·

843 375 985 406 NOTAE
1018 375 1244 409 VARlORU
1253 378 1286 407 M
1319 378 1371 409 IN

1138 480 1211 502 rum
1251 473 1343 513 Dea,
1383 472 1486 505 etiam
1516 472 1694 515 Atargatis
1725 472 1843 514 dicta;

1137 521 1250 553 Strab.
1279 521 1339 554 fin.
1361 522 1422 554 lib.
1454 531 1531 554 XVI.
1562 523 1659 564 cujus
1688 523 1844 556 meminit

1139 575 1174 602 et
1197 571 1393 604 Macrobius
1416 582 1440 604 ι.
1463 573 1535 604 Sat.
1558 573 1719 612 Bougars.
1764 572 1844 605 Dis-

1139 623 1226 654 cutit
1240 623 1313 654 haec
1329 623 1557 663 exactissime,
1573 632 1667 654 more
1684 632 1756 662 suo,
1772 623 1844 654 Sal-

1138 683 1222 705 maS.
1254 674 1297 705 ad
1333 674 1440 705 Solin.
1480 684 1515 715 p.
1546 676 1623 706 574.
1662 675 1843 706 Berneccer.

1138 726 1224 766 Leg.
1239 725 1389 766 Athares,
1406 730 1441 757 et
1456 726 1513 757 alii
1525 726 1685 757 viderunt
1699 725 1747 757 ita
1760 724 1844 757 scri-

1138 775 1242 809 bend.
1268 786 1354 809 esse.
1384 777 1498 808 Faber.
1543 777 1695 808 Notator
1724 775 1844 817 Angli-

1139 836 1241 857 canus
1255 836 1298 857 ex
1313 826 1427 858 Strab.
1444 830 1480 858 et
1495 825 1652 858 Macrob.
1667 825 1845 857 existimat

1139 876 1308 908 scribend.
1325 876 1471 908 Athares.
1501 876 1571 908 Sed
1585 875 1705 908 vitium
1721 876 1776 907 hic
1791 880 1844 908 est

1140 926 1363 967 typographi:
1390 926 1527 967 legend.
1544 926 1635 957 enim
1650 926 1771 957 Astura
1786 926 1842 958 vel

1141 976 1273 1007 Athara.
1298 976 1375 1007 Nec
1392 986 1447 1007 res
1463 975 1536 1017 ipsa
1550 976 1723 1008 convenit.
1751 977 1843 1008 Nam

1138 1024 1271 1057 Athara
1285 1027 1341 1057 vel
1357 1025 1505 1057 Asthara
1525 1030 1636 1057 mater
1647 1026 1843 1057 Semirami-

1139 1076 1190 1107 dis
1205 1087 1213 1108 :
1237 1076 1304 1108 vid.
1330 1076 1476 1117 Rupert.
1492 1077 1536 1109 ad
1550 1076 1691 1108 Besoldi
1709 1076 1842 1119 Synep-

1140 1126 1191 1157 sin
1208 1136 1283 1166 cap.
1299 1129 1330 1158 3.
1355 1127 1463 1157 Graev.

1183 1175 1363 1216 Sepulcrum
1391 1177 1530 1208 Athares
1556 1176 1666 1209 uxoris
1693 1176 1759 1216 ejus
1784 1186 1843 1217 pro

1140 1228 1254 1266 templo
1270 1226 1403 1267 coluere]
1431 1227 1501 1258 Vix
1524 1227 1682 1268 equidem
1707 1237 1845 1268 possum

1140 1278 1304 1317 amplecti
1325 1278 1412 1309 hanc
1435 1277 1631 1316 lectionem,
1652 1277 1844 1319 praesertim

1141 1337 1219 1358 curn
1250 1328 1333 1360 Mss.
1368 1327 1558 1369 praeferant
1588 1328 1654 1367 ejus
1681 1329 1845 1368 extemplo.

1141 1377 1233 1408 Puto
1262 1378 1382 1419 itaque
1406 1377 1578 1409 scribend.
1604 1377 1670 1416 ejus
1697 1378 1847 1418 exemplo.

1141 1426 1214 1467 Ait,
1251 1429 1367 1470 Syros,
1408 1427 1635 1459 :estimatione
1676 1427 1850 1468 Damasci,

1141 1477 1292 1509 Athares
1315 1478 1468 1519 conjugis
1492 1477 1709 1519 sepulchrum
1730 1476 1847 1519 (quam

1141 1529 1228 1569 ipse,
1246 1527 1325 1559 dum
1343 1529 1487 1569 viveret,
1499 1527 1745 1569 impensissime
1758 1537 1848 1559 ama-

1142 1583 1208 1618 rat,
1233 1582 1398 1609 mortuam
1415 1578 1491 1619 plus
1511 1587 1613 1619 quam
1636 1577 1755 1609 debita
1777 1577 1849 1618 pie-

1143 1632 1216 1659 tate
1240 1633 1441 1669 prosecutns
1462 1627 1554 1670 erat)
1576 1628 1734 1669 coluisse,
1755 1627 1847 1669 regis

1143 1679 1208 1719 sui,
1232 1679 1392 1720 quamdiu
1417 1683 1595 1720 superstes
1621 1683 1712 1710 esset
1735 1678 1846 1718 uxori,

1143 1730 1339 1770 exemplum
1365 1733 1513 1761 secutos.
1545 1729 1632 1761 Voss.
1678 1728 1757 1761 Non
1780 1728 1849 1760 dis-

1145 1780 1270 1820 plicet:
1295 1790 1371 1812 cum
1387 1781 1485 1811 colere
1499 1779 1574 1821 quid
1593 1789 1651 1820 pro
1667 1779 1778 1820 templo
1801 1779 1850 1810 in-

1144 1831 1308 1862 solentius
1333 1830 1490 1861 videatur
1519 1830 1600 1870 dici,
1628 1829 1707 1870 quia
1735 1829 1848 1870 potius

1144 1881 1303 1912 coluntur
1320 1880 1502 1911 numinain
1519 1880 1666 1921 templis.
1690 1879 1795 1918 Schef.

1188 1932 1204 1972 ξ
1229 1933 1248 1962 4
1271 1932 1387 1962 Decem
1404 1931 1549 1972 filiorum
1571 1930 1752 1971 proventus]
1792 1929 1848 1961 Ad

1142 1981 1325 2011 veritatem
1342 1981 1492 2012 historiae
1509 1990 1617 2012 sacrae
1634 1981 1846 2012 rescribeud.

1143 2029 1248 2061 fuerit
1259 2031 1428 2062 duodecim.
1453 2031 1571 2062 Simile
1585 2030 1619 2061 in
1630 2031 1730 2062 Notis
1742 2030 1850 2072 Lipsii

1144 2079 1186 2109 ad
1204 2080 1280 2110 Val.
1301 2080 1351 2111 M.
1373 2089 1398 2110 1.
1418 2083 1446 2111 1.
1464 2083 1493 2111 1.
1538 2079 1742 2120 Quanquam
1765 2080 1848 2111 nihil

1143 2129 1276 2168 mirum,
1289 2128 1476 2160 Auctorem
1489 2128 1542 2160 hic
1559 2129 1758 2170 impingere,
1770 2139 1847 2162 cum

1143 2179 1251 2209 multo
1269 2179 1460 2219 graviorum
1476 2188 1627 2210 errorum
1643 2179 1676 2210 in
1691 2179 1752 2211 hac
1773 2184 1849 2212 tota

1144 2229 1187 2260 sit
1203 2229 1346 2261 historia
1368 2228 1584 2262 manifestus.
1629 2230 1675 2261 Et
1697 2239 1778 2261 saue
1794 2240 1848 2262 res

1143 2279 1306 2312 Judaicas
1337 2280 1436 2311 valde
1464 2280 1626 2312 Romanis
1655 2281 1846 2322 incognitas

1145 2328 1263 2369 fuisse,
1278 2328 1378 2361 facile
1402 2330 1586 2371 intelliget,
1606 2330 1662 2372 qui
1679 2340 1755 2362 cum
1772 2331 1848 2363 Mo-

1145 2379 1189 2410 sis
1204 2379 1311 2420 libris,
1327 2384 1455 2420 praeter
1470 2380 1559 2412 hunc
1575 2380 1729 2421 Antoris,
1743 2381 1848 2414 etiam

1143 2429 1256 2460 Taciti
1278 2430 1399 2462 librum
1424 2439 1457 2462 v.
1486 2430 1533 2462 H.
1568 2431 1747 2464 Strabonis
1768 2441 1848 2465 xvr.

1145 2484 1181 2511 et
1210 2479 1329 2511 Dionis
1361 2489 1512 2512 xxxvn.
1535 2482 1734 2514 contulerit.
1778 2482 1848 2515 Sed

1145 2534 1182 2562 et
1212 2530 1411 2562 Graecorum
1451 2531 1651 2563 commentis
1680 2532 1803 2572 multa,
1828 2541 1849 2564 a

1144 2579 1211 2611 fide
1227 2580 1377 2612 historiae
1401 2580 1630 2621 abhorrentia,
1652 2581 1695 2613 de
1718 2581 1849 2615 Judaeis

1146 2633 1283 2674 prodita
1297 2632 1413 2675 fuisse,
1424 2633 1590 2675 Josephus
1605 2634 1664 2666 lib.
1679 2644 1705 2667 1.
1729 2635 1849 2668 adver-

1146 2694 1202 2715 sus
1232 2683 1402 2724 Apionem
1439 2688 1558 2715 auctor
1587 2689 1652 2724 est,
1679 2689 1716 2717 et
1744 2684 1849 2718 fidem

1146 2733 1229 2765 facit
1246 2734 1374 2774 Ecloga
1389 2742 1431 2764 ex
1445 2733 1546 2766 Diod.
1565 2742 1623 2765 xx..
1647 2734 1747 2767 Ber-n.

1191 2785 1209 2824 ξ
1235 2788 1253 2814 5
1286 2783 1364 2822 Ejus
1389 2783 1509 2824 portio]
1553 2783 1591 2815 F.
1623 2784 1708 2823 cujus
1735 2785 1850 2826 portio,

1149 2840 1219 2874 aut,
1241 2845 1312 2866 nam
1333 2835 1397 2874 ejus
1415 2839 1497 2876 port.
1546 2835 1690 2868 Videtur
1710 2836 1849 2868 enimin

1147 2885 1198 2916 his
1226 2885 1336 2917 verbis
1364 2886 1551 2917 consistere
1575 2886 1677 2926 ratio,
1706 2890 1849 2928 propter

1149 2945 1247 2977 quam
1261 2935 1328 2968 coli
1349 2935 1459 2978 ipsum
1475 2936 1622 2970 voluerit
1638 2936 1766 2970 Israel:
1791 2935 1850 2968 ali-
