2174 3424
631 309 826 340 JUS'rlNl
864 309 955 340 mn.
991 310 1018 338 1.
1052 309 1157 340 CAP.
1188 301 1228 340 8.

212 405 367 438 dissentit
395 414 414 436 a
440 403 566 436 ceteris
596 403 701 435 Diod.
721 403 781 434 lib.
800 411 840 434 11.
871 402 904 432 in

213 456 411 497 Scytharum
432 455 584 486 historia.
607 455 763 492 Bongars.
809 453 906 483 Luci-

212 515 276 537 ano
306 505 339 536 in
370 505 553 544 Charonte,
591 508 625 534 et
651 503 736 542 aliis,
764 502 905 543 Τιῖιμυρις.

211 555 399 586 Historiam
416 564 458 585 ex
475 554 573 585 modo
588 553 688 584 dictis
713 553 906 584 auctoribus

210 604 384 645 praecipue
415 602 575 634 diffundit
602 603 734 633 Herod.
772 603 906 634 Bernec.

211 655 330 687 Juntae
354 654 402 684 illi
428 653 660 693 Bongarsiano
675 653 743 684 Ms.
760 653 907 683 adsenti-

211 709 325 744 untur,
357 704 415 745 qui
441 704 560 735 scribit
590 703 742 743 Tomyris.
787 704 833 734 Et
856 702 906 733 sic

212 754 346 785 omnino
371 763 414 784 ex
438 753 577 785 Lucian.
610 758 646 784 et
670 752 800 784 Herod.
827 753 907 784 scri-

211 803 313 835 bend.
329 803 467 844 ubique.
492 804 599 835 Graev.

257 853 335 889 Quas
349 864 421 893 non,
436 853 505 893 Bm]
544 854 633 884 Saxo
648 862 672 884 1.
690 863 723 893 p.
740 856 772 884 6.
794 853 804 869 ‘
822 853 906 885 Quae

212 903 330 945 [Gro],
353 913 508 944 sponsum
525 903 643 934 adesse
661 908 746 941 rata,
772 903 907 933 insolito

214 954 324 985 cultus
340 953 479 984 horrore
497 953 708 984 muliebriter
724 952 865 985 territa?

258 1004 337 1035 Cum
361 1003 521 1043 prohibere
550 1013 598 1034 eos
623 1003 759 1034 transitu
788 1003 909 1033 Araxis

213 1053 352 1092 fluminis
362 1052 479 1093 posset]
512 1053 652 1092 Nescio,
666 1052 747 1093 quid
766 1053 910 1083 Marcel-

213 1104 282 1135 lino
308 1103 367 1134 lib.
391 1112 502 1134 xxm.
529 1104 564 1134 in
590 1108 738 1134 mentem
768 1103 910 1144 venerit,

215 1153 303 1195 quod
316 1153 461 1185 scribat:
486 1153 647 1194 ‘Cyrum,
672 1153 818 1193 Bospori
843 1152 910 1184 fre-

215 1208 286 1234 tum
313 1213 390 1235 cum
415 1203 618 1234 mulitudine
633 1202 787 1233 fabulosa
803 1207 910 1234 trans-

216 1264 382 1294 gressum,
405 1254 448 1284 ad
486 1253 752 1284 internecionem
782 1253 911 1284 delevit

214 1304 365 1345 Tamyris
402 1303 522 1343 regina
556 1302 772 1344 Scytharum,
805 1303 910 1333 ultrix

217 1354 380 1384 acerrima
403 1352 572 1383 filiorum!
630 1352 777 1383 Araxem
804 1357 911 1383 trans-

217 1413 365 1445 gressum
382 1403 483 1434 fuisse
496 1404 631 1443 Cyrum,
644 1413 720 1435 cnm
737 1403 912 1443 Tamyridi

217 1458 253 1485 et
268 1453 473 1493 Massagetis
489 1453 614 1484 bellum
627 1452 779 1491 inferret,
790 1462 832 1483 ex
845 1463 912 1483 om-

216 1503 314 1534 nibus
330 1507 476 1534 constat.
522 1503 712 1543 Bosporum
737 1512 818 1533 vero
844 1507 912 1533 tra·

214 1552 341 1593 jecisse
367 1562 464 1583 nemo
489 1551 588 1583 dixit.
633 1552 741 1582 Miror
770 1562 913 1592 quoqne,

219 1603 328 1633 virum
341 1602 480 1633 doctiss.
504 1601 537 1633 h.
554 1602 575 1632 1.
594 1611 758 1642 reponere
773 1602 913 1642 Tomyris

220 1662 282 1692 pro
304 1653 456 1692 Tamyris.
501 1652 589 1682 Nam
619 1651 747 1682 dicitur
769 1650 912 1691 Τώμυρις,

220 1700 363 1742 Τόμυρις,
381 1706 416 1732 et
431 1699 570 1741 Θάμυρις.
614 1700 773 1733 Quamvis
787 1706 914 1741 postre-

219 1760 309 1781 mum
335 1751 398 1781 hoc
428 1760 549 1782 nomen
578 1750 657 1781 viris
695 1750 913 1790 attribuatur,

220 1808 288 1830 non
317 1798 463 1831 feminis.
517 1800 574 1831 Ita
602 1800 785 1841 Polyaenus
813 1801 914 1831 Saca-

220 1859 292 1880 rum
308 1859 422 1890 regem
444 1854 557 1881 vocat.
600 1849 669 1890 Ap.
694 1850 807 1882 AEsch.
833 1860 914 1891 quo-

219 1908 287 1940 que
312 1899 345 1930 in
373 1899 468 1931 Pers.
497 1900 675 1941 aliquoties
701 1898 830 1941 Θάμυρις
855 1910 914 1940 pro

221 1947 352 1990 Θάρυβις
367 1949 500 1990 legend.
516 1960 601 1990 esse,
626 1955 723 1991 patet
738 1960 780 1981 ex
801 1951 914 1982 Schol-

220 2001 266 2032 Et
303 2010 383 2032 sane
416 2001 551 2032 videtur
590 2011 662 2032 esse
690 2007 915 2033 commentum

226 2050 436 2091 Graecorum,
467 2051 557 2092 quod
585 2052 628 2083 de
654 2051 730 2092 hac,
757 2056 916 2094 tanquam

222 2100 374 2140 muliere,
401 2101 559 2141 produnt.
615 2102 741 2133 Teimur
770 2111 915 2143 namque

221 2151 405 2182 masculum
421 2161 542 2182 nomen
558 2161 612 2193 ap.
625 2153 768 2192 Scythas
783 2162 917 2193 semper

222 2201 298 2232 fnit.
343 2202 432 2234 Quin
447 2202 550 2232 etiam
567 2203 706 2233 multum
720 2202 762 2233 ab
780 2212 819 2233 eo
833 2202 917 2242 abit,

223 2252 314 2294 quod
343 2251 454 2284 refert
481 2253 618 2283 Lucian.
654 2253 690 2284 in
720 2253 918 2292 Macrobiis,

223 2302 427 2333 auctoritate
450 2303 625 2343 cipporum
651 2302 864 2333 Persicorum
881 2308 918 2333 et

225 2351 422 2383 Onesicriti.
466 2352 527 2383 Ait
543 2353 655 2383 enim:
680 2353 776 2392 Κῦρος
799 2352 816 2382 ὀ
842 2356 918 2393 Περ-

224 2403 286 2432 σῶν
299 2401 444 2438 βασιλεὺς
466 2403 483 2432 ὁ
504 2401 645 2442 παλαιὸς,
666 2402 705 2433 ὡς
726 2403 869 2439 δηλοῦσιν
891 2401 919 2432 οἱ

224 2453 347 2492 Περσῶν
358 2451 409 2482 καὶ
429 2452 596 2492 Ἀσσυρίων
609 2451 681 2492 ὅροι,
703 2450 747 2483 οἷς
761 2451 811 2482 καὶ
829 2452 918 2489 Ὀνη-

225 2501 370 2543 σίκριτος,
382 2503 398 2533 ὁ
409 2502 450 2533 τὰ
462 2503 511 2533 ἐπὶ
521 2501 717 2543 Ἀλεξάνδρου
727 2501 920 2543 συγγράψας,

225 2555 394 2593 συμφωνεῖν
405 2555 497 2593 δοκεῖ,
510 2552 730 2590 ἑκατοντούτης
747 2552 921 2593 γενόμενος,

227 2601 326 2642 ἐζήτει
338 2601 395 2642 μὲν
415 2601 467 2634 ἕνα
490 2601 620 2633 ἕκαστον
631 2604 693 2634 τῶν
703 2602 810 2643 φίλων.
855 2607 921 2633 Μα-

227 2652 285 2683 edm
295 2651 327 2683 δὲ
340 2652 411 2684 τοὺς
426 2652 593 2684 πλείστους
614 2652 843 2694 διεφθαρμένους
865 2652 922 2683 ὑπὸ

228 2701 395 2741 Καμβύσου
404 2703 460 2733 τοῦ
472 2702 561 2741 υἱέος,
583 2701 635 2734 καὶ
655 2701 827 2743 φάσκοντος
838 2707 923 2742 Καμ-

229 2751 328 2788 βύσου
341 2752 421 2784 κατὰ
445 2751 632 2794 πρόσταγμα
642 2752 679 2784 τὸ
691 2753 805 2784 ἐκείνου
826 2754 924 2785 ταῦτα

229 2802 434 2843 πεποιηκέναι,
455 2803 492 2833 τὸ
503 2802 558 2841 μέν
568 2815 610 2841 τι,
630 2801 705 2844 πρὸς
714 2803 772 2840 τὴν
783 2803 924 2842 ὠμότητα

230 2853 286 2883 τοῦ
296 2852 360 2883 υἱοῦ
382 2852 565 2891 διαβληθεὶς,
576 2853 613 2883 τὸ
633 2852 667 2884 δέ
676 2865 717 2892 τι,
736 2854 775 2884 ὣς
794 2865 924 2893 παρανο-

235 2902 350 2940 μοῦντα.
382 2902 472 2934 αὐτὸν
505 2901 727 2944 αἲτιασᾶμενυς,
759 2902 924 2943 ἀθυμήσας,

1567 298 1653 342 639

957 400 1102 432 ἐτελεύτα
1113 400 1168 430 τὸν
1182 399 1261 436 βίον.
1306 400 1518 441 Quamquam
1535 400 1649 431 absur-

959 451 1130 482 dissimum
1145 451 1207 481 lioc
1230 450 1344 480 multis
1366 450 1546 481 videbitur.
1590 451 1652 481 Ut-

959 505 1038 541 pote
1050 510 1124 531 cum
1138 500 1246 540 Cyrus
1257 502 1310 530 40.
1330 509 1433 530 annos
1456 504 1554 530 natus
1578 509 1652 539 reg-

958 561 1039 581 nare
1065 550 1231 591 eoeperit3
1265 549 1439 590 imperarit
1470 559 1574 580 annos
1596 553 1649 580 30.

959 600 1142 641 Cambyses
1156 609 1235 631 vero
1248 609 1351 630 annos
1364 596 1452 646 7T5‚—‚.
1488 599 1578 629 Fieri
1591 599 1653 630 ita-

957 661 1021 692 que
1044 660 1108 681 non
1124 650 1273 690 potuerit
1290 640 1651 690 Cyr11n1“ce11tesin1un1

959 711 1081 733 annum
1130 701 1239 732 aetatis
1283 700 1452 741 implesse,
1490 703 1653 740 regnante

959 753 1135 793 cambyse.
1157 753 1242 784 Voss.

1001 803 1050 842 §4
1073 802 1157 832 Dein
1176 804 1301 842 postera
1321 802 1371 832 die
1394 801 1537 831 simulato
1557 803 1652 840 metu,

958 851 1046 892 quasi
1068 850 1227 890 refugiens
1254 854 1358 882 castra
1382 852 1575 891 deseruisset,
1606 852 1653 881 ita

959 902 1023 932 vini
1045 901 1185 942 affatim]
1230 902 1332 933 Hunc
1355 901 1375 933 l.
1408 911 1450 932 ex
1482 900 1592 932 Oxon.
1618 905 1655 932 et

959 953 1055 984 Junt.
1070 952 1117 983 sic
1131 952 1284 983 restitui:
1310 952 1355 982 D.
1377 962 1409 991 p.
1431 952 1462 983 d.
1483 960 1563 991 cum,
1584 951 1656 982 sim.

960 1013 1002 1033 m.
1029 1013 1061 1042 q.
1079 1012 1107 1033 r.
1134 1013 1161 1033 c.
1184 1004 1215 1033 d.
1234 1002 1299 1032 vz’m'
1319 1001 1455 1042 affictim,
1477 1005 1507 1032 et
1533 1011 1567 1032 ea
1587 1011 1654 1041 quat

961 1057 1050 1084 erant
1072 1053 1168 1093 epulis
1190 1053 1370 1092 necessaria,
1393 1052 1530 1092 reliquit.
1576 1052 1655 1082 Cum

962 1113 1003 1134 ex
1020 1103 1161 1136 Juntina
1174 1103 1375 1143 interposui,
1396 1103 1443 1133 ita
1459 1102 1655 1134 auctoribus

962 1154 1044 1184 Mss.
1072 1153 1267 1193 Anglicanis
1297 1157 1332 1184 et
1358 1153 1502 1185 Juntina
1531 1152 1654 1183 delevi.

962 1204 1081 1234 Paullo
1097 1208 1176 1234 ante
1190 1203 1262 1234 ead.
1275 1203 1330 1234 ed.
1342 1203 1438 1234 Junt.
1466 1206 1474 1220 ‘
1489 1212 1565 1234 cnm
1579 1212 1655 1242 pro-

960 1252 1079 1284 hibere
1096 1262 1153 1284 eos
1176 1257 1305 1293 posset,
1328 1253 1449 1283 vadum
1462 1252 1583 1283 Araxis
1595 1251 1657 1283 flu-

962 1304 1062 1335 minis
1080 1303 1222 1334 transire
1236 1303 1390 1344 permisit
1403 1302 1423 1334 :’
1447 1302 1659 1342 sedfluminis

963 1353 1099 1394 irrepsit
1129 1362 1171 1384 ex
1204 1352 1366 1393 margine.
1423 1352 1507 1385 Quis
1538 1352 1659 1382 credat

962 1404 1134 1436 Justinum
1151 1402 1327 1433 brevitatis
1340 1407 1408 1433 tam
1421 1402 1607 1433 studiosum
1621 1402 1658 1433 in

962 1453 1039 1483 ead.
1057 1452 1195 1493 periodo
1220 1452 1345 1483 iterato
1359 1452 1430 1482 sine
1449 1453 1657 1483 necessitate

963 1511 1102 1533 usurum
1124 1502 1243 1533 eadem
1264 1502 1372 1532 voce?
1395 1502 1553 1533 continuo
1569 1502 1659 1533 enim

964 1552 1117 1593 sequitur
1132 1563 1140 1583 ι
1162 1554 1171 1569 ‘
1184 1559 1220 1583 et
1235 1552 1297 1582 sibi
1309 1550 1493 1582 faciliorem
1511 1561 1658 1592 pugnam

963 1601 1162 1641 intraregni
1175 1601 1224 1632 sui
1242 1601 1400 1632 terminos
1420 1606 1504 1639 rata,
1530 1606 1565 1632 et
1584 1602 1659 1632 hos-

965 1651 1056 1682 tibus
1073 1651 1213 1691 objectu
1237 1649 1381 1681 fluminis
1403 1650 1519 1691 fugam
1535 1650 1658 1682 diffici-

963 1700 1105 1731 liorem.'
1129 1701 1237 1731 Groev.

1007 1750 1023 1789 ξ
1040 1752 1060 1779 6
1088 1749 1181 1789 Vino,
1195 1748 1264 1789 δρα]
1285 1749 1374 1780 Saxo
1389 1758 1421 1779 v.
1436 1758 1469 1789 p.
1484 1750 1535 1780 94.
1547 1747 1570 1780 f.
1584 1748 1659 1780 ‘In-

965 1800 1058 1840 genti
1075 1809 1110 1830 se
1124 1809 1307 1830 oneravere
1324 1799 1424 1830 vino.'

1007 1851 1060 1890 §7
1086 1849 1260 1889 Ebrietate]
1294 1850 1339 1881 H.
1363 1849 1462 1880 modo
1485 1849 1661 1889 perierunt

965 1904 1000 1930 et
1016 1900 1126 1930 Histri
1143 1909 1196 1940 ap.
1213 1900 1303 1930 Flor.
1317 1909 1358 1930 11.
1372 1902 1423 1930 10.
1448 1898 1538 1931 Add.
1557 1900 1662 1930 Fron·

966 1950 1026 1981 tin.
1040 1959 1079 1981 11.
1092 1954 1123 1981 5.
1138 1953 1188 1980 12.
1234 1950 1381 1981 Videtur
1393 1950 1435 1981 de
1446 1949 1544 1980 simili
1562 1959 1662 1980 even-

965 2004 1003 2030 tu
1016 1999 1105 2040 loqui
1119 1999 1202 2030 Sall.
1217 1999 1263 2031 H.
1278 2009 1327 2031 1v.
1339 2003 1370 2031 3.
1385 2003 1436 2031 18.
1459 2000 1558 2031 Rern.

1008 2049 1025 2089 ξ
1049 2052 1068 2080 8
1106 2049 1249 2090 saucios]
1290 2051 1342 2080 Ea
1368 2054 1422 2081 est
1454 2054 1550 2080 vetus
1578 2050 1660 2080 lect.

965 2099 1088 2131 Strabo
1116 2100 1188 2141 (qui
1204 2100 1261 2131 lib.
1277 2109 1315 2132 11.
1331 2110 1363 2140 p.
1380 2102 1455 2131 353.
1470 2109 1522 2139 pr.
1535 2100 1608 2130 liaec
1625 2099 1660 2129 in

964 2149 1058 2180 Sacis
1076 2154 1172 2190 gesta
1194 2149 1329 2191 scribit)
1355 2149 1479 2189 ἐξοίνους
1499 2149 1549 2180 καὶ
1568 2161 1661 2190 παρα-

965 2203 1100 2243 πλῆγας,
1113 2202 1280 2233 vinolentos
1300 2205 1330 2232 et
1351 2202 1506 2241 scupz'dos:
1530 2200 1664 2232 Auctor

965 2252 1026 2284 inf.
1042 2261 1144 2283 xxiv.
1159 2255 1189 2283 8.
1209 2256 1238 2283 1.
1261 2254 1269 2269 ‘
1284 2261 1377 2283 mero
1394 2251 1524 2282 saucios
1535 2251 1542 2263 '
1556 2251 1661 2282 dicit:

967 2302 1132 2343 quomodo
1156 2302 1282 2333 Ennius
1307 2306 1341 2333 et
1364 2302 1503 2332 Lucret.
1526 2303 1662 2331 ‘amore

967 2352 1118 2385 saucios!
1161 2352 1247 2383 Inde
1262 2362 1315 2392 ap.
1330 2351 1453 2382 Tibull.
1472 2360 1496 2381 1.
1508 2353 1539 2382 2.
1557 2352 1566 2368 ‘
1578 2350 1662 2381 Per-

967 2411 1083 2432 cussus
1108 2406 1261 2441 tempora
1285 2399 1441 2431 Baccho.'
1485 2399 1553 2432 Qui
1569 2399 1664 2430 Grae-

967 2452 1017 2482 cis
1048 2450 1175 2482 dicitur
1199 2449 1352 2489 οἷνοπλήξ.
1395 2450 1511 2481 Plaut.
1539 2449 1665 2480 Casina

968 2510 1027 2532 111.
1045 2504 1119 2532 5.6.
1143 2502 1152 2518 ‘
1166 2502 1256 2534 Quid
1269 2506 1333 2541 est,
1349 2501 1413 2532 nisi
1428 2501 1500 2531 haec
1517 2501 1663 2531 meraclo

969 2552 1013 2583 Se
1027 2551 1155 2592 uspiam
1170 2551 1334 2592 percussit
1346 2549 1431 2581 flore
1444 2550 1557 2582 Liberi
1567 2549 1590 2580 ?'
1613 2551 1665 2581 Ea

969 2603 1104 2634 videtur
1119 2611 1194 2633 esse
1210 2603 1281 2643 ejus
1291 2602 1357 2633 loci
1371 2611 1450 2633 vera
1461 2602 1541 2632 lect.
1563 2601 1572 2619 ‘
1587 2601 1665 2632 Flos

971 2652 1085 2684 Liberi
1099 2652 1107 2666 '
1134 2656 1170 2683 et
1185 2652 1311 2683 Plauto
1327 2660 1432 2691 saepe,
1454 2654 1490 2681 et
1513 2650 1665 2691 Turpilio

972 2713 1028 2743 ap.
1044 2702 1134 2733 Non.
1151 2706 1205 2732 est
1217 2701 1342 2732 vinum.
1360 2701 1517 2740 Bongars.
1560 2700 1668 2731 Plura

972 2752 1141 2783 Gruterus
1169 2751 1360 2792 Suspicion.
1387 2759 1466 2781 vm.
1494 2752 1546 2781 13.
1599 2749 1667 2780 Im·

973 2802 1078 2844 pressi
1112 2811 1232 2833 securos
1264 2799 1463 2841 praeferunt.
1518 2799 1667 2831 Freinsh.

972 2852 1086 2893 sopitos
1117 2850 1250 2891 legend.
1289 2850 1500 2890 suspicatur:
1538 2853 1577 2880 ut
1609 2858 1665 2889 ap.

974 2904 1070 2936 Curt.
1094 2912 1174 2935 v111.
1191 2905 1222 2934 6.
1240 2904 1292 2934 32.
1317 2903 1325 2919 ‘
1341 2903 1482 2944 Sopitus
1511 2910 1601 2934 mero
1627 2910 1667 2932 ae
