2101 3419
465 380 717 414 RECENSUS
752 380 1034 413 EDITIONUM
1068 379 1278 413 JUSTINI.
1478 371 1583 414 105]

151 487 273 514 venna
301 476 338 514 in
360 476 483 515 Catal.
501 477 618 515 Tom.
641 488 683 516 V.
704 490 743 527 p.
764 483 828 516 44.
883 477 1131 517 Ascribamus
1145 477 1227 527 ejus
1249 478 1383 516 verba:
1416 478 1592 516 ‘Grono-

151 537 235 576 vius
256 540 316 577 n’a
335 552 405 589 pas
424 539 513 577 bien
545 539 616 578 sait
635 539 823 578 attention
841 539 864 577 a
883 539 920 578 la
936 540 1025 578 date
1051 540 1100 579 de
1128 541 1167 578 la
1195 539 1464 590 souscription,
1498 540 1592 590 qu'il

149 611 310 649 marque
339 605 415 639 ‘M.
445 611 593 640 cccco.
623 601 775 639 decimo
806 615 910 640 nono
947 601 1112 639 Kalend.
1139 601 1331 651 Augusti‚’
1357 614 1406 640 au
1434 602 1509 640 lieu
1543 602 1593 640 de

149 664 162 682 ‘
178 671 229 700 M.
259 672 410 701 ccccc.
440 663 607 701 decimo.
637 664 752 701 Nono
769 664 936 701 Kalend.
955 663 1148 712 Augusti:
1166 669 1206 701 et
1222 676 1293 713 par
1312 669 1549 714 consequent
1569 665 1595 702 il

147 723 186 760 la
205 724 303 762 croit
321 725 502 763 execute'e
518 725 613 762 dans
632 725 778 763 l'annee
802 731 918 764 1500.
947 737 996 762 au
1014 724 1088 762 lieu
1107 724 1157 762 de
1175 730 1292 763 1510.
1312 738 1463 763 comme
1494 739 1592 764 nous

147 784 294 822 croions
307 788 424 835 qu’on
438 786 576 825 doit‘la
594 792 719 833 noter,
743 793 776 824 1.
797 797 991 836 parceque
1010 785 1106 823 dans
1124 785 1164 823 la
1181 785 1262 823 dite
1281 787 1536 836 souscription
1555 788 1591 825 le

148 845 290 885 decimo
308 852 367 885 est
385 847 558 897 imprime
571 860 666 885 avec
683 860 734 885 un
752 848 862 897 point
875 847 1002 896 apres,
1023 859 1173 885 comme
1186 860 1281 886 nous
1296 848 1332 886 le
1346 855 1592 898 rapportons‚

147 913 187 946 et
203 921 277 958 que
304 909 339 946 la
359 909 544 959 premiere
565 910 608 946 N
621 909 670 946 de
691 921 807 954 nono,
829 908 895 957 qui
913 908 990 946 suit
1007 908 1119 957 apres
1139 908 1175 946 le
1195 909 1318 958 point,
1345 915 1405 947 est
1433 911 1592 960 grande,

147 984 193 1009 ce
213 971 279 1020 qui
297 971 367 1009 fait
386 972 468 1009 voir
486 985 560 1021 que
579 972 613 1008 le
633 971 776 1009 decimo
795 970 1016 1020 appartient
1033 969 1057 1007 ἒι
1076 968 1233 1016 l’annee,
1249 976 1287 1009 et
1299 971 1335 1009 le
1347 984 1448 1009 nono
1466 972 1489 1010 a
1511 974 1593 1011 Ka-

146 1033 293 1072 lendas.
322 1040 359 1073 2.
388 1046 584 1083 parceque
602 1034 658 1071 les
681 1032 874 1071 Kalendoe
893 1033 1072 1083 Augusti
1103 1045 1152 1070 ne
1171 1037 1264 1071 vont
1292 1046 1365 1083 pas
1398 1035 1484 1083 plus
1514 1036 1594 1074 loin

148 1107 223 1144 que
243 1095 423 1145 Dixsept,
444 1101 484 1133 et
515 1109 591 1145 que
610 1108 682 1146 par
702 1100 942 1144 consequent
962 1095 1121 1132 Decimo
1152 1107 1253 1134 nono
1274 1096 1474 1135 Kalendas
1506 1097 1593 1137 Au-

144 1159 257 1208 gusti
272 1171 319 1195 ne
335 1164 428 1207 peut
441 1171 511 1208 pas
525 1157 721 1204 subsister,
742 1162 780 1195 et
793 1157 909 1195 seroit
927 1156 1045 1196 saux.'
1072 1157 1190 1201 Quod
1203 1157 1359 1208 quidem
1373 1171 1448 1196 non
1470 1160 1591 1198 anim·

145 1219 353 1258 advertens
381 1220 528 1258 Panzer
556 1221 696 1258 Annal.
726 1226 810 1270 typ.
828 1219 945 1257 Tom.
965 1230 996 1256 1.
1016 1231 1056 1268 p.
1078 1224 1171 1264 429.
1191 1220 1281 1258 coll.
1300 1220 1420 1259 Tom.
1443 1232 1527 1259 vlt.
1549 1235 1590 1272 p.

150 1286 212 1320 13.
232 1281 329 1320 duas
348 1282 486 1321 statuit
513 1295 598 1320 esse
628 1282 829 1328 editiones,
859 1294 947 1331 quae
977 1281 1132 1319 nonnisi
1165 1294 1242 1319 una
1271 1287 1354 1320 erat
1388 1283 1589 1325 habenda:

143 1344 387 1394 eundemque
419 1356 585 1382 errorem
617 1344 813 1393 repetiisse
842 1343 1015 1382 videmus
1046 1343 1262 1381 Harlesium
1291 1344 1330 1382 in
1366 1346 1504 1396 Suppl.
1539 1347 1590 1386 ad

145 1404 254 1443 brev.
274 1411 356 1445 not.
376 1406 434 1445 lit.
456 1408 570 1444 Rom.
590 1406 703 1445 Parte
723 1417 775 1444 11.
795 1418 837 1456 p.
860 1411 949 1444 155.

200 1495 212 1506 .
233 1496 245 1506 .
265 1496 273 1505 .
297 1496 306 1506 .
325 1468 497 1507 Parisina
529 1479 602 1508 111.
637 1482 668 1507 s.
688 1482 729 1511 a.
743 1474 783 1508 4.
837 1469 1028 1515 suminus,
1062 1468 1212 1515 Florus,
1243 1476 1283 1508 et
1314 1471 1419 1509 Sext.
1451 1471 1590 1510 Rufus.

145 1535 157 1553 ⁴
169 1531 321 1569 Parisiis
338 1531 376 1569 in
395 1532 542 1581 Campo
561 1531 760 1570 Gaillardo
779 1531 921 1569 venalis
936 1531 1041 1582 apud
1053 1532 1077 1570 J
1080 1543 1244 1570 oannem
1260 1531 1592 1572 Petit.'--Panzer

141 1593 258 1633 Tom.
278 1604 382 1632 vul.
398 1607 438 1644 p.
454 1600 547 1634 211.

203 1660 302 1695 1512
330 1657 514 1695 venetiis.
533 1657 616 1695 Fol.
671 1658 718 1696 ‘J
722 1657 835 1696 ustini
865 1669 913 1695 ex
941 1661 1055 1706 trogo
1085 1658 1269 1709 pompeio
1299 1657 1468 1698 historiae
1501 1671 1591 1697 cum

146 1717 276 1755 multis
293 1719 605 1757 memorabilibus
623 1719 661 1756 in
682 1719 863 1769 margine.
922 1718 1065 1757 Addito
1085 1720 1244 1770 insuper
1262 1720 1403 1767 indice,
1423 1734 1501 1770 quo
1532 1721 1592 1759 fa-

146 1782 257 1821 cilius
275 1786 410 1819 notatu
430 1781 592 1819 clariora
618 1781 774 1831 reperiri
801 1781 978 1831 possint:
1008 1794 1132 1832 nuper
1150 1783 1378 1820 emendate?
1434 1784 1533 1821 Haec
1552 1783 1590 1821 in

146 1843 286 1883 fronte.
323 1844 369 1880 In
396 1843 471 1880 fine
495 1842 660 1882 Justini:
677 1842 841 1882 ‘Justini
868 1842 1031 1893 Hispani
1057 1842 1590 1894 Historici-Epithomatum

144 1905 244 1944 liber
256 1916 412 1943 XL1111.
468 1906 518 1942 Et
539 1905 695 1942 ultimus
715 1904 877 1942 feliciter
896 1904 1008 1943 finit?
1035 1906 1217 1956 Sequitur
1236 1906 1385 1953 Florus,
1406 1907 1456 1945 ad
1475 1908 1590 1956 cujus

145 1968 294 2006 calcem
311 1967 471 2018 legiturz
500 1972 510 1988 ‘
527 1968 760 2016 Impressum
778 1966 952 2004 Venetiis
971 1979 1040 2018 per
1067 1969 1257 2006 Joannem
1273 1968 1519 2007 Tachninum
1539 1969 1589 2007 de

144 2030 306 2068 Tridino
326 2040 378 2068 M.
407 2039 557 2068 ccccc.
586 2039 674 2068 ΧΠ.
702 2029 763 2067 die
782 2028 967 2078 vigesimo
986 2029 1103 2067 tertio
1122 2030 1591 2080 Septembris.’—Panzer

146 2092 263 2131 Tom.
282 2102 386 2130 vul.
406 2105 447 2142 p.
466 2097 559 2130 408.
1623 2098 1625 2101 ’

201 2159 302 2192 1514
328 2153 484 2204 Lipsiae.
514 2154 597 2191 Fol.
652 2152 816 2192 ‘Justini
841 2166 888 2191 ex
917 2153 1050 2204 Trogo
1078 2153 1270 2204 Pompeio
1302 2154 1470 2193 historiae
1499 2168 1589 2193 cum

145 2215 272 2253 multis
304 2215 617 2254 memorabilibus
649 2215 688 2253 in
718 2215 904 2265 margine.
957 2215 1105 2253 Addito
1141 2216 1300 2266 insuper
1328 2216 1478 2256 indice:
1509 2230 1588 2266 quo

144 2275 294 2313 facilius
307 2281 443 2314 notatu
462 2276 620 2314 clariora
638 2277 793 2326 reperiri
810 2277 986 2327 possint:
1015 2290 1139 2328 nuper
1153 2277 1394 2316 emendatae!
1422 2278 1468 2315 In
1486 2278 1588 2317 fine:

146 2338 396 2387 ‘Impressum
414 2336 553 2386 Liptzk
570 2349 638 2386 per
654 2338 848 2376 Jacobum
864 2338 1049 2376 Thanner
1068 2339 1416 2389 Herbipolitanum.
1472 2342 1589 2378 Anno

144 2399 226 2437 dni.
254 2410 307 2437 M.
336 2410 488 2437 ccccc.
515 2400 929 2439 x1111.'-Rarissimae
955 2401 1070 2450 hujus
1103 2402 1283 2442 editionis
1311 2403 1488 2441 notitiam
1520 2404 1589 2441 de-

146 2460 203 2498 dit
222 2461 384 2510 Freytag
404 2460 442 2498 in
460 2461 649 2510 Apparat.
669 2461 767 2501 liter.
784 2460 896 2500 Tom.
929 2473 961 2500 1.
981 2475 1072 2512 pag.
1093 2468 1184 2508 274.
1214 2464 1278 2503 Cf.
1307 2465 1454 2503 Panzer
1470 2465 1588 2503 Tom.

148 2532 232 2560 v11.
252 2534 294 2571 p.
319 2520 407 2560 186.

204 2588 307 2627 1517
334 2583 492 2622 Viennae
509 2584 691 2624 Austriae.
709 2591 749 2624 4.
803 2588 816 2607 ‘
829 2585 852 2624 J
858 2585 971 2624 ustini
988 2585 1210 2624 nobilissimi
1229 2587 1414 2626 Historici
1428 2588 1467 2625 in
1484 2588 1587 2626 Tro-

146 2657 237 2695 gum
256 2645 483 2695 Pompeium
503 2646 606 2685 Libri
634 2647 890 2699 quadraginta
910 2655 1088 2698 quatuor.
1143 2649 1310 2687 Additus
1340 2649 1498 2699 insuper
1524 2656 1587 2688 est

146 2720 213 2756 per
229 2707 416 2745 Joannem
436 2708 652 2746 Camertem
672 2709 812 2746 ordinis
828 2710 1023 2747 Minor-um
1043 2708 1162 2747 Index
1185 2709 1486 2759 copiosissimus,
1508 2724 1586 2761 quo

147 2768 271 2813 facile,
292 2769 478 2819 quicquid
499 2771 533 2808 in
555 2777 639 2808 toto
658 2784 772 2821 opere
792 2778 924 2809 notatu
943 2771 1096 2821 dignum
1117 2777 1188 2816 est,
1208 2772 1331 2820 possit
1348 2772 1470 2809 lector
1496 2786 1586 2810 cum

148 2831 306 2869 voluerit
334 2833 526 2882 reperire.'
580 2834 673 2884 Pag.
707 2839 742 2872 2.
773 2833 909 2884 legitur
927 2832 1093 2872 Vdalrici
1112 2833 1223 2872 Fabri
1247 2833 1585 2884 Thornburgensis
