2174 3424
466 902 471 906 ,
514 880 606 902 verae
635 871 770 902 videtur
787 872 957 902 exhibere.

515 315 601 356 714

515 418 655 460 conjicit
668 419 766 451 omnis
793 420 928 452 Groecia.
975 421 1064 453 Quid
1080 420 1106 452 si
1123 421 1213 461 lega-

515 474 572 500 tur
597 471 699 502 omnia
722 471 855 502 Groeciae
871 471 994 512 oppida,
1020 482 1081 512 per
1108 476 1213 502 meto·

514 521 659 561 nymiam
685 521 842 562 quidem?
871 523 938 554 Vor.
985 522 1161 563 Bong.qui
1178 523 1212 553 in

514 571 681 601 nonnullis
709 572 839 611 legerat
872 573 1040 610 concurrit,
1071 573 1214 612 putabat

514 621 612 651 omnis
625 621 764 660 Groecia,
782 622 896 652 deleta
911 632 994 653 voce
1006 632 1113 661 regna,
1130 623 1212 653 scri-

512 670 615 702 bend.
642 672 758 702 Vorst.
782 672 941 703 censebat
957 674 1059 702 omnia
1081 672 1213 703 Graecioe

513 721 636 760 oppida.
680 722 747 752 Sed
769 722 832 753 hoc
850 723 983 763 quidem
1001 722 1096 753 nimis
1114 723 1211 762 longe

515 770 597 801 abit.
643 771 683 802 In
711 772 778 803 Ms.
808 781 873 802 uno
898 772 1022 812 legitur
1047 773 1144 803 omnis
1173 774 1213 803 ad

518 821 651 852 Groecz’oe
685 832 792 861 regna,
826 822 914 863 quod
950 822 1094 862 vestigia
1131 823 1212 854 lect.

1003 872 1093 903 Puto
1121 882 1213 903 nau]-

514 930 580 961 que
605 921 780 961 scripsisse
804 922 895 954 Just.
931 921 1037 959 Quos.
1054 932 1157 953 omnes
1174 924 1214 953 ad

517 971 652 1001 Graecz'oe
676 982 816 1011 regumn,
846 973 938 1003 velut.
990 973 1116 1003 Sensus
1148 973 1214 1003 ele-

514 1022 655 1062 gantiss.
691 1027 726 1053 et
763 1023 1024 1053 convenientiss.
1071 1024 1215 1062 Regnum

517 1072 652 1103 Groeciae
665 1072 829 1103 invidiose
846 1073 985 1111 dicitur,
1001 1083 1066 1113 quo
1080 1073 1215 1104 Graecia

515 1132 592 1153 cum
617 1123 776 1154 libertate
802 1133 860 1154 sua
884 1124 1069 1164 premitur3
1094 1124 1214 1155 intelli-

514 1172 606 1213 gitur
623 1178 737 1204 autem
754 1173 932 1213 imperium
946 1173 1213 1206 Atheniensium.

515 1223 642 1254 Locum
666 1222 751 1254 fecit
774 1223 951 1254 obscurum
968 1228 1001 1254 et
1017 1224 1214 1255 mendosum

513 1273 595 1304 illud
623 1274 732 1313 omnis,
763 1275 902 1314 antique
940 1274 1117 1313 scriptum,
1139 1284 1213 1315 pro,

514 1333 642 1355 omnes,
689 1324 775 1355 Inde
806 1334 951 1364 namque
983 1325 1125 1363 primum
1154 1335 1214 1365 pro

512 1378 697 1404 concurrunt
723 1374 850 1405 factum
873 1374 1027 1404 concurrit
1044 1374 1075 1403 iu
1094 1375 1214 1415 aliqui-

513 1422 575 1454 bus
589 1434 598 1462 ;
614 1423 737 1454 deinde
754 1423 904 1454 deletum
920 1426 983 1459 αι1;
1000 1429 1047 1463 et,
1059 1424 1137 1464 quia
1152 1435 1214 1455 om-

513 1474 705 1512 nisreguum
729 1484 796 1505 non
819 1475 1025 1513 cohaerebat,
1051 1475 1212 1515 scriptum

512 1532 620 1562 regna.
654 1523 768 1555 Sclief.
815 1523 917 1565 Augl.
950 1524 1047 1554 omnis
1081 1525 1214 1556 Graecz'oe

512 1574 690 1614 multitudo,
722 1575 812 1615 quod
846 1575 999 1615 suspicor
1030 1585 1072 1605 ex
1103 1576 1215 1615 glossa

513 1633 584 1656 esse
599 1636 608 1663 3
640 1635 679 1656 ae
704 1626 840 1665 egregie
858 1625 969 1656 firmat
985 1631 1136 1657 nostruin
1152 1637 1214 1657 om-

512 1683 587 1705 nes:
602 1675 645 1705 de
664 1684 728 1715 quo
746 1675 779 1705 in
796 1676 904 1707 Notis.
928 1676 977 1706 Id.

562 1724 650 1756 Velut
678 1727 718 1756 ad
737 1727 1006 1767 exstinguendum,
1033 1726 1102 1768 Alsa]
1127 1727 1213 1759 Ead.

514 1785 606 1816 supr.
625 1785 649 1806 1.
666 1778 699 1806 7.
716 1779 748 1806 9.
772 1777 871 1807 Bern.

556 1826 572 1865 ξ
595 1828 615 1855 6
641 1826 773 1856 Tantum
788 1827 905 1868 odium]
926 1827 1024 1859 Junt.
1044 1828 1119 1858 odii.
1157 1828 1213 1859 Sic

514 1874 558 1906 id.
577 1885 644 1906 xu.
662 1879 691 1907 3.
717 1877 873 1911 Quantum
884 1878 971 1916 muli,
985 1888 1048 1918 pro
1060 1878 1150 1917 vulg.
1172 1879 1213 1913 Q.

513 1926 637 1956 malum.
684 1926 773 1956 Dein
791 1926 912 1957 iidem:
942 1928 1092 1957 consumti
1114 1928 1214 1967 magis

506 1976 647 2014 fortunae
672 1977 832 2015 varietate,
857 1987 947 2017 quam
971 1978 1015 2017 vi,
1037 1978 1110 2008 victi
1128 1982 1211 2009 sunt.

514 2027 614 2059 Quod
639 2032 674 2058 et
703 2028 736 2058 in
766 2028 841 2059 aliis
865 2029 1111 2069 antiquioribus
1135 2030 1212 2062 edd.

513 2078 734 2119 conspicitur,
749 2084 784 2109 et
801 2089 916 2110 verum
933 2085 997 2111 est.
1042 2080 1135 2111 Victi
1149 2081 1212 2112 uti-

514 2138 577 2169 que
593 2135 672 2159 sunt
687 2128 924 2169 Athenienses,
938 2129 996 2161 sed
1010 2139 1075 2160 uon
1094 2130 1137 2169 vi,
1152 2131 1211 2161 sed

512 2177 657 2208 fortuuae
689 2179 855 2209 varietate
884 2184 962 2209 sunt
987 2180 1153 2210 consumti
1176 2184 1212 2210 et

513 2228 682 2259 exhausti.
729 2228 827 2259 Hauc
852 2229 931 2259 lect.
958 2228 1083 2260 dudum
1109 2230 1211 2261 etiam

514 2279 666 2310 Gronov.
685 2279 854 2319 probavit.
880 2280 987 2309 Graev.

557 2329 758 2360 Immooerotz·
772 2329 895 2369 imperii
910 2329 1095 2370 cupiditate]
1126 2330 1209 2362 Mss.

514 2379 581 2410 duo
608 2380 729 2420 optimi
750 2380 773 2410 i.
801 2381 824 2410 i.
850 2380 1047 2411 crudelitate.
1094 2381 1212 2412 Consi-

512 2429 635 2460 derent
651 2430 764 2460 docti:
796 2429 930 2460 interim
956 2439 1020 2470 ego
1045 2430 1211 2463 nibilmu-

512 2479 605 2511 tand.
631 2490 763 2511 censeo.
787 2481 876 2511 Mod.
922 2481 1044 2512 Fastus
1065 2485 1101 2512 ct
1115 2490 1212 2522 aspe-

513 2532 594 2563 ritas
624 2532 880 2563 Atheniensium
916 2532 949 2562 in
980 2542 1048 2572 eos,
1079 2543 1162 2574 quos
1192 2544 1211 2565 e

513 2583 613 2614 sociis
636 2582 789 2613 subditos
813 2581 981 2623 fecerunt,
1005 2593 1023 2614 e
1043 2584 1212 2625 Thucydi-

513 2632 563 2663 dis
579 2642 618 2663 ac
636 2632 775 2663 Diodori
793 2642 858 2663 non
875 2642 941 2664 uno
958 2633 1030 2664 loco
1049 2634 1211 2675 perspici-

513 2688 579 2715 tur.
624 2684 882 2722 Verumtamen,
904 2693 980 2714 cum
1002 2683 1061 2714 inf.
1078 2683 1211 2715 demum

513 2744 547 2765 n.
566 2737 617 2765 11.
646 2733 689 2764 de
706 2733 818 2768 sociis,
845 2733 898 2763 hic
912 2733 954 2764 de
969 2738 1050 2764 cett.
1067 2734 1211 2775 Graecis,

514 2784 558 2814 sit
575 2793 696 2821 sermo,
712 2783 857 2822 dubites,
882 2792 922 2813 an
949 2792 1015 2814 non
1033 2793 1094 2824 pro
1107 2785 1212 2815 crude.

511 2836 602 2866 litate
616 2835 741 2865 rectius
759 2834 802 2865 sit
818 2835 932 2875 legere
946 2845 1021 2866 cum
1035 2836 1109 2867 aliis
1122 2837 1210 2868 Edd.

512 2886 692 2926 cupiditate.
737 2885 804 2917 Sed
822 2891 891 2917 tum
917 2886 1130 2928 immoderata,
1146 2896 1211 2919 non

973 326 1115 357 NOTAE
1150 326 1212 357 VA
1224 327 1414 358 RlORUM
1449 327 1500 357 lN

1264 419 1472 458 immoderati,
1489 418 1658 450 scribend.
1676 418 1793 450 fuerit.
1823 419 1968 460 Utrique

1264 472 1344 502 lect.
1367 471 1459 501 favet
1474 472 1623 511 Thucyd.
1646 481 1686 502 11.
1709 474 1741 502 2.
1760 474 1813 502 12.
1832 476 1867 502 et
1885 480 1965 502 vni.

1265 524 1294 551 1.
1310 524 1341 552 9.
1356 532 1429 552 cum
1446 531 1539 562 seqq.
1568 522 1754 552 Berneccer.
1799 521 1897 553 Junt.
1913 521 1968 553 ed.

1264 572 1313 601 nti
1332 572 1448 602 Graev.
1469 575 1625 611 testatur,
1645 575 1766 601 tontum
1786 570 1860 601 odii.
1900 571 1969 601 Pro

1264 622 1377 652 crudel.
1405 622 1511 652 codex
1531 622 1595 652 Ms.
1618 631 1716 662 quein
1743 622 1851 660 Bong.
1871 621 1970 659 vidit,

1263 671 1365 701 habet
1381 671 1482 710 cupid.
1507 670 1657 709 Legend.
1683 680 1763 710 ergo
1780 669 1803 701 f.
1823 670 1970 700 immode-

1263 723 1334 750 rata
1369 720 1444 759 imp.
1480 720 1583 758 cupid.
1622 720 1739 750 Vorst.
1799 719 1969 750 Bernecc.

1265 770 1470 809 suspicatur,
1512 770 1713 800 immoderata
1755 770 1830 809 imp.
1862 771 1969 809 cupid.

1265 819 1341 859 quia
1356 820 1459 858 cupid.
1478 823 1530 849 est
1545 819 1577 848 in
1594 819 1667 848 aliis
1691 819 1794 849 etiam
1810 818 1895 850 Mss.
1913 818 1969 850 Id.

1265 868 1389 908 probat
1419 869 1527 898 voi-st.
1573 868 1684 900 Quid?
1707 869 1734 898 si
1753 869 1845 908 legas
1861 868 1972 898 immo-

1264 921 1377 959 derati,
1406 925 1443 951 ut
1472 925 1525 951 est
1552 920 1584 949 iu
1612 919 1676 949 illis
1700 919 1771 949 aliis
1789 924 1822 949 et
1840 919 1971 950 Ms.re-

1265 969 1422 1011 ferasque
1452 970 1494 1000 ad
1532 969 1774 1000 Athenienses.
1821 968 1878 999 Sic
1916 972 1970 999 est

1264 1020 1485 1050 ‘Alexander
1511 1019 1779 1057 immoderatus‚'
1807 1028 1861 1059 ap.
1893 1018 1968 1050 Cic.

1266 1070 1308 1100 ad
1334 1070 1408 1100 Att.
1427 1079 1510 1100 xm.
1533 1072 1586 1100 28.
1612 1068 1717 1106 Schef.

1308 1121 1325 1161 ἡ
1359 1123 1377 1151 7
1403 1120 1535 1159 Darius]
1580 1120 1744 1158 Cognom.
1782 1117 1966 1159 ‘Nothus‚’

1265 1181 1363 1213 quem
1378 1171 1531 1211 Scaliger
1549 1169 1851 1210 Hierosolyniitani
1869 1169 1968 1200 Tem-

1267 1223 1312 1264 pli
1330 1228 1589 1253 restauratorem
1606 1232 1677 1253 esse
1695 1223 1810 1253 sentit.
1835 1223 1935 1253 Bern.

1308 1275 1324 1314 ξ
1348 1277 1367 1304 8
1392 1274 1455 1312 Ne,
1486 1273 1578 1303 victis
1601 1272 1852 1311 Atheniensibus,
1879 1273 1918 1302 od
1937 1281 1970 1302 se

1264 1323 1586 1363 Lacedoe1110nii‚3sc.]
1620 1322 1767 1353 Omnino
1795 1321 1968 1353 scribend-

1264 1384 1314 1412 ne,
1330 1384 1358 1404 v.
1374 1373 1628 1412 Lacedoemoniis,
1653 1374 1692 1403 ad
1708 1382 1739 1403 se
1753 1372 1973 1413 Athenienses,

1263 1426 1315 1464 &a
1361 1425 1459 1457 Quod
1491 1425 1518 1454 si
1540 1424 1629 1464 vulg.
1656 1424 1738 1455 lect.
1764 1424 1968 1462 retineatur,

1264 1485 1405 1514 magnus
1431 1475 1496 1505 erit
1522 1475 1649 1506 Justini
1672 1484 1779 1504 error.
1826 1474 1966 1505 Atheni-

1265 1534 1360 1555 enses
1377 1524 1466 1555 enim
1484 1529 1564 1555 tunc
1589 1524 1698 1556 adbuc
1721 1528 1820 1555 erant
1842 1524 1968 1565 princi-

1265 1586 1324 1617 pes
1341 1576 1497 1607 Graeciae.
1524 1576 1622 1607 Gron.

1308 1627 1325 1666 ς
1350 1629 1389 1656 10
1422 1626 1522 1660 Quom
1552 1625 1642 1665 victi]
1679 1626 1791 1666 Vulgo
1819 1626 1851 1657 υἱ
1877 1625 1965 1657 victi.

1266 1677 1373 1708 Lucil.
1400 1676 1570 1716 ‘Populus
1595 1677 1692 1707 Rom.
1719 1677 1828 1708 victus
1845 1677 1889 1717 vi,
1912 1687 1964 1708 su-

1264 1730 1402 1768 peratus
1434 1726 1583 1766 proeliis!
1609 1726 1766 1765 Bongars.
1813 1727 1963 1758 Restitui

1265 1778 1418 1808 voculam
1445 1777 1488 1815 vi,
1515 1786 1613 1817 quani
1639 1777 1847 1818 antiquiores
1877 1778 1965 1809 Edd.

1264 1829 1413 1860 additam
1427 1830 1565 1868 habent,
1576 1839 1685 1870 neque
1702 1829 1966 1870 expungendam

1264 1879 1369 1910 fuisse
1397 1884 1432 1910 et
1457 1880 1608 1911 Gronov.
1636 1880 1668 1910 in
1694 1880 1795 1911 Notis
1822 1881 1862 1910 ad
1889 1880 1963 1911 Liv.

1263 1933 1393 1960 censet.
1419 1929 1495 1970 Ipse
1513 1930 1569 1961 ille
1587 1930 1695 1969 Bong.
1714 1930 1769 1970 qui
1786 1930 1964 1970 expunxit,

1263 1979 1430 2020 geminum
1448 1979 1563 2010 laudat
1591 1980 1672 2010 illud
1697 1979 1850 2011 Lucillii:
1873 1980 1883 1997 ‘
1898 1980 1964 2011 Po-

1263 2030 1386 2071 pulus,’
1410 2032 1475 2061 &c.
1503 2030 1606 2061 Vorst.
1650 2030 1716 2060 Sed
1735 2030 1866 2070 pridem
1883 2034 1962 2061 ante

1262 2081 1295 2111 in
1326 2090 1386 2111 sua
1412 2080 1466 2111 ed.
1496 2080 1582 2110 lianc
1608 2088 1726 2110 vocem
1754 2083 1966 2121 reposuerat.

1265 2132 1372 2161 Groev.

1305 2181 1322 2220 ς
1354 2182 1392 2210 11
1430 2178 1514 2210 Socii
1546 2179 1751 2219 desciverant]
1796 2179 1961 2211 Diversus

1261 2227 1326 2260 fuit
1341 2230 1435 2260 Rom.
1450 2229 1590 2269 Imperii
1607 2234 1727 2269 status,
1741 2230 1836 2270 cujus
1853 2230 1963 2261 socios

1260 2279 1408 2310 Annibal
1438 2280 1576 2319 Poenus,
1608 2289 1684 2311 cum
1723 2280 1835 2311 omnia
1873 2279 1963 2311 bello

1261 2329 1460 2370 flagrarent,
1477 2329 1543 2360 fide
1561 2335 1674 2361 tamen
1703 2330 1875 2361 dimovere
1897 2340 1965 2362 non

1261 2381 1393 2422 potuit:
1417 2382 1426 2397 ‘
1446 2380 1605 2411 videlicet
1631 2380 1710 2421 quia
1730 2381 1826 2420 justo
1843 2385 1877 2411 et
1894 2390 1965 2412 mo-

1261 2433 1381 2463 derato
1400 2432 1607 2472 regebantur
1631 2432 1796 2472 imperio;
1826 2441 1889 2463 nec
1907 2432 1966 2464 ab·

1262 2483 1423 2521 nuebant,
1454 2482 1544 2523 quod
1571 2492 1673 2513 unum
1698 2483 1866 2513 vinculum
1883 2482 1964 2515 fidei

1261 2538 1326 2572 est,
1355 2532 1551 2563 melioribus
1579 2532 1725 2573 parere‚'
1750 2533 1860 2574 inquit
1887 2533 1964 2566 Liv.

1261 2592 1353 2613 xxn.
1372 2586 1423 2613 13.
1440 2585 1489 2613 11.
1512 2583 1520 2598 ‘
1535 2582 1682 2622 Capsani
1698 2583 1763 2613 levi
1787 2582 1845 2622 [an
1862 2581 1964 2623 leni?]

1261 2634 1403 2674 imperio
1428 2633 1546 2673 habiti,
1568 2638 1602 2663 et
1628 2633 1672 2664 ob
1697 2642 1738 2664 ea
1752 2632 1964 2673 fidelissimi:

1261 2684 1341 2715 Sall.
1355 2684 1412 2716 Ju.
1427 2686 1478 2714 89.
1495 2687 1524 2714 5.
1549 2683 1650 2714 Bern.

1305 2736 1392 2766 CAP.
1418 2743 1459 2765 11.
1486 2737 1515 2764 1.
1541 2733 1756 2773 Imperatoriis
1781 2732 1964 2774 virtutibus]

1260 2787 1298 2818 F.
1315 2785 1442 2817 rectius
1467 2784 1677 2824 imperatoris,
1695 2787 1733 2814 ut
1755 2783 1963 2823 respondeat

1262 2836 1473 2878 praecedenti
1487 2837 1496 2853 ⁶
1512 2834 1654 2866 militis.'
1669 2833 1769 2866 Sebis.
1808 2834 1961 2873 Legend.

1261 2898 1334 2921 esse
1360 2886 1556 2928 imperatoris
1584 2885 1676 2927 (cum
1700 2885 1847 2924 gregario
1867 2884 1963 2915 militi
