2101 3419
548 354 740 385 JUST1N1
778 354 869 383 Lm.
904 355 1047 384 xv111.
1081 357 1185 386 mr.
1218 345 1258 385 1.

1561 344 1642 386 881

707 545 924 596 LIBER
965 546 1169 596 XVIII.

255 678 341 710 CAP.
366 686 392 708 1.
423 679 440 718 ξ
469 679 484 708 1
521 677 626 716 Igitur
656 673 814 717 Pyrrhus]
846 675 901 705 De

212 726 333 767 Pyrrhi
349 726 381 757 in
403 727 536 758 Italiam
556 726 785 766 expeditione,
811 725 902 755 Plut.

210 776 245 807 iu
262 777 405 817 Pyrrho,
426 778 526 809 Paus.
538 787 562 809 1.
585 778 673 809 Flor.
689 787 714 808 1.
728 780 779 808 18.
803 776 903 808 Oros.

212 835 262 856 lv.
280 829 309 857 1.
333 830 368 857 et
384 826 477 867 Epit.
494 827 568 858 Liv.
592 827 695 865 Bong.

256 877 300 907 Et
322 876 399 916 ipsis
420 877 572 908 auxilium
593 878 737 907 adversus
755 875 908 906 Romanos

211 925 437 965 indigentibus]
460 926 601 967 Optime
619 927 685 957 Ms.
705 926 811 964 Bong.
833 934 906 956 aux.

213 976 284 1006 adv.
301 976 391 1006 Rom.
407 976 640 1016 pollicentibus3
662 980 701 1007 ut
715 976 799 1006 Tac.
816 983 841 1006 ι.
854 978 907 1005 60.

212 1026 222 1042 ‘
244 1025 383 1066 Chauci,
405 1036 479 1058 cum
505 1026 629 1057 auxilia
655 1026 907 1066 pollicerentur,

213 1076 248 1106 in
265 1076 495 1107 commilitium
512 1076 632 1107 adsciti
649 1075 749 1106 sunt!
773 1075 906 1106 Gronov.

214 1125 282 1156 Ms.
313 1126 446 1166 quidam
477 1130 568 1157 teste
596 1126 705 1165 Bong.
735 1135 808 1156 aux.
835 1126 906 1155 adv.

214 1175 305 1206 Rom.
326 1175 550 1214 pollicentibus.
593 1174 784 1215 Utrobique
813 1183 908 1204 casus

215 1224 304 1255 sexti
333 1229 404 1264 est;
437 1235 513 1256 cum
544 1224 719 1265 praecedat
750 1224 759 1239 ‘
780 1223 908 1254 Samni-

215 1274 316 1306 tium'
331 1281 367 1306 et
381 1278 390 1293 ‘
404 1274 639 1306 Lucanorum!
672 1273 793 1305 Refero
807 1274 909 1314 igitur

216 1324 279 1355 hoc
306 1324 348 1355 ad
375 1325 432 1356 illa
457 1335 531 1366 quae
556 1325 590 1355 in
616 1324 716 1355 Notis
743 1323 786 1354 ad
809 1332 849 1355 11.
877 1326 908 1354 3.

216 1377 269 1406 16.
287 1380 321 1406 et
336 1384 415 1406 vm.
432 1379 463 1406 5.
476 1378 527 1405 10.
544 1374 785 1414 congessimus.
806 1374 908 1405 Vorst.

217 1425 260 1456 In
284 1427 351 1458 Ms.
379 1427 522 1467 quodam
546 1426 717 1466 reperitur
742 1436 816 1458 aux.
842 1427 910 1458 adv.

218 1475 309 1507 Rom.
337 1476 563 1515 pollicentibus:
595 1476 685 1516 quod
723 1476 841 1507 nescio
869 1485 911 1506 an

219 1526 474 1556 convenientius
490 1526 534 1556 sit
548 1525 709 1556 historiae.
754 1526 872 1556 Florus
890 1535 911 1555 1.

222 1578 272 1606 16.
284 1575 340 1606 ubi
357 1575 399 1606 de
413 1576 501 1607 bello
513 1576 693 1607 Tarentino
707 1576 798 1616 agit:
823 1577 831 1593 ‘
846 1575 914 1606 Sed

220 1629 403 1665 apparatus
420 1625 600 1664 horribilis,
618 1636 718 1666 quum
742 1630 793 1656 tot
816 1626 914 1656 simul

221 1675 339 1714 populi
364 1685 424 1715 pro
448 1675 635 1705 Tarentinis
660 1681 916 1715 consurgerent,

220 1725 443 1766 omnibusque
481 1725 711 1756 vehementior
739 1725 914 1766 Pyrrhus.’

220 1775 287 1805 Sed
314 1779 349 1806 et
371 1775 460 1816 quod
483 1785 535 1816 ap.
557 1776 675 1806 Nostr.
705 1776 859 1816 sequitur
874 1775 916 1807 de

222 1825 333 1865 sociis,
365 1825 498 1856 firmare
527 1826 609 1856 lect.
645 1825 730 1856 hanc
761 1826 914 1857 videtur:

219 1875 229 1891 ‘
247 1875 401 1906 Valerius
415 1875 572 1906 Laevinus
589 1874 762 1914 festinans,
774 1879 811 1906 ut
824 1876 916 1916 prius

221 1934 297 1956 cum
313 1934 352 1955 eo
369 1925 643 1965 congrederetur,
666 1934 765 1966 quam
792 1926 916 1956 auxilia

222 1976 388 2006 sociorum
423 1975 667 2007 convenirent!
721 1975 813 2007 Socii
841 1986 916 2016 pro-

223 2024 316 2056 fecto
332 2025 387 2056 alii
404 2025 545 2064 intelligi
563 2035 626 2055 uon
644 2030 796 2065 possunt,
817 2035 915 2066 quam

222 2075 390 2107 Samnites
406 2075 455 2106 illi
472 2080 506 2106 et
523 2075 660 2106 Lucani.
684 2074 788 2113 Schef.

267 2127 330 2166 Spe
344 2126 523 2166 invadendi]
544 2125 622 2157 Vid.
639 2129 757 2157 notata
772 2126 813 2157 ad
827 2135 874 2158 1v.
887 2129 918 2157 3.

224 2179 255 2207 5.
279 2176 377 2206 Beru.

268 2228 285 2267 ξ
312 2229 331 2257 2
358 2227 507 2266 Exempla
522 2226 687 2266 majorum]
714 2226 835 2266 virgil.
863 2235 919 2257 111.

224 2277 300 2309 AEn.
314 2280 390 2308 342.
411 2278 420 2294 ‘
440 2277 572 2318 Ecquid
595 2277 630 2307 in
655 2276 827 2317 antiquam
854 2276 916 2306 vir-

225 2332 335 2359 tutem
375 2328 569 2369 animosque
604 2327 717 2359 viriles
748 2328 793 2358 Et
822 2332 921 2367 pater

225 2378 349 2410 AEneas
364 2384 399 2411 et
415 2379 600 2410 avunculus
617 2378 746 2410 excitat
762 2378 921 2409 Hector?

225 2429 283 2459 lta
298 2438 364 2461 xn.
387 2430 462 2460 AEn.
476 2432 550 2460 439.
574 2428 674 2460 Bern.

270 2478 414 2518 Subegit]
436 2478 543 2509 Scrib.
558 2477 739 2517 subegisset.
763 2476 845 2508 Fab.

271 2529 323 2568 §3
348 2529 387 2559 In
401 2528 529 2568 solatia]
552 2529 635 2559 Mss.
661 2528 776 2567 plures
800 2526 924 2558 habent

227 2578 350 2617 solatio,
372 2578 460 2619 quod
486 2588 550 2609 non
578 2582 660 2618 puto
677 2582 805 2608 temere
828 2586 925 2616 repu-

230 2627 343 2659 diand.
387 2627 442 2658 Ita
464 2636 556 2658 xvn.
580 2630 611 2658 3.
635 2637 696 2667 pro
723 2627 755 2657 in
779 2627 925 2666 templum

229 2680 315 2706 vett.
339 2676 466 2707 habent
480 2676 514 2706 iu
529 2677 654 2716 templo,
677 2675 734 2706 ubi
755 2675 822 2706 vid.
849 2685 924 2715 quae

229 2725 355 2755 notavi.
399 2725 566 2756 Firmaret
596 2735 731 2766 quoque
761 2725 926 2756 Phaedrus

230 2778 357 2813 noster,
379 2776 407 2806 si
433 2766 650 2806 lectio'esset
672 2776 805 2814 integra
829 2783 853 2806 1.
871 2777 923 2805 10.

232 2822 288 2852 ubi
314 2822 379 2853 ait:
405 2823 414 2840 ‘
430 2824 541 2864 Lepus
569 2824 782 2855 semianimus
810 2823 926 2854 mortis

233 2872 266 2902 in
285 2871 429 2902 solatio.'
462 2873 527 2903 Sed
544 2872 702 2913 praefero,
719 2872 807 2914 quod
824 2873 925 2904 habet

317 2924 428 2964 Detph.
446 2929 474 2956 et
496 2925 572 2957 l'ur.
591 2927 675 2957 (Ilus.

889 2926 914 2956 J
914 2925 1010 2958 nstin.

956 673 1075 707 Heius.
1102 676 1210 707 mortis
1233 685 1268 706 en
1294 674 1413 705 solatia.
1473 673 1528 704 Sic
1558 671 1646 703 enim

956 727 1076 758 edend.
1111 727 1224 758 fuerat
1255 727 1286 757 iu
1314 735 1389 756 mea
1415 725 1469 756 ed.
1498 733 1559 764 pro
1584 733 1650 765 quo

958 777 1075 808 vitiose
1092 777 1216 817 legitur
1231 785 1319 808 nunc
1342 776 1375 806 in
1389 775 1510 805 solatia.
1535 773 1651 805 Schef.

1002 826 1170 866 Adductis]
1204 825 1354 866 Legend.
1384 824 1533 855 abductis.
1562 824 1655 855 Bou-

962 885 1050 916 gars.
1095 876 1184 909 Quid
1201 886 1286 917 opus
1302 875 1375 906 est?
1400 875 1456 906 Fr.

1005 927 1055 966 §4
1079 926 1219 958 Valerius
1233 923 1392 964 Laevinus]
1416 924 1600 955 Plutarcho
1620 923 1654 954 in

964 976 1097 1016 Pyrrho
1112 979 1165 1007 34.
1186 976 1340 1015 Ἀλβῖνος,
1360 974 1486 1005 litteris
1503 978 1656 1013 transpo-

964 1025 1051 1065 sitis,
1066 1030 1102 1056 et
1118 1038 1127 1055 ι
1143 1025 1334 1066 interjecto,
1350 1023 1484 1064 legend.
1506 1025 1657 1059 Λαιβῖνος.

963 1075 1084 1115 Pugna
1099 1075 1276 1106 commissa
1292 1077 1343 1105 est
1358 1074 1391 1104 ἐν
1413 1074 1456 1112 τῷ
1477 1072 1590 1112 μεταξὺ
1605 1085 1659 1103 πε-

966 1124 1016 1163 δίῳ
1041 1124 1211 1156 Πανδοσίας
1246 1123 1363 1155 πόλεως
1392 1122 1443 1154 καὶ
1466 1124 1658 1164 Ἡρακλείας,

962 1175 1056 1206 Plut.
1094 1175 1142 1206 ib.
1170 1175 1341 1206 Heraclea
1377 1178 1488 1205 autem
1520 1179 1659 1205 auctore

968 1225 1080 1256 Plinio
1094 1235 1152 1256 111.
1175 1226 1220 1257 N.
1237 1225 1283 1256 H.
1312 1227 1363 1256 11.
1385 1234 1436 1264 pr.
1458 1224 1547 1254 inter
1570 1224 1660 1254 Sirin

964 1280 1018 1306 est
1033 1281 1069 1307 et
1091 1275 1209 1307 Acirin
1224 1274 1355 1306 fluvios.
1398 1274 1497 1305 Unde
1512 1274 1543 1304 in
1561 1273 1661 1305 Oros.

963 1334 1015 1356 1v.
1032 1329 1060 1357 1.
1074 1327 1185 1366 legere
1197 1325 1304 1356 audeo
1318 1325 1327 1342 ‘
1342 1325 1430 1365 apud
1447 1324 1662 1364 Heracleam,

964 1380 1000 1406 et
1015 1376 1218 1406 Pandosiam
1233 1375 1366 1414 urbem,
1392 1373 1597 1414 fluviumque
1613 1374 1663 1405 Si-

966 1426 1047 1457 rin:’
1070 1426 1222 1467 quamvis
1241 1426 1306 1455 Ms.
1330 1425 1454 1455 haheat
1476 1425 1662 1455 Heracleam

968 1475 1145 1515 Campaniae
1153 1475 1268 1513 urbem,
1271 1475 1464 1515 fluviumque
1474 1474 1576 1514 Lirin,
1586 1483 1662 1505 cum

966 1527 1056 1557 nulla
1072 1527 1116 1557 sit
1132 1526 1325 1566 Campaniae
1345 1525 1527 1563 Heraclea,
1553 1529 1588 1555 et,
1610 1524 1664 1555 Li-

967 1576 1013 1606 ris
1039 1574 1072 1607 fl.
1097 1576 1138 1606 ab
1154 1576 1186 1606 h.
1202 1576 1223 1606 1.
1247 1575 1374 1606 alienus
1397 1574 1451 1606 sit.
1495 1575 1663 1615 Sequutus

967 1630 1020 1656 est
1043 1630 1154 1656 autem
1180 1625 1322 1656 Orosius
1351 1625 1442 1655 Flori
1466 1629 1664 1664 corruptum

968 1677 1152 1716 exemplar.
1192 1676 1275 1706 Ideo
1292 1680 1329 1706 ut
1343 1676 1444 1706 Oros,
1461 1675 1510 1705 ita
1524 1679 1560 1705 et
1576 1675 1664 1705 Flor.

968 1736 992 1757 1.
1009 1729 1061 1756 18.
1081 1729 1130 1756 10.
1146 1725 1386 1756 emendandus.
1410 1725 1515 1764 Bong.

1014 1777 1031 1816 ᾗ
1057 1778 1078 1806 6
1102 1775 1275 1814 Inusitata]
1300 1775 1389 1806 Plin.
1418 1784 1500 1806 vm.
1524 1778 1555 1805 6.
1580 1775 1665 1806 Βοη-

967 1835 1056 1864 gars.
1102 1825 1191 1856 Plin.
1207 1825 1328 1856 scribit
1343 1825 1478 1855 Italiam
1493 1834 1560 1855 non
1577 1825 1666 1855 visos

970 1876 1134 1907 hactenus
1165 1876 1361 1915 elephantos
1391 1877 1400 1892 ⁴
1419 1875 1523 1905 boves
1540 1874 1668 1905 Lucas’

969 1927 1170 1965 appellasse,
1181 1925 1308 1966 quippe
1322 1925 1354 1955 in
1368 1925 1511 1956 Lucanis
1526 1924 1669 1965 primum

970 1976 1068 2007 visos
1112 1975 1201 2007 Add.
1224 1976 1321 2006 Varr.
1344 1984 1392 2005 Vl.
1419 1975 1456 2005 L.
1472 1974 1511 2005 L.
1537 1974 1627 2004 Flor.
1646 1984 1671 2006 1.

971 2029 1023 2058 18.
1040 2029 1091 2057 ll.
1137 2026 1307 2057 Soliu.25.
1330 2025 1482 2056 Frontiu.
1500 2034 1539 2054 11.
1564 2025 1670 2055 Strat.

971 2079 1002 2107 4.
1021 2079 1072 2107 13.
1095 2076 1227 2106 Bernec.
1272 2075 1381 2106 Scrib.
1405 2075 1579 2106 invisitata.
1595 2075 1669 2105 Liv.

973 2129 1098 2157 1v.33.
1133 2127 1142 2143 ‘
1171 2126 1282 2158 Quum
1315 2129 1457 2165 repente
1488 2124 1671 2164 patefactis

975 2175 1178 2206 Fidenarum
1205 2175 1311 2215 portis
1329 2184 1413 2205 nova
1433 2174 1547 2214 erupit
1570 2175 1673 2213 acies,

976 2225 1128 2256 inaudita
1157 2229 1236 2256 ante
1264 2225 1297 2255 id
1325 2229 1458 2264 tempus
1482 2224 1672 2255 invisitata-

978 2275 1066 2316 que.⁷
1110 2277 1154 2306 Et
1170 2284 1287 2306 xxvu.
1304 2278 1355 2306 39.
1370 2275 1379 2291 ‘
1393 2274 1564 2305 Invisitati
1581 2284 1673 2304 nam-

978 2335 1043 2366 que
1059 2329 1158 2356 antea
1174 2325 1384 2365 alienigenis,
1397 2334 1460 2355 nec
1477 2324 1593 2354 videre
1608 2324 1674 2364 ipsi

977 2374 1142 2404 advenam
1163 2374 1194 2403 in
1210 2384 1270 2404 sua
1285 2379 1377 2404 terra
1393 2372 1542 2404 assueti!
1579 2373 1675 2404 Curt.

976 2432 1027 2454 lx.
1047 2427 1076 2454 1.
1101 2425 1110 2440 ‘
1133 2423 1382 2463 Magnitudinis
1408 2423 1591 2453 invisitatae
1623 2432 1676 2453 re·

976 2483 1097 2513 perere
1114 2472 1312 2513 serpentes?
1357 2472 1424 2503 Ubi
1446 2473 1545 2512 vulgo
1562 2471 1676 2502 editur

975 2524 1145 2563 inusitatae,
1162 2523 1220 2553 sed
1235 2523 1334 2553 male.
1358 2523 1494 2553 Gronov.
1533 2521 1674 2561 Optime

977 2573 1128 2603 Gronov.
1146 2572 1320 2611 invisitata,
1343 2572 1364 2603 i.
1380 2581 1411 2604 e.
1427 2581 1492 2602 non
1510 2576 1588 2601 aute
1607 2572 1676 2602 visa

978 2622 1146 2653 Romanis.
1163 2621 1276 2652 Faber.
1311 2620 1419 2651 Scrib.
1434 2630 1509 2650 cum
1525 2621 1674 2652 Gronov.

977 2672 1152 2710 invisitata,
1174 2671 1206 2701 h.
1222 2680 1252 2701 e.
1267 2670 1386 2701 bestiae
1399 2680 1567 2710 nunquam
1584 2676 1676 2701 aute-

978 2722 1041 2752 hac
1058 2722 1151 2752 visae.
1191 2721 1266 2751 Hoc
1283 2720 1370 2751 enim
1384 2721 1511 2750 Latinis
1526 2724 1579 2751 est
1601 2723 1609 2737 ‘
1628 2721 1677 2751 in-

978 2771 1086 2802 visus'
1110 2776 1146 2802 et
1167 2771 1175 2787 ‘
1199 2769 1413 2801 invisitatus!
1457 2770 1557 2802 Quod
1584 2780 1676 2812 saepe

979 2825 1176 2861 corruptum
1193 2824 1246 2851 est
1261 2821 1293 2850 in
1309 2819 1487 2850 inusitatus.
1513 2820 1626 2851 Graev.

1022 2872 1037 2911 ξ
1055 2874 1072 2902 7
1090 2872 1155 2902 Nec
1168 2870 1244 2902 host.
1260 2869 1329 2911 ἔξω]
1345 2870 1431 2901 Saxo
1448 2877 1527 2900 vm,
1542 2872 1612 2901 1119.
1628 2873 1679 2902 18.

1516 2925 1532 2952 3
1560 2923 1590 2953 K
