2174 3424
523 339 608 381 696

525 451 602 483 que,
627 445 664 472 ut
689 441 811 481 omnia,
837 441 966 472 decidit
990 441 1042 472 vir
1068 450 1220 481 magnus,

525 493 588 523 etsi
618 503 693 524 cum
722 493 875 524 maximis
909 498 1137 534 comparetur,
1171 492 1216 523 H.

525 543 665 574 Grotius
682 542 724 573 de
738 544 773 575 J.
791 544 831 574 B.
849 548 884 574 et
898 544 938 575 P.
955 553 996 574 11.
1012 546 1043 573 7.
1057 545 1109 586 39.
1126 542 1216 573 Add.

525 594 629 633 Lipsii
647 594 770 625 Monit.
787 598 821 625 et
842 593 999 634 Exempl.
1016 602 1056 624 11.
1076 595 1108 623 4.
1125 595 1156 623 3.
1183 597 1218 624 et

525 642 587 673 inf.
605 643 685 674 Not.
702 653 774 675 xm.
791 647 821 674 5.
840 647 890 674 10.
914 644 1012 675 Rern.

570 693 731 733 Charilao]
755 693 822 724 Alii
849 693 983 734 quidem
1009 694 1133 733 aliter;
1157 694 1217 724 sed

524 743 575 774 ita
601 744 772 775 scribend.
804 745 882 775 vid.
900 745 1067 776 Laconica
1090 745 1217 775 Pausa-

525 794 605 833 niae‚
628 799 663 825 et
678 794 797 825 seriem
815 804 931 835 regum
950 795 1218 826 Lacedaemonio-

525 853 598 874 rum
635 854 690 884 ap.
734 844 889 875 meliores
925 844 1217 885 Chronographos.

525 894 637 925 Faber.

571 943 725 983 Char-illo]
743 944 844 975 Hunc
856 943 971 975 Graeci
986 945 995 961 ‘
1011 943 1219 975 Charilaum'

525 998 658 1032 vocant,
682 993 848 1033 quomodo
872 1003 983 1023 rursus
1009 1003 1074 1024 non
1098 994 1218 1025 Junta-

527 1052 598 1072 rum
627 1047 770 1082 tantum,
795 1042 853 1073 sed
881 1047 916 1073 et
942 1043 1049 1073 Bech.
1076 1044 1218 1084 aliaeque

527 1092 611 1123 Edd.
628 1098 710 1124 vett.
725 1092 859 1124 habent.
889 1094 987 1124 ἴον-ει.

569 1144 622 1183 §6
650 1143 693 1173 Ut
721 1143 930 1181 intelligerent
959 1152 1073 1180 omnes,
1106 1145 1218 1182 quanto

522 1194 591 1233 plus
606 1193 685 1232 apud
701 1192 791 1222 bonos
804 1192 1027 1232 pietrstisjura,
1052 1202 1140 1232 quam
1156 1203 1218 1222 om-

524 1254 578 1275 nes
593 1254 662 1283 opes
676 1244 827 1283 valerent]
856 1244 949 1284 Lego
964 1254 972 1274 ε
996 1247 1029 1274 ut
1045 1245 1104 1274 int.
1122 1243 1218 1273 homi-

524 1304 588 1334 nes,
598 1305 626 1334 q.
638 1294 824 1334 1›luspiet.J.
836 1304 865 1334 q.
877 1304 905 1324 ο.
918 1305 945 1325 o.
992 1294 1217 1326 Quamobrem

524 1344 557 1375 id
575 1344 696 1383 dicam,
722 1345 744 1374 ii
762 1343 862 1374 facile
880 1343 1056 1382 videbunt,
1084 1344 1138 1384 qui
1156 1343 1218 1373 sci-

527 1399 600 1434 unt,
616 1395 695 1435 quid
709 1394 753 1425 sit
765 1395 870 1434 stylus
882 1400 917 1424 et
931 1393 1082 1433 scriptio.
1106 1392 1219 1423 Fuber.

570 1447 621 1485 §7
647 1443 853 1483 Com-alescit]
885 1443 931 1474 H.
947 1453 976 1473 e.
1004 1443 1142 1481 crescit,
1168 1452 1219 1473 ro·

527 1494 590 1525 bur
615 1494 770 1534 acquirit.
814 1493 871 1523 Sic
898 1492 958 1524 inf.
985 1502 1040 1523 111.
1067 1495 1098 1523 4.
1128 1495 1158 1523 l.
1184 1497 1220 1523 et

530 1553 637 1574 xviii.
654 1548 683 1575 4.
701 1547 730 1574 l.
763 1543 835 1574 Liv.
854 1552 876 1573 1.
906 1545 955 1573 14.
972 1545 1003 1573 6.
1041 1542 1219 1573 Berneccer.

525 1596 534 1610 ⁴
552 1595 795 1625 Convalescere
808 1592 817 1605 '
834 1602 895 1633 pro
912 1601 1081 1631 crescere,
1097 1592 1219 1622 robore

525 1645 663 1684 angeri:
698 1642 866 1684 quomodo
895 1652 960 1673 non
990 1642 1117 1673 Noster
1148 1647 1220 1673 tan-

527 1700 611 1733 tum,
628 1694 686 1724 sed
703 1699 738 1724 et
755 1693 809 1723 alii
826 1691 965 1723 verbum
982 1692 1043 1723 hoc
1065 1701 1127 1722 non
1145 1701 1220 1722 raro

526 1750 700 1785 usurpant.
745 1743 816 1774 Cic.
833 1751 896 1773 v11.
919 1741 961 1772 ad
982 1741 1058 1773 Att.
1074 1745 1105 1773 3.
1129 1742 1139 1758 ‘
1157 1742 1219 1772 His

527 1796 584 1825 ille
609 1793 755 1835 [Caesar]
782 1792 881 1823 rebus
906 1793 954 1823 ita
972 1793 1154 1827 convaluit,
1183 1796 1220 1822 ut

526 1845 662 1875 nuncin
674 1853 738 1874 uuo
751 1844 823 1874 cive
836 1852 925 1882 resp.
940 1841 982 1872 ad
996 1841 1220 1872 resistendum

528 1895 697 1925 imbecilla
726 1893 793 1925 sit!
838 1893 918 1924 Vid.
949 1897 984 1924 et
1012 1892 1086 1923 Liv.
1112 1901 1138 1923 1.
1169 1894 1218 1923 14.

532 1945 634 1976 Vorsl.

570 1994 736 2035 Spartanis
749 1994 830 2032 leges
844 1991 1000 2031 instituit]
1032 1992 1083 2023 De
1100 1992 1219 2033 quibus

527 2052 653 2086 praeter
679 2045 815 2082 citatos,
833 2043 898 2074 vid.
917 2044 1003 2073 Xen.
1027 2043 1059 2072 in
1077 2042 1219 2083 Πολιτείᾳ

529 2094 869 2127 Lacedaemouiorum.
914 2092 1026 2123 Strab.
1051 2093 1108 2124 lib.
1138 2101 1218 2123 v111.

528 2152 563 2177 et
590 2155 625 2176 x.
665 2145 824 2182 Bongurs.
869 2142 930 2173 Ait
955 2143 1084 2173 Herod.
1114 2152 1138 2174 1.
1167 2147 1219 2175 65.

527 2198 712 2236 Spartanos
735 2198 814 2224 ante
841 2193 1030 2233 Lycurgum
1047 2191 1151 2223 fuisse
1166 2205 1220 2224 κα-

527 2243 754 2284 κονομωτάτους
780 2243 892 2281 σχεδὸν
913 2241 1034 2273 πάντων
1054 2243 1221 2284 Ἑλλήνων,

528 2306 568 2326 ex
583 2295 718 2325 omnibus
736 2293 855 2324 Graecis
876 2295 1005 2333 pessime
1018 2298 1160 2334 moratos,
1183 2300 1221 2326 ut

528 2347 626 2378 Valla
644 2346 767 2376 vertit:
794 2345 930 2381 rectius,
951 2345 1091 2384 pessimis
1104 2347 1222 2385 legibus

528 2407 605 2428 usos.
632 2397 836 2426 Bcrneccer.
881 2394 945 2426 Hae
969 2395 1059 2435 leges
1085 2397 1220 2436 proprio

529 2447 660 2478 nomine
676 2447 780 2486 ῥῆτραι
796 2445 909 2484 dictae,
926 2445 947 2476 i.
965 2454 994 2476 e.
1010 2450 1122 2485 pacta:
1145 2456 1220 2477 uam

527 2499 536 2513 ‘
555 2498 608 2527 lex
626 2501 677 2527 est
693 2495 877 2526 communis
898 2495 980 2535 reip.
996 2496 1157 2535 sponsio:
1183 2501 1221 2528 ut

529 2547 679 2588 loquitur
702 2545 879 2586 Papinian.
905 2546 943 2576 L.
962 2554 984 2576 1.
1012 2546 1054 2576 D.
1072 2546 1113 2577 dc
1137 2547 1220 2587 Leg.

529 2604 563 2628 et
580 2597 661 2628 SCt.
676 2597 766 2627 Hinc
782 2596 852 2626 Liv.
866 2605 946 2626 XLV.
959 2599 1010 2627 28.
1026 2597 1084 2635 ait,
1097 2598 1105 2613 ‘
1121 2598 1222 2628 Lace-

530 2647 729 2685 daemoncm,
753 2656 816 2676 uon
842 2655 978 2686 operum
1006 2645 1223 2686 magnificen-

533 2698 590 2737 tia,
615 2698 674 2728 sed
692 2697 871 2737 disciplina
886 2696 1129 2737 institutisque,
1154 2707 1221 2728 me-

530 2747 748 2779 morabilem!
766 2748 900 2777 Gronov.
932 2745 1076 2786 August.
1093 2757 1132 2778 11.
1149 2747 1222 2778 civ.

531 2800 576 2829 D.
595 2801 643 2829 16.
668 2800 676 2814 ‘
696 2797 855 2829 Quamvis
872 2797 1044 2838 Lycurgus
1066 2797 1223 2828 Lacedae-

532 2848 652 2877 moniis
668 2848 759 2887 leges
780 2856 820 2877 ex
838 2846 1005 2886 Apollinis
1021 2847 1223 2878 auctoritate

534 2907 568 2927 se
586 2897 769 2928 instituisse
787 2895 1012 2928 confinxerit!

976 348 1118 379 No'rAE
1151 348 1414 379 VARlORUM
1449 348 1498 378 IN

1310 440 1420 479 Magis
1430 439 1557 480 clarior]
1575 441 1702 472 Contra
1716 439 1960 472 Grammaticos

1268 499 1425 522 canonas.
1469 490 1545 521 Hac
1558 496 1682 531 praeter
1693 491 1773 521 alias
1786 491 1828 521 de
1842 500 1962 521 caussa

1267 540 1364 570 malae
1382 540 1578 570 Latinitatis
1592 539 1736 570 Auctori
1753 539 1861 570 dicam
1878 540 1962 570 scri-

1268 590 1362 620 bunt.
1417 590 1576 621 Scribant
1603 590 1705 629 igitur
1733 594 1768 621 et
1793 591 1887 622 aliis:
1924 594 1962 621 ut

1268 641 1357 671 Flor.
1374 649 1422 671 1v.
1438 643 1469 670 2.
1485 643 1536 671 72.
1559 642 1568 657 ‘
1583 640 1696 670 Minus
1711 639 1964 671 admirabilior.’

1268 690 1382 720 Plaut.
1408 690 1513 720 Stich.
1532 699 1563 720 v.
1588 692 1620 721 4.
1643 693 1652 707 ‘
1669 690 1781 729 Magis
1805 688 1962 721 dulcius!

1267 740 1387 779 Virgil.
1406 739 1439 769 in
1457 740 1574 770 Culice
1590 748 1623 770 v.
1650 742 1703 770 78.
1727 741 1736 757 ‘
1755 740 1839 772 Quis
1856 739 1962 779 magis

1268 794 1386 830 optato
1396 794 1498 830 queat
1511 799 1584 820 esse
1596 789 1726 820 beatior
1738 799 1809 820 aevo
1817 789 1838 820 ?’
1853 790 1964 822 Quem

1268 839 1310 870 ad
1338 840 1448 870 locum
1484 840 1540 870 Fr.
1565 839 1774 870 Taubmann.
1805 840 1902 879 plura
1925 838 1961 869 id

1269 899 1374 929 genus
1400 891 1559 930 exempla
1591 890 1786 921 Plconasmi
1815 890 1964 922 Graecis-

1269 940 1371 970 santis
1386 939 1570 970 annotavit.
1594 940 1779 971 Berneccer.
1824 941 1834 957 ⁴
1847 940 1961 980 Magis

1269 988 1405 1019 clarior’
1419 989 1543 1020 dicitur
1559 999 1620 1030 per
1636 991 1875 1030 pleonasmum.
1905 990 1962 1021 Sic

1269 1044 1303 1070 et
1328 1038 1385 1070 inf.
1412 1048 1478 1069 xu-
1507 1043 1558 1070 ll.
1583 1043 1612 1071 2.
1645 1041 1654 1057 ‘
1673 1041 1784 1080 Magis
1810 1038 1968 1080 gratius!

1269 1089 1344 1120 Nec
1375 1099 1428 1129 ap.
1457 1089 1574 1121 Nostr.
1601 1094 1743 1130 tantum,
1769 1091 1827 1121 sed
1848 1095 1884 1121 et
1906 1100 1961 1129 ap.

1269 1140 1349 1170 alios
1362 1140 1444 1170 talia
1457 1140 1683 1180 reperiuntur.
1708 1140 1962 1172 Vid.Vechneri

1268 1190 1484 1221 Helleuolex.
1501 1200 1531 1230 p.
1548 1193 1599 1221 76.
1635 1191 1735 1221 Vorst.

1311 1242 1327 1281 ξ
1345 1245 1363 1272 8
1388 1242 1481 1272 Nihil
1495 1243 1560 1281 lege
1576 1243 1652 1282 ulla]
1676 1243 1801 1274 Laevin.
1818 1252 1872 1282 ap.
1888 1241 1962 1272 Liv.

1268 1301 1373 1323 xxvi.
1391 1295 1443 1323 36.
1460 1295 1490 1323 2.
1512 1295 1521 1309 ‘
1540 1293 1573 1323 Si
1592 1293 1670 1334 quid
1684 1293 1859 1334 injungere
1875 1290 1961 1322 infe-

1268 1341 1348 1371 riori
1365 1342 1462 1380 velis‚
1487 1341 1520 1372 id
1549 1343 1638 1382 prius
1664 1342 1696 1372 in
1722 1347 1755 1372 te
1782 1351 1821 1372 ac
1844 1346 1918 1372 tuos
1934 1340 1962 1371 si

1268 1391 1341 1431 ipse
1364 1391 1451 1430 juris
1481 1392 1653 1430 statueris,
1687 1391 1817 1422 facilius
1848 1400 1964 1422 omnes

1268 1440 1468 1471 obedientes
1493 1441 1635 1472 habeas?
1680 1441 1761 1472 Tac.
1779 1441 1820 1471 A.
1838 1449 1892 1471 111.
1908 1443 1961 1471 28.

1266 1491 1275 1506 ⁴
1295 1490 1361 1521 Gn.
1374 1490 1558 1530 Pompeius
1570 1500 1703 1521 suarum
1718 1491 1831 1531 legum
1847 1495 1964 1521 auctor

1268 1540 1357 1571 idem
1373 1550 1412 1570 ac
1429 1540 1630 1570 subversor.’
1653 1540 1750 1570 Bern.

1311 1590 1517 1630 Documenta]
1550 1590 1633 1621 Mss.
1660 1590 1784 1620 liabent
1807 1590 1964 1620 documen-

1270 1646 1346 1681 tum,
1363 1642 1452 1682 quod
1472 1640 1632 1682 praefero,
1657 1641 1735 1682 quia
1760 1639 1907 1671 refertur
1921 1639 1964 1671 ad

1270 1694 1278 1710 ‘
1299 1692 1396 1723 nihil’
1412 1697 1447 1722 et
1471 1693 1480 1709 ‘
1498 1691 1618 1732 cujus,'
1634 1701 1708 1732 quae
1727 1696 1804 1722 sunt
1820 1691 1965 1731 singula-

1270 1742 1331 1773 ria.
1355 1741 1458 1778 Scltef.

1313 1793 1329 1832 ς
1344 1794 1363 1821 9
1382 1791 1542 1831 Principes
1553 1791 1756 1829 adjustitiam
1769 1791 1966 1832 imperiorum

1262 1841 1430 1881 formavit]
1463 1842 1509 1872 Ut
1526 1841 1607 1871 nihil
1634 1841 1749 1881 injusti
1774 1841 1816 1872 ab
1841 1841 1965 1882 populo

1271 1893 1469 1931 exigerent;
1493 1900 1555 1922 nec
1574 1891 1672 1922 aliter
1689 1891 1895 1922 Flamininus
1911 1900 1966 1932 ap.

1274 1943 1344 1973 Liv.
1361 1950 1489 1972 xxxw.
1503 1944 1552 1973 18.
1576 1942 1584 1958 ‘
1599 1941 1675 1972 Non
1690 1941 1853 1981 cogitavit
1866 1941 1966 1971 modo

1272 1991 1518 2031 imperavitque
1536 2000 1609 2030 quae
1625 1990 1656 2020 in
1675 2000 1743 2021 rem
1761 1996 1888 2029 essent,
1905 1989 1965 2021 sed

1272 2042 1431 2082 pleraque
1450 2050 1511 2080 per
1527 2041 1646 2080 seipse
1665 2041 1837 2080 transegit,
1853 2049 1916 2071 nec
1931 2040 1966 2070 in

1272 2099 1470 2132 quemquam
1488 2089 1633 2120 omnium
1651 2090 1784 2130 gravius
1802 2090 1968 2121 severius-

1272 2151 1336 2182 que
1351 2150 1449 2181 quam
1473 2140 1506 2170 in
1530 2145 1638 2171 semet
1664 2141 1771 2180 ipsum
1788 2140 1964 2180 imperium

1272 2189 1447 2222 exercuit.’
1460 2190 1593 2222 Gronov.
1618 2190 1778 2221 Formavit
1792 2190 1968 2230 rescripsit

1271 2242 1502 2272 Berneccerus
1527 2240 1731 2271 auctoritate
1758 2240 1854 2270 unius
1880 2240 1967 2271 Cod.

1270 2301 1368 2333 quem
1382 2290 1466 2321 vidit
1482 2290 1698 2329 Bongarsius.
1717 2289 1783 2320 Alii
1796 2295 1860 2321 tam
1874 2291 1966 2330 typis

1270 2343 1420 2383 expressi
1439 2352 1538 2383 quam
1556 2342 1639 2372 Mss.
1656 2341 1765 2373 Codd.
1778 2341 1970 2383 habeutfir-

1270 2394 1377 2424 mat-it.
1425 2393 1532 2425 Quam
1556 2392 1636 2423 lect.
1653 2396 1689 2422 et
1705 2392 1853 2422 Freinsh.
1871 2402 1966 2423 secu-

1271 2449 1341 2474 tum
1356 2443 1451 2473 video
1464 2442 1496 2472 iu
1514 2441 1588 2473 Ind.
1635 2442 1710 2473 Nec
1723 2446 1837 2473 tamen
1851 2442 1967 2482 displi-

1270 2501 1326 2524 cet
1341 2492 1544 2531 ‘rbsormuvih
1561 2493 1610 2523 Eo
1622 2492 1707 2523 enim
1719 2492 1850 2523 Auctor
1861 2497 1895 2524 et
1905 2492 1965 2524 inf.

1271 2553 1377 2576 xvui.
1401 2547 1497 2575 3.10.
1529 2544 1637 2575 utitur
1665 2553 1738 2583 pro,
1761 2542 1966 2582 informare;

1271 2595 1436 2637 siquidem
1465 2595 1566 2626 Mstis
1591 2595 1746 2625 standum
1764 2595 1817 2626 sit.
1865 2595 1966 2626 Vorst.

1272 2645 1432 2676 formavit
1446 2649 1497 2675 est
1513 2653 1645 2685 quoque
1666 2644 1699 2674 in
1713 2644 1809 2676 Junt.
1836 2645 1943 2676 Groev.

1314 2697 1331 2736 ξ
1351 2698 1389 2726 10
1413 2694 1654 2733 Parcimoniam,
1679 2695 1745 2735 εγω]
1778 2696 1871 2726 Vett.
1897 2705 1966 2726 om-

1271 2754 1330 2776 nes
1347 2744 1483 2789 farcina.
1496 2743 1643 2775 omnibus.
1674 2745 1755 2775 Item
1773 2745 1966 2785 existimem,

1273 2796 1325 2834 ἃς.
1354 2804 1428 2835 quae
1451 2794 1530 2824 lect.
1558 2793 1638 2835 quid
1665 2795 1748 2825 velit
1774 2804 1838 2825 non
1858 2795 1966 2827 video.

1273 2845 1410 2875 Patere.
1437 2853 1461 2875 1.
1488 2845 1676 2884 Lycurgum
1705 2848 1803 2875 vocat
1836 2845 1845 2860 ‘
1868 2844 1965 2875 disci-

1272 2895 1374 2936 plinae
1392 2894 1715 2926 convenientissimae
1734 2893 1839 2925 virum
1854 2893 1875 2925 ι’
1896 2903 1966 2925 nia-
