<?xml version="1.0" encoding="UTF-8"?>
<!DOCTYPE html PUBLIC "-//W3C//DTD XHTML 1.0 Transitional//EN"
    "http://www.w3.org/TR/xhtml1/DTD/xhtml1-transitional.dtd">
<html xmlns="http://www.w3.org/1999/xhtml" xml:lang="en" lang="en">
 <head>
  <title>
</title>
<meta http-equiv="Content-Type" content="text/html;charset=utf-8" />
  <meta name='ocr-system' content='tesseract 3.04.00' />
  <meta name='ocr-capabilities' content='ocr_page ocr_carea ocr_par ocr_line ocrx_word'/>
</head>
<body>
  <div class='ocr_page' id='page_1' title='image "./historiaephilipp02just/historiaephilipp02just_0366.png"; bbox 0 0 2101 3419; ppageno 0'>
   <div class='ocr_carea' id='block_1_1' title="bbox 482 323 566 366">
    <p class='ocr_par' dir='ltr' id='par_1_1' title="bbox 482 323 566 366">
     <span class='ocr_line' id='line_1_1' title="bbox 482 323 566 366; baseline -0.024 1"><span class='ocrx_word' id='word_1_1' title='bbox 482 323 566 366; x_wconf 76' lang='lat'>968</span> 
     </span>
    </p>
   </div>
   <div class='ocr_carea' id='block_1_2' title="bbox 486 424 1197 1119">
    <p class='ocr_par' dir='ltr' id='par_1_2' title="bbox 486 424 1197 1119">
     <span class='ocr_line' id='line_1_2' title="bbox 486 424 1182 469; baseline -0.006 -10"><span class='ocrx_word' id='word_1_2' title='bbox 486 433 522 460; x_wconf 87' lang='lat' dir='ltr'>et</span> <span class='ocrx_word' id='word_1_3' title='bbox 565 425 786 469; x_wconf 75' lang='lat' dir='ltr'>quinquagies</span> <span class='ocrx_word' id='word_1_4' title='bbox 831 426 983 457; x_wconf 82' lang='lat' dir='ltr'>centenis</span> <span class='ocrx_word' id='word_1_5' title='bbox 1025 424 1182 456; x_wconf 84' lang='lat' dir='ltr'>millibus.</span> 
     </span>
     <span class='ocr_line' id='line_1_3' title="bbox 488 475 1184 518; baseline -0.007 -8"><span class='ocrx_word' id='word_1_6' title='bbox 488 478 590 512; x_wconf 80' lang='lat' dir='ltr'>Quod</span> <span class='ocrx_word' id='word_1_7' title='bbox 607 478 635 508; x_wconf 91' lang='lat' dir='ltr'>si</span> <span class='ocrx_word' id='word_1_8' title='bbox 658 477 731 518; x_wconf 86' lang='lat' dir='ltr'>quis</span> <span class='ocrx_word' id='word_1_9' title='bbox 750 477 900 517; x_wconf 82' lang='lat' dir='ltr'>Trogum</span> <span class='ocrx_word' id='word_1_10' title='bbox 915 476 1074 517; x_wconf 81' lang='lat' dir='ltr'><strong><em>quinquies</em></strong></span> <span class='ocrx_word' id='word_1_11' title='bbox 1085 475 1184 506; x_wconf 84' lang='lat' dir='ltr'>decies</span> 
     </span>
     <span class='ocr_line' id='line_1_4' title="bbox 489 524 1185 570; baseline -0.007 -10"><span class='ocrx_word' id='word_1_12' title='bbox 489 528 666 570; x_wconf 81' lang='lat' dir='ltr'>scripsisse</span> <span class='ocrx_word' id='word_1_13' title='bbox 681 527 790 567; x_wconf 88' lang='lat' dir='ltr'>malit,</span> <span class='ocrx_word' id='word_1_14' title='bbox 813 532 927 558; x_wconf 89' lang='lat' dir='ltr'>tamen</span> <span class='ocrx_word' id='word_1_15' title='bbox 951 536 1026 567; x_wconf 85' lang='lat' dir='ltr'>pro,</span> <span class='ocrx_word' id='word_1_16' title='bbox 1048 524 1185 567; x_wconf 88' lang='lat' dir='ltr'>quinde-</span> 
     </span>
     <span class='ocr_line' id='line_1_5' title="bbox 491 576 1183 619; baseline -0.009 -8"><span class='ocrx_word' id='word_1_17' title='bbox 491 580 575 619; x_wconf 85' lang='lat' dir='ltr'><strong>cies,</strong></span> <span class='ocrx_word' id='word_1_18' title='bbox 600 578 797 618; x_wconf 82' lang='lat' dir='ltr'>intelligam,</span> <span class='ocrx_word' id='word_1_19' title='bbox 824 577 991 619; x_wconf 87' lang='lat' dir='ltr'>quomodo</span> <span class='ocrx_word' id='word_1_20' title='bbox 1017 586 1071 617; x_wconf 89' lang='lat' dir='ltr'>ap.</span> <span class='ocrx_word' id='word_1_21' title='bbox 1089 576 1183 606; x_wconf 90' lang='lat' dir='ltr'>Suet.</span> 
     </span>
     <span class='ocr_line' id='line_1_6' title="bbox 491 624 1184 670; baseline -0.009 -9"><span class='ocrx_word' id='word_1_22' title='bbox 491 630 581 670; x_wconf 85' lang='lat' dir='ltr'><strong>Aug.</strong></span> <span class='ocrx_word' id='word_1_23' title='bbox 609 631 728 661; x_wconf 83' lang='lat'>101.6.</span> <span class='ocrx_word' id='word_1_24' title='bbox 754 632 762 645; x_wconf 74' lang='lat'>⁶</span> <span class='ocrx_word' id='word_1_25' title='bbox 781 627 1015 669; x_wconf 81' lang='lat' dir='ltr'>quaterdecies</span> <span class='ocrx_word' id='word_1_26' title='bbox 1043 624 1184 663; x_wconf 83' lang='lat' dir='ltr'>millies,&#39;</span> 
     </span>
     <span class='ocr_line' id='line_1_7' title="bbox 492 674 1187 721; baseline -0.007 -10"><span class='ocrx_word' id='word_1_27' title='bbox 492 689 567 721; x_wconf 90' lang='lat' dir='ltr'>pro,</span> <span class='ocrx_word' id='word_1_28' title='bbox 583 679 633 710; x_wconf 86' lang='lat' dir='ltr'>bis</span> <span class='ocrx_word' id='word_1_29' title='bbox 660 678 799 719; x_wconf 87' lang='lat' dir='ltr'>septies,</span> <span class='ocrx_word' id='word_1_30' title='bbox 816 678 838 708; x_wconf 92' lang='lat' dir='ltr'>i.</span> <span class='ocrx_word' id='word_1_31' title='bbox 852 687 880 708; x_wconf 90' lang='lat' dir='ltr'>e.</span> <span class='ocrx_word' id='word_1_32' title='bbox 903 681 1047 718; x_wconf 88' lang='lat' dir='ltr'>quatuor</span> <span class='ocrx_word' id='word_1_33' title='bbox 1062 674 1187 706; x_wconf 78' lang='lat' dir='ltr'>decies.</span> 
     </span>
     <span class='ocr_line' id='line_1_8' title="bbox 492 725 1187 769; baseline -0.007 -9"><span class='ocrx_word' id='word_1_34' title='bbox 492 730 606 762; x_wconf 88' lang='lat' dir='ltr'>Strab.</span> <span class='ocrx_word' id='word_1_35' title='bbox 622 740 663 760; x_wconf 84' lang='lat' dir='ltr'>ex</span> <span class='ocrx_word' id='word_1_36' title='bbox 679 728 865 760; x_wconf 88' lang='lat' dir='ltr'>Posidonio</span> <span class='ocrx_word' id='word_1_37' title='bbox 881 726 1072 769; x_wconf 89' lang='lat' dir='ltr'>quindecim</span> <span class='ocrx_word' id='word_1_38' title='bbox 1088 725 1187 756; x_wconf 89' lang='lat' dir='ltr'>milli-</span> 
     </span>
     <span class='ocr_line' id='line_1_9' title="bbox 492 777 1189 819; baseline -0.009 -8"><span class='ocrx_word' id='word_1_39' title='bbox 492 781 555 812; x_wconf 88' lang='lat' dir='ltr'>bus</span> <span class='ocrx_word' id='word_1_40' title='bbox 576 781 742 811; x_wconf 85' lang='lat' dir='ltr'>talentum</span> <span class='ocrx_word' id='word_1_41' title='bbox 766 778 898 819; x_wconf 79' lang='lat' dir='ltr'>argenti</span> <span class='ocrx_word' id='word_1_42' title='bbox 924 777 1107 808; x_wconf 74' lang='lat' dir='ltr'>aestimasse</span> <span class='ocrx_word' id='word_1_43' title='bbox 1133 785 1189 806; x_wconf 91' lang='lat' dir='ltr'>au-</span> 
     </span>
     <span class='ocr_line' id='line_1_10' title="bbox 496 827 1189 870; baseline -0.009 -8"><span class='ocrx_word' id='word_1_44' title='bbox 496 841 569 862; x_wconf 87' lang='lat' dir='ltr'>rum</span> <span class='ocrx_word' id='word_1_45' title='bbox 584 834 825 870; x_wconf 86' lang='lat' dir='ltr'>argentumque</span> <span class='ocrx_word' id='word_1_46' title='bbox 838 828 934 859; x_wconf 88' lang='lat' dir='ltr'>simul</span> <span class='ocrx_word' id='word_1_47' title='bbox 948 827 1101 859; x_wconf 83' lang='lat' dir='ltr'>videtur:</span> <span class='ocrx_word' id='word_1_48' title='bbox 1115 835 1189 867; x_wconf 83' lang='lat' dir='ltr'>quae</span> 
     </span>
     <span class='ocr_line' id='line_1_11' title="bbox 498 875 1192 916; baseline -0.009 -5"><span class='ocrx_word' id='word_1_49' title='bbox 498 890 626 911; x_wconf 88' lang='lat' dir='ltr'>summa</span> <span class='ocrx_word' id='word_1_50' title='bbox 641 880 750 910; x_wconf 89' lang='lat' dir='ltr'>minor</span> <span class='ocrx_word' id='word_1_51' title='bbox 777 882 830 910; x_wconf 77' lang='lat' dir='ltr'>est</span> <span class='ocrx_word' id='word_1_52' title='bbox 857 877 992 908; x_wconf 90' lang='lat' dir='ltr'>minima</span> <span class='ocrx_word' id='word_1_53' title='bbox 1015 875 1192 916; x_wconf 69' lang='lat' dir='ltr'>praedicta-</span> 
     </span>
     <span class='ocr_line' id='line_1_12' title="bbox 497 924 1195 970; baseline -0.01 -9"><span class='ocrx_word' id='word_1_54' title='bbox 497 940 584 970; x_wconf 79' lang='lat' dir='ltr'>rum,</span> <span class='ocrx_word' id='word_1_55' title='bbox 619 930 640 961; x_wconf 92' lang='lat' dir='ltr'>i.</span> <span class='ocrx_word' id='word_1_56' title='bbox 655 938 685 961; x_wconf 89' lang='lat' dir='ltr'>e.</span> <span class='ocrx_word' id='word_1_57' title='bbox 721 927 879 967; x_wconf 87' lang='lat' dir='ltr'>nonagies</span> <span class='ocrx_word' id='word_1_58' title='bbox 915 930 1060 958; x_wconf 86' lang='lat' dir='ltr'>centena</span> <span class='ocrx_word' id='word_1_59' title='bbox 1090 924 1195 956; x_wconf 89' lang='lat' dir='ltr'>millia</span> 
     </span>
     <span class='ocr_line' id='line_1_13' title="bbox 498 975 1195 1010; baseline -0.009 0"><span class='ocrx_word' id='word_1_60' title='bbox 498 989 685 1010; x_wconf 85' lang='lat' dir='ltr'>aureorum.</span> <span class='ocrx_word' id='word_1_61' title='bbox 733 978 818 1009; x_wconf 81' lang='lat' dir='ltr'>Haec</span> <span class='ocrx_word' id='word_1_62' title='bbox 835 976 1003 1007; x_wconf 63' lang='lat' dir='ltr'>Budaeus:</span> <span class='ocrx_word' id='word_1_63' title='bbox 1035 975 1094 1006; x_wconf 84' lang='lat' dir='ltr'>sed</span> <span class='ocrx_word' id='word_1_64' title='bbox 1121 984 1195 1005; x_wconf 87' lang='lat' dir='ltr'>usus</span> 
     </span>
     <span class='ocr_line' id='line_1_14' title="bbox 501 1028 1196 1068; baseline -0.009 -8"><span class='ocrx_word' id='word_1_65' title='bbox 501 1029 649 1060; x_wconf 89' lang='lat' dir='ltr'>editione</span> <span class='ocrx_word' id='word_1_66' title='bbox 676 1028 797 1067; x_wconf 88' lang='lat' dir='ltr'>veteri,</span> <span class='ocrx_word' id='word_1_67' title='bbox 813 1037 901 1068; x_wconf 64' lang='lat' dir='ltr'>quae,</span> <span class='ocrx_word' id='word_1_68' title='bbox 916 1031 1038 1057; x_wconf 80' lang='lat' dir='ltr'>nostrae</span> <span class='ocrx_word' id='word_1_69' title='bbox 1062 1030 1196 1055; x_wconf 89' lang='lat' dir='ltr'>contra-</span> 
     </span>
     <span class='ocr_line' id='line_1_15' title="bbox 502 1075 1197 1119; baseline -0.009 -9"><span class='ocrx_word' id='word_1_70' title='bbox 502 1080 564 1119; x_wconf 91' lang='lat' dir='ltr'>ria,</span> <span class='ocrx_word' id='word_1_71' title='bbox 600 1088 760 1110; x_wconf 83' lang='lat' dir='ltr'>summam</span> <span class='ocrx_word' id='word_1_72' title='bbox 794 1077 926 1117; x_wconf 80' lang='lat' dir='ltr'>argenti</span> <span class='ocrx_word' id='word_1_73' title='bbox 962 1075 1081 1107; x_wconf 86' lang='lat' dir='ltr'>tribuit</span> <span class='ocrx_word' id='word_1_74' title='bbox 1104 1083 1197 1105; x_wconf 89' lang='lat' dir='ltr'>auro.</span> 
     </span>
    </p>
   </div>
   <div class='ocr_carea' id='block_1_3' title="bbox 504 1127 1198 1212">
    <p class='ocr_par' dir='ltr' id='par_1_3' title="bbox 504 1127 1198 1212">
     <span class='ocr_line' id='line_1_16' title="bbox 504 1127 1198 1167; baseline -0.009 -6"><span class='ocrx_word' id='word_1_75' title='bbox 504 1130 683 1162; x_wconf 77' lang='lat' dir='ltr'>Constabit</span> <span class='ocrx_word' id='word_1_76' title='bbox 708 1134 818 1160; x_wconf 86' lang='lat' dir='ltr'>tamen</span> <span class='ocrx_word' id='word_1_77' title='bbox 844 1128 943 1167; x_wconf 78' lang='lat' dir='ltr'>ratio,</span> <span class='ocrx_word' id='word_1_78' title='bbox 966 1127 1026 1158; x_wconf 90' lang='lat' dir='ltr'>sed</span> <span class='ocrx_word' id='word_1_79' title='bbox 1054 1127 1198 1157; x_wconf 85' lang='lat' dir='ltr'>inversa.</span> 
     </span>
     <span class='ocr_line' id='line_1_17' title="bbox 506 1181 607 1212; baseline -0.01 0"><span class='ocrx_word' id='word_1_80' title='bbox 506 1181 607 1212; x_wconf 87' lang='lat' dir='ltr'>Bern.</span> 
     </span>
    </p>
   </div>
   <div class='ocr_carea' id='block_1_4' title="bbox 509 1224 1242 2932">
    <p class='ocr_par' dir='ltr' id='par_1_4' title="bbox 547 1224 1136 1270">
     <span class='ocr_line' id='line_1_18' title="bbox 547 1224 1136 1270; baseline -0.012 -9"><span class='ocrx_word' id='word_1_81' title='bbox 547 1232 620 1270; x_wconf 70' lang='lat'>§11</span> <span class='ocrx_word' id='word_1_82' title='bbox 645 1227 752 1267; x_wconf 84' lang='lat' dir='ltr'>Ultor]</span> <span class='ocrx_word' id='word_1_83' title='bbox 782 1227 819 1258; x_wconf 78' lang='lat' dir='ltr'>F.</span> <span class='ocrx_word' id='word_1_84' title='bbox 834 1227 901 1266; x_wconf 86' lang='lat' dir='ltr'>leg.</span> <span class='ocrx_word' id='word_1_85' title='bbox 917 1225 1005 1257; x_wconf 85' lang='lat' dir='ltr'>ultio.</span> <span class='ocrx_word' id='word_1_86' title='bbox 1029 1224 1136 1255; x_wconf 88' lang='lat' dir='ltr'>Gron.</span> 
     </span>
    </p>

    <p class='ocr_par' dir='ltr' id='par_1_5' title="bbox 509 1273 1206 1518">
     <span class='ocr_line' id='line_1_19' title="bbox 547 1273 1203 1320; baseline -0.009 -10"><span class='ocrx_word' id='word_1_87' title='bbox 547 1282 565 1320; x_wconf 54' lang='grc' dir='ltr'>ξ</span> <span class='ocrx_word' id='word_1_88' title='bbox 595 1282 633 1310; x_wconf 82' lang='lat'>13</span> <span class='ocrx_word' id='word_1_89' title='bbox 662 1279 776 1309; x_wconf 86' lang='lat' dir='ltr'>Missos</span> <span class='ocrx_word' id='word_1_90' title='bbox 787 1277 824 1307; x_wconf 81' lang='lat' dir='ltr'>ab</span> <span class='ocrx_word' id='word_1_91' title='bbox 841 1275 949 1315; x_wconf 81' lang='lat' dir='ltr'>AEeta]</span> <span class='ocrx_word' id='word_1_92' title='bbox 983 1276 1064 1315; x_wconf 87' lang='lat' dir='ltr'>Leg.</span> <span class='ocrx_word' id='word_1_93' title='bbox 1082 1273 1203 1305; x_wconf 81' lang='lat' dir='ltr'>missis.-</span> 
     </span>
     <span class='ocr_line' id='line_1_20' title="bbox 509 1324 1204 1370; baseline -0.009 -10"><span class='ocrx_word' id='word_1_94' title='bbox 509 1340 554 1360; x_wconf 86' lang='lat' dir='ltr'>sc.</span> <span class='ocrx_word' id='word_1_95' title='bbox 567 1329 622 1370; x_wconf 90' lang='lat' dir='ltr'>qui</span> <span class='ocrx_word' id='word_1_96' title='bbox 638 1328 731 1359; x_wconf 86' lang='lat' dir='ltr'>missi</span> <span class='ocrx_word' id='word_1_97' title='bbox 746 1326 879 1357; x_wconf 86' lang='lat' dir='ltr'>fuerant</span> <span class='ocrx_word' id='word_1_98' title='bbox 896 1325 937 1356; x_wconf 89' lang='lat' dir='ltr'>ad</span> <span class='ocrx_word' id='word_1_99' title='bbox 953 1324 1204 1365; x_wconf 79' lang='lat' dir='ltr'>persequendos</span> 
     </span>
     <span class='ocr_line' id='line_1_21' title="bbox 509 1376 1205 1421; baseline -0.009 -10"><span class='ocrx_word' id='word_1_100' title='bbox 509 1380 735 1421; x_wconf 82' lang='lat' dir='ltr'>Argonautas.</span> <span class='ocrx_word' id='word_1_101' title='bbox 761 1377 874 1409; x_wconf 81' lang='lat' dir='ltr'>Faber.</span> <span class='ocrx_word' id='word_1_102' title='bbox 920 1376 986 1407; x_wconf 90' lang='lat' dir='ltr'>Hic</span> <span class='ocrx_word' id='word_1_103' title='bbox 1010 1376 1112 1406; x_wconf 83' lang='lat' dir='ltr'>etiam</span> <span class='ocrx_word' id='word_1_104' title='bbox 1135 1384 1205 1405; x_wconf 92' lang='lat' dir='ltr'>rem</span> 
     </span>
     <span class='ocr_line' id='line_1_22' title="bbox 510 1425 1206 1470; baseline -0.01 -8"><span class='ocrx_word' id='word_1_105' title='bbox 510 1441 574 1461; x_wconf 87' lang='lat' dir='ltr'>acu</span> <span class='ocrx_word' id='word_1_106' title='bbox 591 1429 705 1470; x_wconf 88' lang='lat' dir='ltr'>tetigit</span> <span class='ocrx_word' id='word_1_107' title='bbox 721 1427 843 1466; x_wconf 84' lang='lat' dir='ltr'>Faber,</span> <span class='ocrx_word' id='word_1_108' title='bbox 858 1427 1025 1467; x_wconf 85' lang='lat' dir='ltr'>planeque</span> <span class='ocrx_word' id='word_1_109' title='bbox 1037 1425 1108 1466; x_wconf 89' lang='lat' dir='ltr'>jam</span> <span class='ocrx_word' id='word_1_110' title='bbox 1129 1425 1206 1456; x_wconf 89' lang='lat' dir='ltr'>olim</span> 
     </span>
     <span class='ocr_line' id='line_1_23' title="bbox 511 1476 1121 1518; baseline -0.011 -6"><span class='ocrx_word' id='word_1_111' title='bbox 511 1482 544 1512; x_wconf 85' lang='lat' dir='ltr'>in</span> <span class='ocrx_word' id='word_1_112' title='bbox 560 1481 656 1513; x_wconf 84' lang='lat' dir='ltr'>Junt.</span> <span class='ocrx_word' id='word_1_113' title='bbox 673 1479 721 1510; x_wconf 88' lang='lat' dir='ltr'>sic</span> <span class='ocrx_word' id='word_1_114' title='bbox 737 1478 900 1518; x_wconf 87' lang='lat' dir='ltr'>scriptum</span> <span class='ocrx_word' id='word_1_115' title='bbox 918 1481 983 1507; x_wconf 88' lang='lat' dir='ltr'>est.</span> <span class='ocrx_word' id='word_1_116' title='bbox 1015 1476 1121 1506; x_wconf 77' lang='lat' dir='ltr'>Groev.</span> 
     </span>
    </p>

    <p class='ocr_par' dir='ltr' id='par_1_6' title="bbox 513 1523 1227 2278">
     <span class='ocr_line' id='line_1_24' title="bbox 553 1523 1208 1570; baseline -0.011 -9"><span class='ocrx_word' id='word_1_117' title='bbox 553 1529 663 1570; x_wconf 85' lang='lat' dir='ltr'>AEeta]</span> <span class='ocrx_word' id='word_1_118' title='bbox 704 1527 834 1559; x_wconf 84' lang='lat' dir='ltr'>Graecis</span> <span class='ocrx_word' id='word_1_119' title='bbox 862 1531 914 1558; x_wconf 88' lang='lat' dir='ltr'>est</span> <span class='ocrx_word' id='word_1_120' title='bbox 939 1524 1063 1562; x_wconf 82' lang='grc' dir='ltr'>Αἰήτης.</span> <span class='ocrx_word' id='word_1_121' title='bbox 1108 1523 1208 1557; x_wconf 84' lang='lat' dir='ltr'>Quod</span> 
     </span>
     <span class='ocr_line' id='line_1_25' title="bbox 513 1575 1210 1616; baseline -0.013 -4"><span class='ocrx_word' id='word_1_122' title='bbox 513 1585 625 1612; x_wconf 84' lang='lat' dir='ltr'>autem</span> <span class='ocrx_word' id='word_1_123' title='bbox 652 1579 766 1610; x_wconf 90' lang='lat' dir='ltr'>statim</span> <span class='ocrx_word' id='word_1_124' title='bbox 792 1577 887 1616; x_wconf 88' lang='lat' dir='ltr'>dicit,</span> <span class='ocrx_word' id='word_1_125' title='bbox 912 1575 1126 1616; x_wconf 85' lang='lat' dir='ltr'>Argonautas</span> <span class='ocrx_word' id='word_1_126' title='bbox 1153 1584 1210 1604; x_wconf 89' lang='lat' dir='ltr'>na-</span> 
     </span>
     <span class='ocr_line' id='line_1_26' title="bbox 513 1624 1211 1667; baseline -0.011 -5"><span class='ocrx_word' id='word_1_127' title='bbox 513 1641 588 1662; x_wconf 90' lang='lat' dir='ltr'>vem</span> <span class='ocrx_word' id='word_1_128' title='bbox 605 1629 750 1661; x_wconf 84' lang='lat' dir='ltr'>humeris</span> <span class='ocrx_word' id='word_1_129' title='bbox 765 1626 968 1667; x_wconf 87' lang='lat' dir='ltr'>tulisse,vid.</span> <span class='ocrx_word' id='word_1_130' title='bbox 993 1624 1211 1666; x_wconf 88' lang='lat' dir='ltr'>Apollonium</span> 
     </span>
     <span class='ocr_line' id='line_1_27' title="bbox 515 1674 1212 1720; baseline -0.013 -7"><span class='ocrx_word' id='word_1_131' title='bbox 515 1691 563 1713; x_wconf 78' lang='lat' dir='ltr'>lv.</span> <span class='ocrx_word' id='word_1_132' title='bbox 600 1682 730 1720; x_wconf 89' lang='lat' dir='ltr'>Argon.</span> <span class='ocrx_word' id='word_1_133' title='bbox 754 1681 847 1710; x_wconf 82' lang='lat'>1383.</span> <span class='ocrx_word' id='word_1_134' title='bbox 900 1676 1020 1716; x_wconf 68' lang='lat' dir='ltr'>‘&#39;rue&#39;as,</span> <span class='ocrx_word' id='word_1_135' title='bbox 1041 1674 1064 1706; x_wconf 79' lang='grc' dir='ltr'><strong>ὦ</strong></span> <span class='ocrx_word' id='word_1_136' title='bbox 1086 1674 1152 1715; x_wconf 83' lang='grc' dir='ltr'>πέρι</span> <span class='ocrx_word' id='word_1_137' title='bbox 1176 1674 1212 1711; x_wconf 75' lang='grc' dir='ltr'>δὴ</span> 
     </span>
     <span class='ocr_line' id='line_1_28' title="bbox 516 1722 1215 1772; baseline -0.013 -9"><span class='ocrx_word' id='word_1_138' title='bbox 516 1731 598 1771; x_wconf 75' lang='grc' dir='ltr'>μέγα</span> <span class='ocrx_word' id='word_1_139' title='bbox 625 1729 770 1772; x_wconf 81' lang='grc' dir='ltr'>φέρτατοι</span> <span class='ocrx_word' id='word_1_140' title='bbox 804 1727 863 1760; x_wconf 73' lang='grc' dir='ltr'>υἷες</span> <span class='ocrx_word' id='word_1_141' title='bbox 888 1726 1036 1765; x_wconf 79' lang='grc' dir='ltr'>ἀνάκτων,</span> <span class='ocrx_word' id='word_1_142' title='bbox 1051 1725 1093 1755; x_wconf 60' lang='lat' dir='ltr'>‘H</span> <span class='ocrx_word' id='word_1_143' title='bbox 1117 1724 1170 1766; x_wconf 82' lang='grc' dir='ltr'>βίῃ</span> <span class='ocrx_word' id='word_1_144' title='bbox 1195 1722 1215 1766; x_wconf 70' lang='grc' dir='ltr'><em>ᾗ</em></span> 
     </span>
     <span class='ocr_line' id='line_1_29' title="bbox 518 1766 1216 1824; baseline -0.013 -10"><span class='ocrx_word' id='word_1_145' title='bbox 518 1784 610 1824; x_wconf 83' lang='grc' dir='ltr'>ἀρετῇ</span> <span class='ocrx_word' id='word_1_146' title='bbox 641 1781 755 1819; x_wconf 82' lang='grc' dir='ltr'>Λιβύης</span> <span class='ocrx_word' id='word_1_147' title='bbox 787 1779 845 1811; x_wconf 80' lang='grc' dir='ltr'>ἀνὰ</span> <span class='ocrx_word' id='word_1_148' title='bbox 874 1781 955 1810; x_wconf 78' lang='grc' dir='ltr'>θῖνας</span> <span class='ocrx_word' id='word_1_149' title='bbox 988 1766 1113 1819; x_wconf 56' lang='grc' dir='ltr'>ἐρήμο(υς</span> <span class='ocrx_word' id='word_1_150' title='bbox 1146 1777 1216 1812; x_wconf 82' lang='grc' dir='ltr'>Νῆα</span> 
     </span>
     <span class='ocr_line' id='line_1_30' title="bbox 519 1826 1218 1873; baseline -0.013 -8"><span class='ocrx_word' id='word_1_151' title='bbox 519 1832 732 1873; x_wconf 81' lang='grc' dir='ltr'>μεταχθονίην,</span> <span class='ocrx_word' id='word_1_152' title='bbox 755 1830 814 1861; x_wconf 75' lang='grc' dir='ltr'>ὅσα</span> <span class='ocrx_word' id='word_1_153' title='bbox 837 1830 864 1860; x_wconf 81' lang='grc' dir='ltr'>τ’</span> <span class='ocrx_word' id='word_1_154' title='bbox 882 1828 977 1860; x_wconf 79' lang='grc' dir='ltr'>ἔνδοθι</span> <span class='ocrx_word' id='word_1_155' title='bbox 1000 1828 1068 1865; x_wconf 80' lang='grc' dir='ltr'>νηὸς</span> <span class='ocrx_word' id='word_1_156' title='bbox 1095 1826 1218 1865; x_wconf 76' lang='grc' dir='ltr'>ἄγεσθε,</span> 
     </span>
     <span class='ocr_line' id='line_1_31' title="bbox 520 1876 1218 1922; baseline -0.014 -6"><span class='ocrx_word' id='word_1_157' title='bbox 520 1882 712 1922; x_wconf 80' lang='grc' dir='ltr'>Ἀνθεμένους</span> <span class='ocrx_word' id='word_1_158' title='bbox 748 1883 866 1920; x_wconf 79' lang='grc' dir='ltr'><strong><em>ὤμοισι,</em></strong></span> <span class='ocrx_word' id='word_1_159' title='bbox 901 1879 1000 1919; x_wconf 83' lang='grc' dir='ltr'>φέρειν</span> <span class='ocrx_word' id='word_1_160' title='bbox 1043 1876 1218 1908; x_wconf 82' lang='grc' dir='ltr'>δυοκαίδεκα</span> 
     </span>
     <span class='ocr_line' id='line_1_32' title="bbox 523 1928 1219 1972; baseline -0.013 -6"><span class='ocrx_word' id='word_1_161' title='bbox 523 1934 625 1965; x_wconf 85' lang='grc' dir='ltr'>πάντα</span> <span class='ocrx_word' id='word_1_162' title='bbox 633 1933 742 1972; x_wconf 83' lang='grc' dir='ltr'>Ἤμαθ’</span> <span class='ocrx_word' id='word_1_163' title='bbox 755 1932 829 1971; x_wconf 84' lang='grc' dir='ltr'>ὁμοῦ</span> <span class='ocrx_word' id='word_1_164' title='bbox 841 1930 950 1961; x_wconf 84' lang='grc' dir='ltr'>νύκτας</span> <span class='ocrx_word' id='word_1_165' title='bbox 958 1942 1005 1968; x_wconf 80' lang='grc' dir='ltr'>τε,</span> <span class='ocrx_word' id='word_1_166' title='bbox 1018 1930 1081 1959; x_wconf 62' lang='lat' dir='ltr'>&amp;m</span> <span class='ocrx_word' id='word_1_167' title='bbox 1131 1928 1192 1959; x_wconf 87' lang='lat' dir='ltr'>Vos</span> <span class='ocrx_word' id='word_1_168' title='bbox 1202 1937 1219 1957; x_wconf 91' lang='lat' dir='ltr'>o</span> 
     </span>
     <span class='ocr_line' id='line_1_33' title="bbox 522 1976 1220 2025; baseline -0.013 -10"><span class='ocrx_word' id='word_1_169' title='bbox 522 1994 614 2025; x_wconf 81' lang='lat' dir='ltr'>supra</span> <span class='ocrx_word' id='word_1_170' title='bbox 628 1984 748 2014; x_wconf 83' lang='lat' dir='ltr'>modum</span> <span class='ocrx_word' id='word_1_171' title='bbox 762 1980 944 2021; x_wconf 80' lang='lat' dir='ltr'>optimifilii</span> <span class='ocrx_word' id='word_1_172' title='bbox 959 1989 1077 2018; x_wconf 78' lang='lat' dir='ltr'>regum,</span> <span class='ocrx_word' id='word_1_173' title='bbox 1094 1977 1163 2012; x_wconf 84' lang='lat' dir='ltr'>Qua</span> <span class='ocrx_word' id='word_1_174' title='bbox 1177 1976 1220 2016; x_wconf 81' lang='lat' dir='ltr'>vi,</span> 
     </span>
     <span class='ocr_line' id='line_1_34' title="bbox 524 2030 1221 2076; baseline -0.014 -10"><span class='ocrx_word' id='word_1_175' title='bbox 524 2045 584 2076; x_wconf 79' lang='lat' dir='ltr'>qua</span> <span class='ocrx_word' id='word_1_176' title='bbox 606 2034 734 2071; x_wconf 71' lang='lat' dir='ltr'>virtute,</span> <span class='ocrx_word' id='word_1_177' title='bbox 757 2031 866 2072; x_wconf 80' lang='lat' dir='ltr'>Libyae</span> <span class='ocrx_word' id='word_1_178' title='bbox 887 2040 942 2071; x_wconf 81' lang='lat' dir='ltr'>per</span> <span class='ocrx_word' id='word_1_179' title='bbox 967 2030 1099 2060; x_wconf 85' lang='lat' dir='ltr'>cumulos</span> <span class='ocrx_word' id='word_1_180' title='bbox 1119 2036 1221 2058; x_wconf 82' lang='lat' dir='ltr'>arenoe</span> 
     </span>
     <span class='ocr_line' id='line_1_35' title="bbox 525 2077 1223 2118; baseline -0.013 -2"><span class='ocrx_word' id='word_1_181' title='bbox 525 2086 660 2116; x_wconf 78' lang='lat' dir='ltr'>desertos</span> <span class='ocrx_word' id='word_1_182' title='bbox 691 2082 811 2114; x_wconf 82' lang='lat' dir='ltr'>Navem</span> <span class='ocrx_word' id='word_1_183' title='bbox 839 2081 1007 2118; x_wconf 83' lang='lat' dir='ltr'>sublimem,</span> <span class='ocrx_word' id='word_1_184' title='bbox 1039 2087 1164 2118; x_wconf 72' lang='lat' dir='ltr'>qumque</span> <span class='ocrx_word' id='word_1_185' title='bbox 1190 2077 1223 2107; x_wconf 86' lang='lat' dir='ltr'>in</span> 
     </span>
     <span class='ocr_line' id='line_1_36' title="bbox 526 2127 1225 2173; baseline -0.013 -7"><span class='ocrx_word' id='word_1_186' title='bbox 526 2135 599 2166; x_wconf 81' lang='lat' dir='ltr'>navi</span> <span class='ocrx_word' id='word_1_187' title='bbox 608 2134 718 2173; x_wconf 79' lang='lat' dir='ltr'>sertis,</span> <span class='ocrx_word' id='word_1_188' title='bbox 743 2131 949 2172; x_wconf 82' lang='lat' dir='ltr'>Suscipientes</span> <span class='ocrx_word' id='word_1_189' title='bbox 971 2128 1117 2167; x_wconf 82' lang='lat' dir='ltr'>humeris,</span> <span class='ocrx_word' id='word_1_190' title='bbox 1133 2127 1225 2166; x_wconf 84' lang='lat' dir='ltr'>ferre</span> 
     </span>
     <span class='ocr_line' id='line_1_37' title="bbox 527 2179 1227 2222; baseline -0.014 -5"><span class='ocrx_word' id='word_1_191' title='bbox 527 2184 686 2217; x_wconf 81' lang='lat' dir='ltr'>duodecim</span> <span class='ocrx_word' id='word_1_192' title='bbox 700 2184 838 2222; x_wconf 77' lang='lat' dir='ltr'>integros</span> <span class='ocrx_word' id='word_1_193' title='bbox 859 2181 938 2212; x_wconf 83' lang='lat' dir='ltr'>Dies</span> <span class='ocrx_word' id='word_1_194' title='bbox 952 2179 1098 2219; x_wconf 74' lang='lat' dir='ltr'>simulque</span> <span class='ocrx_word' id='word_1_195' title='bbox 1112 2181 1227 2217; x_wconf 81' lang='lat' dir='ltr'>noctes,</span> 
     </span>
     <span class='ocr_line' id='line_1_38' title="bbox 528 2236 770 2278; baseline -0.017 -10"><span class='ocrx_word' id='word_1_196' title='bbox 528 2239 581 2278; x_wconf 68' lang='grc' dir='ltr'>ἔμ’.</span> <span class='ocrx_word' id='word_1_197' title='bbox 603 2236 770 2275; x_wconf 87' lang='lat' dir='ltr'>Bongars.</span> 
     </span>
    </p>

    <p class='ocr_par' dir='ltr' id='par_1_7' title="bbox 532 2278 1242 2932">
     <span class='ocr_line' id='line_1_39' title="bbox 573 2278 1228 2326; baseline -0.012 -10"><span class='ocrx_word' id='word_1_198' title='bbox 573 2287 591 2326; x_wconf 48' lang='grc' dir='ltr'>ᾧ</span> <span class='ocrx_word' id='word_1_199' title='bbox 621 2288 659 2316; x_wconf 80' lang='grc'>14</span> <span class='ocrx_word' id='word_1_200' title='bbox 695 2282 947 2323; x_wconf 79' lang='lat' dir='ltr'>Magnitudinem</span> <span class='ocrx_word' id='word_1_201' title='bbox 969 2279 1073 2319; x_wconf 81' lang='lat' dir='ltr'>navis]</span> <span class='ocrx_word' id='word_1_202' title='bbox 1118 2278 1228 2318; x_wconf 82' lang='lat' dir='ltr'>Vulgo</span> 
     </span>
     <span class='ocr_line' id='line_1_40' title="bbox 532 2331 1232 2376; baseline -0.013 -8"><span class='ocrx_word' id='word_1_203' title='bbox 532 2335 755 2376; x_wconf 80' lang='lat' dir='ltr'>longitudinem</span> <span class='ocrx_word' id='word_1_204' title='bbox 782 2334 879 2364; x_wconf 78' lang='lat' dir='ltr'>navis.</span> <span class='ocrx_word' id='word_1_205' title='bbox 939 2331 1038 2363; x_wconf 75' lang='lat' dir='ltr'>Navis</span> <span class='ocrx_word' id='word_1_206' title='bbox 1079 2339 1150 2370; x_wconf 89' lang='lat' dir='ltr'>pro,</span> <span class='ocrx_word' id='word_1_207' title='bbox 1176 2338 1232 2359; x_wconf 87' lang='lat' dir='ltr'>na-</span> 
     </span>
     <span class='ocr_line' id='line_1_41' title="bbox 534 2379 1232 2429; baseline -0.016 -8"><span class='ocrx_word' id='word_1_208' title='bbox 534 2384 836 2429; x_wconf 79' lang='lat' dir='ltr'>vigationis,dixit.</span> <span class='ocrx_word' id='word_1_209' title='bbox 860 2384 1017 2422; x_wconf 79' lang='lat' dir='ltr'>Bongars.</span> <span class='ocrx_word' id='word_1_210' title='bbox 1046 2381 1123 2413; x_wconf 87' lang='lat' dir='ltr'>Non</span> <span class='ocrx_word' id='word_1_211' title='bbox 1140 2379 1232 2411; x_wconf 87' lang='lat' dir='ltr'>vide-</span> 
     </span>
     <span class='ocr_line' id='line_1_42' title="bbox 534 2430 1234 2472; baseline -0.017 0"><span class='ocrx_word' id='word_1_212' title='bbox 534 2446 602 2472; x_wconf 88' lang='lat' dir='ltr'>tur.</span> <span class='ocrx_word' id='word_1_213' title='bbox 633 2439 813 2470; x_wconf 82' lang='lat' dir='ltr'>Bernecccr.</span> <span class='ocrx_word' id='word_1_214' title='bbox 870 2433 971 2464; x_wconf 82' lang='lat' dir='ltr'>Navis</span> <span class='ocrx_word' id='word_1_215' title='bbox 1002 2433 1109 2471; x_wconf 87' lang='lat' dir='ltr'>Bong.</span> <span class='ocrx_word' id='word_1_216' title='bbox 1133 2430 1234 2461; x_wconf 89' lang='lat' dir='ltr'>inter-</span> 
     </span>
     <span class='ocr_line' id='line_1_43' title="bbox 534 2483 1234 2532; baseline -0.017 -9"><span class='ocrx_word' id='word_1_217' title='bbox 534 2494 704 2532; x_wconf 86' lang='lat' dir='ltr'>pretatur,</span> <span class='ocrx_word' id='word_1_218' title='bbox 735 2485 969 2527; x_wconf 77' lang='lat' dir='ltr'>navigationis.</span> <span class='ocrx_word' id='word_1_219' title='bbox 1027 2483 1106 2514; x_wconf 91' lang='lat' dir='ltr'>Non</span> <span class='ocrx_word' id='word_1_220' title='bbox 1130 2485 1234 2512; x_wconf 88' lang='lat' dir='ltr'>recte.</span> 
     </span>
     <span class='ocr_line' id='line_1_44' title="bbox 536 2530 1235 2582; baseline -0.017 -9"><span class='ocrx_word' id='word_1_221' title='bbox 536 2540 746 2582; x_wconf 82' lang='lat' dir='ltr'>Simpliciter</span> <span class='ocrx_word' id='word_1_222' title='bbox 776 2537 823 2568; x_wconf 87' lang='lat' dir='ltr'>ita</span> <span class='ocrx_word' id='word_1_223' title='bbox 848 2533 1062 2576; x_wconf 88' lang='lat' dir='ltr'>capiendum,</span> <span class='ocrx_word' id='word_1_224' title='bbox 1086 2532 1172 2574; x_wconf 91' lang='lat' dir='ltr'>quod</span> <span class='ocrx_word' id='word_1_225' title='bbox 1200 2530 1235 2562; x_wconf 85' lang='lat' dir='ltr'>fl.</span> 
     </span>
     <span class='ocr_line' id='line_1_45' title="bbox 538 2584 1236 2625; baseline -0.016 -2"><span class='ocrx_word' id='word_1_226' title='bbox 538 2592 645 2623; x_wconf 90' lang='lat' dir='ltr'>Sabus</span> <span class='ocrx_word' id='word_1_227' title='bbox 661 2589 833 2621; x_wconf 88' lang='lat' dir='ltr'>triremem</span> <span class='ocrx_word' id='word_1_228' title='bbox 855 2586 945 2617; x_wconf 89' lang='lat' dir='ltr'>illam</span> <span class='ocrx_word' id='word_1_229' title='bbox 964 2584 1236 2625; x_wconf 83' lang='lat' dir='ltr'>Argonautarum</span> 
     </span>
     <span class='ocr_line' id='line_1_46' title="bbox 538 2633 1236 2678; baseline -0.014 -5"><span class='ocrx_word' id='word_1_230' title='bbox 538 2651 605 2673; x_wconf 89' lang='lat' dir='ltr'>non</span> <span class='ocrx_word' id='word_1_231' title='bbox 623 2643 777 2678; x_wconf 87' lang='lat' dir='ltr'>caperet,</span> <span class='ocrx_word' id='word_1_232' title='bbox 802 2642 943 2678; x_wconf 85' lang='lat' dir='ltr'>propter</span> <span class='ocrx_word' id='word_1_233' title='bbox 959 2633 1236 2676; x_wconf 84' lang='lat' dir='ltr'>magnitudinem.</span> 
     </span>
     <span class='ocr_line' id='line_1_47' title="bbox 544 2684 1238 2723; baseline -0.014 0"><span class='ocrx_word' id='word_1_234' title='bbox 544 2692 640 2723; x_wconf 87' lang='lat' dir='ltr'>Adeo</span> <span class='ocrx_word' id='word_1_235' title='bbox 670 2695 709 2721; x_wconf 90' lang='lat' dir='ltr'>ut</span> <span class='ocrx_word' id='word_1_236' title='bbox 745 2688 813 2719; x_wconf 89' lang='lat' dir='ltr'>illis</span> <span class='ocrx_word' id='word_1_237' title='bbox 851 2696 991 2718; x_wconf 80' lang='lat' dir='ltr'>necesse</span> <span class='ocrx_word' id='word_1_238' title='bbox 1014 2685 1118 2716; x_wconf 88' lang='lat' dir='ltr'>fuerit</span> <span class='ocrx_word' id='word_1_239' title='bbox 1148 2684 1238 2714; x_wconf 91' lang='lat' dir='ltr'>illam</span> 
     </span>
     <span class='ocr_line' id='line_1_48' title="bbox 543 2735 1240 2774; baseline -0.014 0"><span class='ocrx_word' id='word_1_240' title='bbox 543 2742 645 2774; x_wconf 89' lang='lat' dir='ltr'>ssuvio</span> <span class='ocrx_word' id='word_1_241' title='bbox 669 2741 789 2772; x_wconf 86' lang='lat' dir='ltr'>elatam</span> <span class='ocrx_word' id='word_1_242' title='bbox 816 2737 961 2769; x_wconf 89' lang='lat' dir='ltr'>humeris</span> <span class='ocrx_word' id='word_1_243' title='bbox 991 2736 1058 2768; x_wconf 88' lang='lat' dir='ltr'>suis</span> <span class='ocrx_word' id='word_1_244' title='bbox 1086 2735 1119 2765; x_wconf 94' lang='lat' dir='ltr'>in</span> <span class='ocrx_word' id='word_1_245' title='bbox 1145 2735 1240 2766; x_wconf 91' lang='lat' dir='ltr'>littus</span> 
     </span>
     <span class='ocr_line' id='line_1_49' title="bbox 546 2786 1242 2829; baseline -0.014 -5"><span class='ocrx_word' id='word_1_246' title='bbox 546 2792 758 2824; x_wconf 77' lang='lat' dir='ltr'>Adriaticum</span> <span class='ocrx_word' id='word_1_247' title='bbox 802 2788 995 2829; x_wconf 83' lang='lat' dir='ltr'>deportare.</span> <span class='ocrx_word' id='word_1_248' title='bbox 1059 2786 1153 2816; x_wconf 91' lang='lat' dir='ltr'>Nota</span> <span class='ocrx_word' id='word_1_249' title='bbox 1189 2788 1242 2815; x_wconf 87' lang='lat' dir='ltr'>est</span> 
     </span>
     <span class='ocr_line' id='line_1_50' title="bbox 545 2838 1240 2877; baseline -0.013 -4"><span class='ocrx_word' id='word_1_250' title='bbox 545 2842 698 2873; x_wconf 76' lang='lat' dir='ltr'>historia.</span> <span class='ocrx_word' id='word_1_251' title='bbox 735 2839 820 2871; x_wconf 80' lang='lat' dir='ltr'>Voss.</span> <span class='ocrx_word' id='word_1_252' title='bbox 877 2838 983 2877; x_wconf 86' lang='lat' dir='ltr'>Bong.</span> <span class='ocrx_word' id='word_1_253' title='bbox 1007 2839 1102 2866; x_wconf 83' lang='lat' dir='ltr'>notat</span> <span class='ocrx_word' id='word_1_254' title='bbox 1124 2843 1240 2865; x_wconf 90' lang='lat' dir='ltr'>vocem</span> 
     </span>
     <span class='ocr_line' id='line_1_51' title="bbox 548 2884 1241 2932; baseline -0.01 -10"><span class='ocrx_word' id='word_1_255' title='bbox 548 2892 635 2922; x_wconf 80' lang='lat' dir='ltr'>naris</span> <span class='ocrx_word' id='word_1_256' title='bbox 663 2890 803 2932; x_wconf 81' lang='lat' dir='ltr'>positam</span> <span class='ocrx_word' id='word_1_257' title='bbox 828 2888 880 2919; x_wconf 82' lang='lat' dir='ltr'>hic</span> <span class='ocrx_word' id='word_1_258' title='bbox 906 2896 967 2928; x_wconf 91' lang='lat' dir='ltr'>pro</span> <span class='ocrx_word' id='word_1_259' title='bbox 990 2894 1084 2925; x_wconf 84' lang='lat' dir='ltr'>voce,</span> <span class='ocrx_word' id='word_1_260' title='bbox 1108 2884 1241 2925; x_wconf 84' lang='lat' dir='ltr'>naviga-</span> 
     </span>
    </p>
   </div>
   <div class='ocr_carea' id='block_1_5' title="bbox 932 327 1457 361">
    <p class='ocr_par' dir='ltr' id='par_1_8' title="bbox 932 327 1457 361">
     <span class='ocr_line' id='line_1_52' title="bbox 932 327 1457 361; baseline -0.006 0"><span class='ocrx_word' id='word_1_261' title='bbox 932 328 1072 361; x_wconf 81' lang='lat' dir='ltr'>NOTAE</span> <span class='ocrx_word' id='word_1_262' title='bbox 1106 327 1372 359; x_wconf 83' lang='lat' dir='ltr'>VARIORUM</span> <span class='ocrx_word' id='word_1_263' title='bbox 1406 327 1457 358; x_wconf 83' lang='lat' dir='ltr'>IN</span> 
     </span>
    </p>
   </div>
   <div class='ocr_carea' id='block_1_6' title="bbox 1229 420 1989 2920">
    <p class='ocr_par' dir='ltr' id='par_1_9' title="bbox 1229 420 1936 963">
     <span class='ocr_line' id='line_1_53' title="bbox 1229 420 1922 464; baseline -0.004 -9"><span class='ocrx_word' id='word_1_264' title='bbox 1229 423 1342 464; x_wconf 88' lang='lat' dir='ltr'>tionis,</span> <span class='ocrx_word' id='word_1_265' title='bbox 1364 422 1451 464; x_wconf 87' lang='lat' dir='ltr'>quod</span> <span class='ocrx_word' id='word_1_266' title='bbox 1479 426 1572 454; x_wconf 89' lang='lat' dir='ltr'>recte</span> <span class='ocrx_word' id='word_1_267' title='bbox 1597 420 1752 462; x_wconf 88' lang='lat' dir='ltr'>displicet</span> <span class='ocrx_word' id='word_1_268' title='bbox 1775 421 1922 453; x_wconf 88' lang='lat' dir='ltr'>Bernec·</span> 
     </span>
     <span class='ocr_line' id='line_1_54' title="bbox 1231 472 1925 506; baseline -0.006 0"><span class='ocrx_word' id='word_1_269' title='bbox 1231 484 1322 506; x_wconf 85' lang='lat' dir='ltr'>cero.</span> <span class='ocrx_word' id='word_1_270' title='bbox 1367 475 1418 505; x_wconf 85' lang='lat' dir='ltr'>Re</span> <span class='ocrx_word' id='word_1_271' title='bbox 1443 483 1522 505; x_wconf 86' lang='lat' dir='ltr'>vera</span> <span class='ocrx_word' id='word_1_272' title='bbox 1537 472 1624 504; x_wconf 90' lang='lat' dir='ltr'>enim</span> <span class='ocrx_word' id='word_1_273' title='bbox 1650 472 1737 503; x_wconf 76' lang='lat' dir='ltr'>navis</span> <span class='ocrx_word' id='word_1_274' title='bbox 1762 472 1818 502; x_wconf 91' lang='lat' dir='ltr'>hic</span> <span class='ocrx_word' id='word_1_275' title='bbox 1834 481 1925 503; x_wconf 88' lang='lat' dir='ltr'>com·</span> 
     </span>
     <span class='ocr_line' id='line_1_55' title="bbox 1232 522 1925 565; baseline -0.003 -10"><span class='ocrx_word' id='word_1_276' title='bbox 1232 524 1390 565; x_wconf 86' lang='lat' dir='ltr'>pendium</span> <span class='ocrx_word' id='word_1_277' title='bbox 1420 528 1472 555; x_wconf 85' lang='lat' dir='ltr'>est</span> <span class='ocrx_word' id='word_1_278' title='bbox 1509 523 1599 554; x_wconf 88' lang='lat' dir='ltr'>vocis</span> <span class='ocrx_word' id='word_1_279' title='bbox 1635 522 1855 561; x_wconf 78' lang='lat' dir='ltr'>navigationis,</span> <span class='ocrx_word' id='word_1_280' title='bbox 1885 532 1925 553; x_wconf 88' lang='lat' dir='ltr'>ac</span> 
     </span>
     <span class='ocr_line' id='line_1_56' title="bbox 1232 572 1928 615; baseline -0.003 -10"><span class='ocrx_word' id='word_1_281' title='bbox 1232 574 1366 615; x_wconf 82' lang='lat' dir='ltr'>legend.</span> <span class='ocrx_word' id='word_1_282' title='bbox 1417 574 1658 613; x_wconf 80' lang='lat' dir='ltr'>magnitudinem</span> <span class='ocrx_word' id='word_1_283' title='bbox 1707 572 1928 612; x_wconf 77' lang='lat' dir='ltr'>navigationis.</span> 
     </span>
     <span class='ocr_line' id='line_1_57' title="bbox 1234 624 1930 665; baseline -0.001 -10"><span class='ocrx_word' id='word_1_284' title='bbox 1234 627 1421 665; x_wconf 83' lang='lat' dir='ltr'>Magnitudo</span> <span class='ocrx_word' id='word_1_285' title='bbox 1444 629 1541 656; x_wconf 88' lang='lat' dir='ltr'>notat</span> <span class='ocrx_word' id='word_1_286' title='bbox 1557 624 1798 664; x_wconf 82' lang='lat' dir='ltr'>longitudinem</span> <span class='ocrx_word' id='word_1_287' title='bbox 1816 634 1842 655; x_wconf 93' lang='lat' dir='ltr'>s.</span> <span class='ocrx_word' id='word_1_288' title='bbox 1858 624 1930 654; x_wconf 90' lang='lat' dir='ltr'>lon-</span> 
     </span>
     <span class='ocr_line' id='line_1_58' title="bbox 1237 673 1930 717; baseline -0.006 -10"><span class='ocrx_word' id='word_1_289' title='bbox 1237 677 1475 717; x_wconf 86' lang='lat' dir='ltr'>ginquitatem,</span> <span class='ocrx_word' id='word_1_290' title='bbox 1490 674 1578 706; x_wconf 87' lang='lat' dir='ltr'>unde</span> <span class='ocrx_word' id='word_1_291' title='bbox 1602 675 1635 705; x_wconf 89' lang='lat' dir='ltr'>in</span> <span class='ocrx_word' id='word_1_292' title='bbox 1649 675 1747 714; x_wconf 85' lang='lat' dir='ltr'>impr.</span> <span class='ocrx_word' id='word_1_293' title='bbox 1764 673 1930 715; x_wconf 82' lang='lat' dir='ltr'>aliquibus</span> 
     </span>
     <span class='ocr_line' id='line_1_59' title="bbox 1236 723 1931 765; baseline -0.004 -8"><span class='ocrx_word' id='word_1_294' title='bbox 1236 726 1457 765; x_wconf 79' lang='lat' dir='ltr'>longitudinem</span> <span class='ocrx_word' id='word_1_295' title='bbox 1490 725 1589 764; x_wconf 81' lang='lat' dir='ltr'>navis,</span> <span class='ocrx_word' id='word_1_296' title='bbox 1619 734 1660 755; x_wconf 88' lang='lat' dir='ltr'>ex</span> <span class='ocrx_word' id='word_1_297' title='bbox 1691 724 1800 764; x_wconf 84' lang='lat' dir='ltr'>glossa</span> <span class='ocrx_word' id='word_1_298' title='bbox 1827 723 1931 754; x_wconf 89' lang='lat' dir='ltr'>videl.</span> 
     </span>
     <span class='ocr_line' id='line_1_60' title="bbox 1238 776 1932 815; baseline -0.004 -7"><span class='ocrx_word' id='word_1_299' title='bbox 1238 777 1326 809; x_wconf 87' lang='lat' dir='ltr'>Nam</span> <span class='ocrx_word' id='word_1_300' title='bbox 1341 776 1586 815; x_wconf 70' lang='lat' dir='ltr'>magnitudinem</span> <span class='ocrx_word' id='word_1_301' title='bbox 1611 779 1738 806; x_wconf 89' lang='lat' dir='ltr'>rectum</span> <span class='ocrx_word' id='word_1_302' title='bbox 1755 779 1852 815; x_wconf 82' lang='lat' dir='ltr'>puto,</span> <span class='ocrx_word' id='word_1_303' title='bbox 1868 783 1932 806; x_wconf 90' lang='lat' dir='ltr'>nec</span> 
     </span>
     <span class='ocr_line' id='line_1_61' title="bbox 1239 825 1934 867; baseline -0.004 -9"><span class='ocrx_word' id='word_1_304' title='bbox 1239 827 1343 867; x_wconf 84' lang='lat' dir='ltr'>magis</span> <span class='ocrx_word' id='word_1_305' title='bbox 1371 825 1609 857; x_wconf 88' lang='lat' dir='ltr'>contemnend.</span> <span class='ocrx_word' id='word_1_306' title='bbox 1636 835 1734 867; x_wconf 86' lang='lat' dir='ltr'>quam</span> <span class='ocrx_word' id='word_1_307' title='bbox 1760 825 1848 866; x_wconf 89' lang='lat' dir='ltr'>quod</span> <span class='ocrx_word' id='word_1_308' title='bbox 1875 825 1934 855; x_wconf 90' lang='lat' dir='ltr'>ha-</span> 
     </span>
     <span class='ocr_line' id='line_1_62' title="bbox 1240 875 1936 916; baseline -0.003 -9"><span class='ocrx_word' id='word_1_309' title='bbox 1240 877 1342 908; x_wconf 90' lang='lat' dir='ltr'>betur</span> <span class='ocrx_word' id='word_1_310' title='bbox 1374 886 1426 916; x_wconf 91' lang='lat' dir='ltr'>ap.</span> <span class='ocrx_word' id='word_1_311' title='bbox 1455 877 1550 907; x_wconf 89' lang='lat' dir='ltr'>Suet.</span> <span class='ocrx_word' id='word_1_312' title='bbox 1578 875 1665 916; x_wconf 81' lang='lat' dir='ltr'>Aug.</span> <span class='ocrx_word' id='word_1_313' title='bbox 1695 878 1747 906; x_wconf 81' lang='lat'>28.</span> <span class='ocrx_word' id='word_1_314' title='bbox 1784 875 1936 906; x_wconf 86' lang='lat' dir='ltr'>‘itinera</span> 
     </span>
     <span class='ocr_line' id='line_1_63' title="bbox 1241 926 1520 963; baseline -0.007 -5"><span class='ocrx_word' id='word_1_315' title='bbox 1241 926 1392 958; x_wconf 69' lang='lat' dir='ltr'>minuta!</span> <span class='ocrx_word' id='word_1_316' title='bbox 1419 926 1520 963; x_wconf 84' lang='lat' dir='ltr'>Sches.</span> 
     </span>
    </p>

    <p class='ocr_par' dir='ltr' id='par_1_10' title="bbox 1245 974 1951 1454">
     <span class='ocr_line' id='line_1_64' title="bbox 1287 974 1939 1016; baseline -0.003 -10"><span class='ocrx_word' id='word_1_317' title='bbox 1287 977 1303 1016; x_wconf 55' lang='grc' dir='ltr'><strong>ς</strong></span> <span class='ocrx_word' id='word_1_318' title='bbox 1342 979 1379 1006; x_wconf 88' lang='grc'>15</span> <span class='ocrx_word' id='word_1_319' title='bbox 1420 976 1553 1016; x_wconf 83' lang='lat' dir='ltr'>Istrique</span> <span class='ocrx_word' id='word_1_320' title='bbox 1587 986 1627 1006; x_wconf 79' lang='lat' dir='ltr'>ex</span> <span class='ocrx_word' id='word_1_321' title='bbox 1657 975 1798 1006; x_wconf 75' lang='lat' dir='ltr'>vocabulo</span> <span class='ocrx_word' id='word_1_322' title='bbox 1823 974 1939 1014; x_wconf 81' lang='lat' dir='ltr'>amnis]</span> 
     </span>
     <span class='ocr_line' id='line_1_65' title="bbox 1245 1024 1940 1065; baseline -0.003 -9"><span class='ocrx_word' id='word_1_323' title='bbox 1245 1025 1345 1056; x_wconf 90' lang='lat' dir='ltr'>Diod.</span> <span class='ocrx_word' id='word_1_324' title='bbox 1361 1034 1410 1056; x_wconf 80' lang='lat' dir='ltr'>lv.</span> <span class='ocrx_word' id='word_1_325' title='bbox 1434 1028 1485 1056; x_wconf 91' lang='lat'>51.</span> <span class='ocrx_word' id='word_1_326' title='bbox 1525 1024 1641 1055; x_wconf 87' lang='lat' dir='ltr'>Strab.</span> <span class='ocrx_word' id='word_1_327' title='bbox 1659 1034 1683 1055; x_wconf 94' lang='lat'>1.</span> <span class='ocrx_word' id='word_1_328' title='bbox 1713 1035 1746 1065; x_wconf 89' lang='lat' dir='ltr'>p.</span> <span class='ocrx_word' id='word_1_329' title='bbox 1765 1027 1817 1055; x_wconf 80' lang='lat'>39.</span> <span class='ocrx_word' id='word_1_330' title='bbox 1841 1034 1884 1054; x_wconf 85' lang='lat' dir='ltr'>m.</span> <span class='ocrx_word' id='word_1_331' title='bbox 1902 1027 1940 1054; x_wconf 89' lang='lat' dir='ltr'>ut</span> 
     </span>
     <span class='ocr_line' id='line_1_66' title="bbox 1247 1073 1940 1106; baseline -0.003 -1"><span class='ocrx_word' id='word_1_332' title='bbox 1247 1080 1283 1105; x_wconf 90' lang='lat' dir='ltr'>et</span> <span class='ocrx_word' id='word_1_333' title='bbox 1300 1075 1385 1106; x_wconf 86' lang='lat' dir='ltr'>Plin.</span> <span class='ocrx_word' id='word_1_334' title='bbox 1401 1083 1457 1106; x_wconf 79' lang='grc' dir='ltr'><strong>ιιι.</strong></span> <span class='ocrx_word' id='word_1_335' title='bbox 1473 1077 1524 1105; x_wconf 87' lang='grc'>18.</span> <span class='ocrx_word' id='word_1_336' title='bbox 1549 1073 1728 1105; x_wconf 86' lang='lat' dir='ltr'>confutant</span> <span class='ocrx_word' id='word_1_337' title='bbox 1752 1083 1866 1104; x_wconf 87' lang='lat' dir='ltr'>eorum</span> <span class='ocrx_word' id='word_1_338' title='bbox 1890 1082 1940 1103; x_wconf 87' lang='lat' dir='ltr'>er-</span> 
     </span>
     <span class='ocr_line' id='line_1_67' title="bbox 1248 1123 1941 1165; baseline -0.003 -10"><span class='ocrx_word' id='word_1_339' title='bbox 1248 1134 1371 1163; x_wconf 89' lang='lat' dir='ltr'>rorem,</span> <span class='ocrx_word' id='word_1_340' title='bbox 1387 1124 1444 1164; x_wconf 91' lang='lat' dir='ltr'>qui</span> <span class='ocrx_word' id='word_1_341' title='bbox 1460 1128 1661 1164; x_wconf 86' lang='lat' dir='ltr'>putaverunt</span> <span class='ocrx_word' id='word_1_342' title='bbox 1685 1133 1760 1155; x_wconf 83' lang='lat' dir='ltr'>esse</span> <span class='ocrx_word' id='word_1_343' title='bbox 1776 1123 1941 1165; x_wconf 86' lang='lat' dir='ltr'>quendam</span> 
     </span>
     <span class='ocr_line' id='line_1_68' title="bbox 1248 1173 1944 1215; baseline 0 -11"><span class='ocrx_word' id='word_1_344' title='bbox 1248 1173 1386 1205; x_wconf 87' lang='lat' dir='ltr'>fluvium</span> <span class='ocrx_word' id='word_1_345' title='bbox 1421 1174 1512 1205; x_wconf 90' lang='lat' dir='ltr'>Istro</span> <span class='ocrx_word' id='word_1_346' title='bbox 1541 1174 1785 1213; x_wconf 86' lang='lat' dir='ltr'>cognominem,</span> <span class='ocrx_word' id='word_1_347' title='bbox 1817 1174 1872 1215; x_wconf 92' lang='lat' dir='ltr'>qui</span> <span class='ocrx_word' id='word_1_348' title='bbox 1910 1173 1944 1203; x_wconf 91' lang='lat' dir='ltr'>in</span> 
     </span>
     <span class='ocr_line' id='line_1_69' title="bbox 1250 1222 1943 1263; baseline -0.003 -8"><span class='ocrx_word' id='word_1_349' title='bbox 1250 1224 1389 1256; x_wconf 88' lang='lat' dir='ltr'>Adriam</span> <span class='ocrx_word' id='word_1_350' title='bbox 1418 1228 1520 1255; x_wconf 85' lang='lat' dir='ltr'>exeat</span> <span class='ocrx_word' id='word_1_351' title='bbox 1556 1223 1597 1254; x_wconf 88' lang='lat' dir='ltr'>ab</span> <span class='ocrx_word' id='word_1_352' title='bbox 1626 1224 1683 1254; x_wconf 88' lang='lat' dir='ltr'>illo</span> <span class='ocrx_word' id='word_1_353' title='bbox 1712 1223 1873 1263; x_wconf 90' lang='lat' dir='ltr'>divulsus,</span> <span class='ocrx_word' id='word_1_354' title='bbox 1901 1222 1943 1253; x_wconf 88' lang='lat' dir='ltr'>ab</span> 
     </span>
     <span class='ocr_line' id='line_1_70' title="bbox 1251 1272 1948 1315; baseline -0.004 -10"><span class='ocrx_word' id='word_1_355' title='bbox 1251 1284 1359 1315; x_wconf 87' lang='lat' dir='ltr'>eoque</span> <span class='ocrx_word' id='word_1_356' title='bbox 1375 1273 1583 1304; x_wconf 90' lang='lat' dir='ltr'>denominari</span> <span class='ocrx_word' id='word_1_357' title='bbox 1597 1278 1730 1313; x_wconf 87' lang='lat' dir='ltr'>gentem</span> <span class='ocrx_word' id='word_1_358' title='bbox 1747 1272 1869 1312; x_wconf 78' lang='lat' dir='ltr'>Istros,</span> <span class='ocrx_word' id='word_1_359' title='bbox 1886 1281 1948 1313; x_wconf 90' lang='lat' dir='ltr'>per</span> 
     </span>
     <span class='ocr_line' id='line_1_71' title="bbox 1253 1321 1950 1364; baseline 0 -10"><span class='ocrx_word' id='word_1_360' title='bbox 1253 1333 1337 1364; x_wconf 89' lang='lat' dir='ltr'>quos</span> <span class='ocrx_word' id='word_1_361' title='bbox 1363 1321 1496 1354; x_wconf 85' lang='lat' dir='ltr'>defluit.</span> <span class='ocrx_word' id='word_1_362' title='bbox 1540 1323 1616 1355; x_wconf 83' lang='lat' dir='ltr'>Quo</span> <span class='ocrx_word' id='word_1_363' title='bbox 1647 1323 1679 1352; x_wconf 91' lang='lat' dir='ltr'>in</span> <span class='ocrx_word' id='word_1_364' title='bbox 1706 1332 1821 1353; x_wconf 90' lang='lat' dir='ltr'>errore</span> <span class='ocrx_word' id='word_1_365' title='bbox 1849 1322 1950 1354; x_wconf 76' lang='lat' dir='ltr'>haesit</span> 
     </span>
     <span class='ocr_line' id='line_1_72' title="bbox 1253 1371 1951 1404; baseline -0.003 0"><span class='ocrx_word' id='word_1_366' title='bbox 1253 1373 1354 1404; x_wconf 89' lang='lat' dir='ltr'>etiam</span> <span class='ocrx_word' id='word_1_367' title='bbox 1371 1372 1514 1404; x_wconf 90' lang='lat' dir='ltr'>Aristot.</span> <span class='ocrx_word' id='word_1_368' title='bbox 1541 1372 1574 1402; x_wconf 90' lang='lat' dir='ltr'>in</span> <span class='ocrx_word' id='word_1_369' title='bbox 1596 1371 1687 1403; x_wconf 86' lang='lat' dir='ltr'>Hist.</span> <span class='ocrx_word' id='word_1_370' title='bbox 1710 1371 1855 1402; x_wconf 88' lang='lat' dir='ltr'>Animal.</span> <span class='ocrx_word' id='word_1_371' title='bbox 1871 1380 1951 1404; x_wconf 76' lang='lat' dir='ltr'>vul.</span> 
     </span>
     <span class='ocr_line' id='line_1_73' title="bbox 1256 1423 1431 1454; baseline -0.011 0"><span class='ocrx_word' id='word_1_372' title='bbox 1256 1425 1308 1454; x_wconf 83' lang='lat'>13.</span> <span class='ocrx_word' id='word_1_373' title='bbox 1333 1423 1431 1453; x_wconf 87' lang='lat' dir='ltr'>Bern.</span> 
     </span>
    </p>

    <p class='ocr_par' dir='ltr' id='par_1_11' title="bbox 1257 1471 1982 2619">
     <span class='ocr_line' id='line_1_74' title="bbox 1302 1471 1953 1512; baseline 0 -10"><span class='ocrx_word' id='word_1_374' title='bbox 1302 1474 1369 1508; x_wconf 87' lang='lat' dir='ltr'>Quo</span> <span class='ocrx_word' id='word_1_375' title='bbox 1391 1482 1410 1502; x_wconf 87' lang='lat' dir='ltr'>a</span> <span class='ocrx_word' id='word_1_376' title='bbox 1425 1472 1504 1503; x_wconf 83' lang='lat' dir='ltr'>mari</span> <span class='ocrx_word' id='word_1_377' title='bbox 1517 1471 1743 1512; x_wconf 79' lang='lat' dir='ltr'>concesserant]</span> <span class='ocrx_word' id='word_1_378' title='bbox 1769 1472 1857 1503; x_wconf 87' lang='lat' dir='ltr'>Phil.</span> <span class='ocrx_word' id='word_1_379' title='bbox 1873 1472 1953 1504; x_wconf 89' lang='lat' dir='ltr'>Clu-</span> 
     </span>
     <span class='ocr_line' id='line_1_75' title="bbox 1257 1522 1968 1564; baseline 0.001 -10"><span class='ocrx_word' id='word_1_380' title='bbox 1257 1533 1330 1555; x_wconf 82' lang='lat' dir='ltr'>ver.</span> <span class='ocrx_word' id='word_1_381' title='bbox 1357 1523 1438 1554; x_wconf 83' lang='lat' dir='ltr'>Ital.</span> <span class='ocrx_word' id='word_1_382' title='bbox 1452 1522 1569 1564; x_wconf 88' lang='lat' dir='ltr'>Antiq.</span> <span class='ocrx_word' id='word_1_383' title='bbox 1585 1532 1610 1553; x_wconf 92' lang='lat'>1.</span> <span class='ocrx_word' id='word_1_384' title='bbox 1626 1525 1679 1554; x_wconf 80' lang='lat'>21.</span> <span class='ocrx_word' id='word_1_385' title='bbox 1695 1523 1821 1554; x_wconf 86' lang='lat' dir='ltr'>rectius</span> <span class='ocrx_word' id='word_1_386' title='bbox 1838 1526 1968 1555; x_wconf 84' lang='lat' dir='ltr'>censet.</span> 
     </span>
     <span class='ocr_line' id='line_1_76' title="bbox 1257 1572 1957 1614; baseline -0.003 -9"><span class='ocrx_word' id='word_1_387' title='bbox 1257 1576 1461 1605; x_wconf 81' lang='lat' dir='ltr'>recesserant:</span> <span class='ocrx_word' id='word_1_388' title='bbox 1499 1573 1522 1604; x_wconf 86' lang='lat' dir='ltr'>i.</span> <span class='ocrx_word' id='word_1_389' title='bbox 1547 1583 1577 1605; x_wconf 86' lang='lat' dir='ltr'>e.</span> <span class='ocrx_word' id='word_1_390' title='bbox 1606 1583 1673 1614; x_wconf 92' lang='lat' dir='ltr'>quo</span> <span class='ocrx_word' id='word_1_391' title='bbox 1703 1583 1799 1604; x_wconf 85' lang='lat' dir='ltr'>amne</span> <span class='ocrx_word' id='word_1_392' title='bbox 1825 1583 1844 1604; x_wconf 89' lang='lat' dir='ltr'>a</span> <span class='ocrx_word' id='word_1_393' title='bbox 1872 1572 1957 1604; x_wconf 92' lang='lat' dir='ltr'>mari</span> 
     </span>
     <span class='ocr_line' id='line_1_77' title="bbox 1260 1623 1960 1663; baseline 0 -9"><span class='ocrx_word' id='word_1_394' title='bbox 1260 1623 1406 1655; x_wconf 88' lang='lat' dir='ltr'>Pontico</span> <span class='ocrx_word' id='word_1_395' title='bbox 1422 1628 1648 1663; x_wconf 86' lang='lat' dir='ltr'>recesserant,</span> <span class='ocrx_word' id='word_1_396' title='bbox 1672 1634 1719 1655; x_wconf 90' lang='lat' dir='ltr'>sc.</span> <span class='ocrx_word' id='word_1_397' title='bbox 1738 1624 1863 1655; x_wconf 89' lang='lat' dir='ltr'>Istrum</span> <span class='ocrx_word' id='word_1_398' title='bbox 1884 1623 1960 1655; x_wconf 86' lang='lat' dir='ltr'>sub-</span> 
     </span>
     <span class='ocr_line' id='line_1_78' title="bbox 1261 1673 1959 1706; baseline -0.001 0"><span class='ocrx_word' id='word_1_399' title='bbox 1261 1681 1390 1706; x_wconf 86' lang='lat' dir='ltr'>euntes.</span> <span class='ocrx_word' id='word_1_400' title='bbox 1435 1674 1524 1705; x_wconf 92' lang='lat' dir='ltr'>Nam</span> <span class='ocrx_word' id='word_1_401' title='bbox 1547 1673 1588 1704; x_wconf 89' lang='lat' dir='ltr'>ad</span> <span class='ocrx_word' id='word_1_402' title='bbox 1611 1683 1702 1705; x_wconf 88' lang='lat' dir='ltr'>mare</span> <span class='ocrx_word' id='word_1_403' title='bbox 1722 1674 1959 1706; x_wconf 86' lang='lat' dir='ltr'>Hadriaticum</span> 
     </span>
     <span class='ocr_line' id='line_1_79' title="bbox 1261 1723 1962 1762; baseline 0 -8"><span class='ocrx_word' id='word_1_404' title='bbox 1261 1727 1497 1762; x_wconf 81' lang='lat' dir='ltr'>accesserant3</span> <span class='ocrx_word' id='word_1_405' title='bbox 1520 1723 1577 1754; x_wconf 88' lang='lat' dir='ltr'>ubi</span> <span class='ocrx_word' id='word_1_406' title='bbox 1599 1724 1719 1755; x_wconf 90' lang='lat' dir='ltr'>Polam</span> <span class='ocrx_word' id='word_1_407' title='bbox 1739 1724 1855 1761; x_wconf 83' lang='lat' dir='ltr'>urbem</span> <span class='ocrx_word' id='word_1_408' title='bbox 1884 1733 1962 1755; x_wconf 89' lang='lat' dir='ltr'>con-</span> 
     </span>
     <span class='ocr_line' id='line_1_80' title="bbox 1263 1772 1960 1806; baseline 0.001 -2"><span class='ocrx_word' id='word_1_409' title='bbox 1263 1773 1388 1805; x_wconf 88' lang='lat' dir='ltr'>didisse</span> <span class='ocrx_word' id='word_1_410' title='bbox 1404 1772 1570 1804; x_wconf 87' lang='lat' dir='ltr'>feruntur.</span> <span class='ocrx_word' id='word_1_411' title='bbox 1596 1774 1642 1804; x_wconf 88' lang='lat' dir='ltr'>Et</span> <span class='ocrx_word' id='word_1_412' title='bbox 1658 1775 1707 1804; x_wconf 88' lang='lat' dir='ltr'>ita</span> <span class='ocrx_word' id='word_1_413' title='bbox 1723 1783 1748 1805; x_wconf 90' lang='lat' dir='ltr'>s.</span> <span class='ocrx_word' id='word_1_414' title='bbox 1765 1783 1808 1805; x_wconf 87' lang='lat' dir='ltr'>ex</span> <span class='ocrx_word' id='word_1_415' title='bbox 1823 1773 1960 1806; x_wconf 83' lang='lat' dir='ltr'>Justino</span> 
     </span>
     <span class='ocr_line' id='line_1_81' title="bbox 1265 1823 1963 1864; baseline -0.001 -9"><span class='ocrx_word' id='word_1_416' title='bbox 1265 1834 1290 1855; x_wconf 89' lang='lat' dir='ltr'>s.</span> <span class='ocrx_word' id='word_1_417' title='bbox 1302 1833 1344 1854; x_wconf 89' lang='lat' dir='ltr'>ex</span> <span class='ocrx_word' id='word_1_418' title='bbox 1361 1824 1434 1864; x_wconf 89' lang='lat' dir='ltr'>ipso</span> <span class='ocrx_word' id='word_1_419' title='bbox 1448 1824 1559 1864; x_wconf 81' lang='lat' dir='ltr'>Trogo</span> <span class='ocrx_word' id='word_1_420' title='bbox 1575 1824 1788 1864; x_wconf 88' lang='lat' dir='ltr'>transcripsit</span> <span class='ocrx_word' id='word_1_421' title='bbox 1812 1823 1963 1855; x_wconf 76' lang='lat' dir='ltr'>Isidorus</span> 
     </span>
     <span class='ocr_line' id='line_1_82' title="bbox 1267 1873 1964 1915; baseline -0.001 -10"><span class='ocrx_word' id='word_1_422' title='bbox 1267 1874 1364 1914; x_wconf 88' lang='lat' dir='ltr'>Orig.</span> <span class='ocrx_word' id='word_1_423' title='bbox 1398 1882 1450 1904; x_wconf 81' lang='lat' dir='ltr'>rx.</span> <span class='ocrx_word' id='word_1_424' title='bbox 1476 1876 1508 1905; x_wconf 88' lang='grc'>2.</span> <span class='ocrx_word' id='word_1_425' title='bbox 1555 1873 1803 1913; x_wconf 88' lang='lat' dir='ltr'>‘Histrorum,&#39;</span> <span class='ocrx_word' id='word_1_426' title='bbox 1837 1874 1964 1915; x_wconf 83' lang='lat' dir='ltr'>inquit,</span> 
     </span>
     <span class='ocr_line' id='line_1_83' title="bbox 1265 1923 1964 1965; baseline 0 -10"><span class='ocrx_word' id='word_1_427' title='bbox 1265 1926 1274 1943; x_wconf 94' lang='lat'>‘</span> <span class='ocrx_word' id='word_1_428' title='bbox 1293 1933 1375 1965; x_wconf 88' lang='lat' dir='ltr'>gens</span> <span class='ocrx_word' id='word_1_429' title='bbox 1399 1923 1561 1963; x_wconf 83' lang='lat' dir='ltr'>originem</span> <span class='ocrx_word' id='word_1_430' title='bbox 1587 1933 1607 1954; x_wconf 93' lang='lat' dir='ltr'>a</span> <span class='ocrx_word' id='word_1_431' title='bbox 1633 1924 1714 1955; x_wconf 89' lang='lat' dir='ltr'>locis</span> <span class='ocrx_word' id='word_1_432' title='bbox 1740 1924 1822 1964; x_wconf 90' lang='lat' dir='ltr'>[leg.</span> <span class='ocrx_word' id='word_1_433' title='bbox 1846 1928 1882 1955; x_wconf 91' lang='lat' dir='ltr'>ut</span> <span class='ocrx_word' id='word_1_434' title='bbox 1907 1934 1964 1965; x_wconf 87' lang='lat' dir='ltr'>ap.</span> 
     </span>
     <span class='ocr_line' id='line_1_84' title="bbox 1268 1974 1967 2015; baseline -0.001 -8"><span class='ocrx_word' id='word_1_435' title='bbox 1268 1976 1357 2008; x_wconf 84' lang='lat' dir='ltr'>Just.</span> <span class='ocrx_word' id='word_1_436' title='bbox 1372 1985 1391 2005; x_wconf 86' lang='lat' dir='ltr'>a</span> <span class='ocrx_word' id='word_1_437' title='bbox 1409 1974 1546 2014; x_wconf 87' lang='lat' dir='ltr'>Colchis]</span> <span class='ocrx_word' id='word_1_438' title='bbox 1568 1974 1684 2005; x_wconf 87' lang='lat' dir='ltr'>ducit:</span> <span class='ocrx_word' id='word_1_439' title='bbox 1719 1975 1788 2015; x_wconf 89' lang='lat' dir='ltr'>qui,</span> <span class='ocrx_word' id='word_1_440' title='bbox 1808 1974 1900 2006; x_wconf 88' lang='lat' dir='ltr'>missi</span> <span class='ocrx_word' id='word_1_441' title='bbox 1923 1974 1967 2006; x_wconf 86' lang='lat' dir='ltr'>ad</span> 
     </span>
     <span class='ocr_line' id='line_1_85' title="bbox 1270 2023 1966 2065; baseline 0 -9"><span class='ocrx_word' id='word_1_442' title='bbox 1270 2025 1482 2065; x_wconf 84' lang='lat' dir='ltr'>Argonautas</span> <span class='ocrx_word' id='word_1_443' title='bbox 1495 2023 1756 2065; x_wconf 88' lang='lat' dir='ltr'>persequendos,</span> <span class='ocrx_word' id='word_1_444' title='bbox 1769 2029 1807 2056; x_wconf 89' lang='lat' dir='ltr'>ut</span> <span class='ocrx_word' id='word_1_445' title='bbox 1820 2035 1839 2056; x_wconf 88' lang='lat' dir='ltr'>a</span> <span class='ocrx_word' id='word_1_446' title='bbox 1853 2024 1966 2056; x_wconf 91' lang='lat' dir='ltr'>Ponto</span> 
     </span>
     <span class='ocr_line' id='line_1_86' title="bbox 1272 2073 1970 2115; baseline -0.001 -8"><span class='ocrx_word' id='word_1_447' title='bbox 1272 2077 1483 2107; x_wconf 81' lang='lat' dir='ltr'>intraverunt</span> <span class='ocrx_word' id='word_1_448' title='bbox 1500 2074 1656 2105; x_wconf 88' lang='lat' dir='ltr'>Histrum</span> <span class='ocrx_word' id='word_1_449' title='bbox 1674 2073 1824 2115; x_wconf 86' lang='lat' dir='ltr'>fluvium,</span> <span class='ocrx_word' id='word_1_450' title='bbox 1840 2085 1859 2106; x_wconf 85' lang='lat' dir='ltr'>a</span> <span class='ocrx_word' id='word_1_451' title='bbox 1871 2084 1970 2107; x_wconf 90' lang='lat' dir='ltr'>voca-</span> 
     </span>
     <span class='ocr_line' id='line_1_87' title="bbox 1274 2125 1972 2166; baseline 0 -9"><span class='ocrx_word' id='word_1_452' title='bbox 1274 2127 1352 2158; x_wconf 90' lang='lat' dir='ltr'>bulo</span> <span class='ocrx_word' id='word_1_453' title='bbox 1369 2126 1486 2164; x_wconf 87' lang='lat' dir='ltr'>amnis,</span> <span class='ocrx_word' id='word_1_454' title='bbox 1509 2134 1574 2166; x_wconf 92' lang='lat' dir='ltr'>quo</span> <span class='ocrx_word' id='word_1_455' title='bbox 1597 2135 1616 2155; x_wconf 87' lang='lat' dir='ltr'>a</span> <span class='ocrx_word' id='word_1_456' title='bbox 1638 2125 1723 2156; x_wconf 90' lang='lat' dir='ltr'>mari</span> <span class='ocrx_word' id='word_1_457' title='bbox 1747 2130 1972 2166; x_wconf 84' lang='lat' dir='ltr'>recesserant,</span> 
     </span>
     <span class='ocr_line' id='line_1_88' title="bbox 1276 2174 1972 2217; baseline -0.001 -9"><span class='ocrx_word' id='word_1_458' title='bbox 1276 2176 1439 2217; x_wconf 85' lang='lat' dir='ltr'>appellati</span> <span class='ocrx_word' id='word_1_459' title='bbox 1455 2174 1558 2206; x_wconf 64' lang='lat' dir='ltr'>sunt!</span> <span class='ocrx_word' id='word_1_460' title='bbox 1588 2176 1677 2215; x_wconf 88' lang='lat' dir='ltr'>Ergo</span> <span class='ocrx_word' id='word_1_461' title='bbox 1693 2184 1757 2206; x_wconf 88' lang='lat' dir='ltr'>non</span> <span class='ocrx_word' id='word_1_462' title='bbox 1775 2175 1818 2206; x_wconf 89' lang='lat' dir='ltr'>ab</span> <span class='ocrx_word' id='word_1_463' title='bbox 1830 2175 1972 2207; x_wconf 81' lang='lat' dir='ltr'>Histriae</span> 
     </span>
     <span class='ocr_line' id='line_1_89' title="bbox 1278 2224 1974 2267; baseline 0 -10"><span class='ocrx_word' id='word_1_464' title='bbox 1278 2227 1388 2267; x_wconf 91' lang='lat' dir='ltr'>aliquo</span> <span class='ocrx_word' id='word_1_465' title='bbox 1405 2224 1518 2266; x_wconf 86' lang='lat' dir='ltr'>fluvio,</span> <span class='ocrx_word' id='word_1_466' title='bbox 1534 2224 1593 2255; x_wconf 88' lang='lat' dir='ltr'>sed</span> <span class='ocrx_word' id='word_1_467' title='bbox 1610 2225 1652 2256; x_wconf 91' lang='lat' dir='ltr'>ab</span> <span class='ocrx_word' id='word_1_468' title='bbox 1667 2225 1741 2266; x_wconf 92' lang='lat' dir='ltr'>ipso</span> <span class='ocrx_word' id='word_1_469' title='bbox 1764 2226 1923 2257; x_wconf 91' lang='lat' dir='ltr'>Danubio</span> <span class='ocrx_word' id='word_1_470' title='bbox 1939 2225 1974 2257; x_wconf 89' lang='lat' dir='ltr'>id</span> 
     </span>
     <span class='ocr_line' id='line_1_90' title="bbox 1278 2275 1976 2309; baseline -0.003 0"><span class='ocrx_word' id='word_1_471' title='bbox 1278 2277 1420 2309; x_wconf 90' lang='lat' dir='ltr'>nominis</span> <span class='ocrx_word' id='word_1_472' title='bbox 1443 2285 1502 2308; x_wconf 88' lang='lat' dir='ltr'>eos</span> <span class='ocrx_word' id='word_1_473' title='bbox 1528 2275 1729 2307; x_wconf 88' lang='lat' dir='ltr'>adsumsisse</span> <span class='ocrx_word' id='word_1_474' title='bbox 1746 2276 1853 2307; x_wconf 86' lang='lat' dir='ltr'>voluit</span> <span class='ocrx_word' id='word_1_475' title='bbox 1873 2276 1976 2308; x_wconf 86' lang='lat' dir='ltr'>Justi-</span> 
     </span>
     <span class='ocr_line' id='line_1_91' title="bbox 1279 2326 1976 2367; baseline -0.003 -8"><span class='ocrx_word' id='word_1_476' title='bbox 1279 2337 1352 2359; x_wconf 78' lang='grc' dir='ltr'><strong>ῐιιιε.</strong></span> <span class='ocrx_word' id='word_1_477' title='bbox 1397 2327 1494 2358; x_wconf 73' lang='lat' dir='ltr'>Istn&#39;a</span> <span class='ocrx_word' id='word_1_478' title='bbox 1517 2335 1618 2367; x_wconf 92' lang='lat' dir='ltr'>porro</span> <span class='ocrx_word' id='word_1_479' title='bbox 1644 2330 1678 2356; x_wconf 87' lang='lat' dir='ltr'>et</span> <span class='ocrx_word' id='word_1_480' title='bbox 1702 2326 1795 2365; x_wconf 74' lang='lat' dir='ltr'>Ister,</span> <span class='ocrx_word' id='word_1_481' title='bbox 1817 2326 1880 2357; x_wconf 90' lang='lat' dir='ltr'>etsi</span> <span class='ocrx_word' id='word_1_482' title='bbox 1903 2326 1976 2357; x_wconf 86' lang='lat' dir='ltr'>sine</span> 
     </span>
     <span class='ocr_line' id='line_1_92' title="bbox 1281 2376 1975 2419; baseline -0.003 -10"><span class='ocrx_word' id='word_1_483' title='bbox 1281 2378 1485 2419; x_wconf 82' lang='lat' dir='ltr'>aspiratione</span> <span class='ocrx_word' id='word_1_484' title='bbox 1522 2377 1721 2417; x_wconf 80' lang='lat' dir='ltr'>plerumque</span> <span class='ocrx_word' id='word_1_485' title='bbox 1759 2376 1898 2417; x_wconf 89' lang='lat' dir='ltr'>legitur,</span> <span class='ocrx_word' id='word_1_486' title='bbox 1933 2386 1975 2407; x_wconf 81' lang='lat' dir='ltr'>ex</span> 
     </span>
     <span class='ocr_line' id='line_1_93' title="bbox 1282 2426 1976 2470; baseline -0.006 -10"><span class='ocrx_word' id='word_1_487' title='bbox 1282 2428 1427 2470; x_wconf 89' lang='lat' dir='ltr'>antiquis</span> <span class='ocrx_word' id='word_1_488' title='bbox 1458 2433 1571 2459; x_wconf 85' lang='lat' dir='ltr'>tamen</span> <span class='ocrx_word' id='word_1_489' title='bbox 1598 2427 1727 2467; x_wconf 86' lang='lat' dir='ltr'>aliquot</span> <span class='ocrx_word' id='word_1_490' title='bbox 1755 2426 1904 2466; x_wconf 89' lang='lat' dir='ltr'>lapidum</span> <span class='ocrx_word' id='word_1_491' title='bbox 1930 2426 1976 2457; x_wconf 89' lang='lat' dir='ltr'>in-</span> 
     </span>
     <span class='ocr_line' id='line_1_94' title="bbox 1282 2475 1980 2519; baseline -0.003 -10"><span class='ocrx_word' id='word_1_492' title='bbox 1282 2477 1537 2519; x_wconf 77' lang='lat' dir='ltr'>scriptionibus,</span> <span class='ocrx_word' id='word_1_493' title='bbox 1553 2476 1702 2517; x_wconf 86' lang='lat' dir='ltr'>itemque</span> <span class='ocrx_word' id='word_1_494' title='bbox 1727 2475 1918 2508; x_wconf 87' lang='lat' dir='ltr'>Cassiodori</span> <span class='ocrx_word' id='word_1_495' title='bbox 1941 2477 1980 2508; x_wconf 85' lang='lat' dir='ltr'>li-</span> 
     </span>
     <span class='ocr_line' id='line_1_95' title="bbox 1284 2526 1982 2567; baseline -0.003 -7"><span class='ocrx_word' id='word_1_496' title='bbox 1284 2529 1345 2560; x_wconf 89' lang='lat' dir='ltr'>bro</span> <span class='ocrx_word' id='word_1_497' title='bbox 1367 2528 1410 2559; x_wconf 91' lang='lat' dir='ltr'>de</span> <span class='ocrx_word' id='word_1_498' title='bbox 1427 2526 1682 2567; x_wconf 83' lang='lat' dir='ltr'>orthographia</span> <span class='ocrx_word' id='word_1_499' title='bbox 1703 2530 1813 2567; x_wconf 84' lang='lat' dir='ltr'>patet,</span> <span class='ocrx_word' id='word_1_500' title='bbox 1837 2526 1982 2559; x_wconf 81' lang='lat' dir='ltr'>Veteres</span> 
     </span>
     <span class='ocr_line' id='line_1_96' title="bbox 1286 2575 1876 2619; baseline -0.003 -9"><span class='ocrx_word' id='word_1_501' title='bbox 1286 2577 1547 2619; x_wconf 84' lang='lat' dir='ltr'>adspirationem</span> <span class='ocrx_word' id='word_1_502' title='bbox 1563 2575 1792 2616; x_wconf 86' lang='lat' dir='ltr'>adscripsisse.</span> <span class='ocrx_word' id='word_1_503' title='bbox 1825 2576 1876 2608; x_wconf 86' lang='lat' dir='ltr'>Id.</span> 
     </span>
    </p>

    <p class='ocr_par' dir='ltr' id='par_1_12' title="bbox 1289 2626 1989 2920">
     <span class='ocr_line' id='line_1_97' title="bbox 1332 2626 1984 2668; baseline -0.003 -8"><span class='ocrx_word' id='word_1_504' title='bbox 1332 2630 1400 2666; x_wconf 87' lang='lat' dir='ltr'>Quo</span> <span class='ocrx_word' id='word_1_505' title='bbox 1422 2639 1441 2660; x_wconf 85' lang='lat' dir='ltr'>a</span> <span class='ocrx_word' id='word_1_506' title='bbox 1462 2628 1543 2659; x_wconf 80' lang='lat' dir='ltr'>muri</span> <span class='ocrx_word' id='word_1_507' title='bbox 1557 2626 1780 2667; x_wconf 79' lang='lat' dir='ltr'>concesserant]</span> <span class='ocrx_word' id='word_1_508' title='bbox 1808 2627 1884 2658; x_wconf 90' lang='lat' dir='ltr'>Non</span> <span class='ocrx_word' id='word_1_509' title='bbox 1909 2636 1984 2668; x_wconf 86' lang='lat' dir='ltr'>pos-</span> 
     </span>
     <span class='ocr_line' id='line_1_98' title="bbox 1289 2677 1984 2719; baseline -0.003 -8"><span class='ocrx_word' id='word_1_510' title='bbox 1289 2689 1362 2711; x_wconf 90' lang='lat' dir='ltr'>sum</span> <span class='ocrx_word' id='word_1_511' title='bbox 1379 2677 1572 2719; x_wconf 87' lang='lat' dir='ltr'>persuaderi</span> <span class='ocrx_word' id='word_1_512' title='bbox 1588 2678 1673 2708; x_wconf 89' lang='lat' dir='ltr'>hanc</span> <span class='ocrx_word' id='word_1_513' title='bbox 1696 2686 1770 2708; x_wconf 86' lang='lat' dir='ltr'>esse</span> <span class='ocrx_word' id='word_1_514' title='bbox 1786 2686 1900 2708; x_wconf 89' lang='lat' dir='ltr'>veram</span> <span class='ocrx_word' id='word_1_515' title='bbox 1916 2678 1984 2709; x_wconf 90' lang='lat' dir='ltr'>lec-</span> 
     </span>
     <span class='ocr_line' id='line_1_99' title="bbox 1290 2726 1986 2769; baseline -0.004 -8"><span class='ocrx_word' id='word_1_516' title='bbox 1290 2731 1415 2762; x_wconf 90' lang='lat' dir='ltr'>tionem</span> <span class='ocrx_word' id='word_1_517' title='bbox 1430 2740 1438 2760; x_wconf 89' lang='lat'>:</span> <span class='ocrx_word' id='word_1_518' title='bbox 1456 2737 1564 2769; x_wconf 85' lang='lat' dir='ltr'>neque</span> <span class='ocrx_word' id='word_1_519' title='bbox 1575 2728 1677 2767; x_wconf 89' lang='lat' dir='ltr'>illam,</span> <span class='ocrx_word' id='word_1_520' title='bbox 1689 2737 1788 2768; x_wconf 89' lang='lat' dir='ltr'>quam</span> <span class='ocrx_word' id='word_1_521' title='bbox 1801 2736 1843 2758; x_wconf 87' lang='lat' dir='ltr'>ex</span> <span class='ocrx_word' id='word_1_522' title='bbox 1855 2726 1986 2759; x_wconf 85' lang='lat' dir='ltr'>Isidoro</span> 
     </span>
     <span class='ocr_line' id='line_1_100' title="bbox 1291 2777 1987 2819; baseline -0.004 -8"><span class='ocrx_word' id='word_1_523' title='bbox 1291 2780 1467 2812; x_wconf 85' lang='lat' dir='ltr'>Cluverius</span> <span class='ocrx_word' id='word_1_524' title='bbox 1494 2778 1664 2819; x_wconf 87' lang='lat' dir='ltr'>exposuit.</span> <span class='ocrx_word' id='word_1_525' title='bbox 1718 2778 1875 2808; x_wconf 91' lang='lat' dir='ltr'>Solcmne</span> <span class='ocrx_word' id='word_1_526' title='bbox 1898 2777 1987 2808; x_wconf 89' lang='lat' dir='ltr'>enim</span> 
     </span>
     <span class='ocr_line' id='line_1_101' title="bbox 1291 2827 1989 2870; baseline -0.006 -8"><span class='ocrx_word' id='word_1_527' title='bbox 1291 2830 1434 2869; x_wconf 86' lang='lat' dir='ltr'>Isidoro,</span> <span class='ocrx_word' id='word_1_528' title='bbox 1449 2834 1499 2868; x_wconf 92' lang='lat' dir='ltr'>ut,</span> <span class='ocrx_word' id='word_1_529' title='bbox 1515 2827 1673 2870; x_wconf 86' lang='lat' dir='ltr'>quicquid</span> <span class='ocrx_word' id='word_1_530' title='bbox 1686 2837 1751 2858; x_wconf 91' lang='lat' dir='ltr'>non</span> <span class='ocrx_word' id='word_1_531' title='bbox 1769 2827 1989 2868; x_wconf 87' lang='lat' dir='ltr'>intelligeret,</span> 
     </span>
     <span class='ocr_line' id='line_1_102' title="bbox 1292 2877 1987 2920; baseline -0.006 -7"><span class='ocrx_word' id='word_1_532' title='bbox 1292 2885 1349 2913; x_wconf 90' lang='lat' dir='ltr'>aut</span> <span class='ocrx_word' id='word_1_533' title='bbox 1365 2880 1508 2920; x_wconf 87' lang='lat' dir='ltr'>deleret,</span> <span class='ocrx_word' id='word_1_534' title='bbox 1524 2885 1581 2910; x_wconf 83' lang='lat' dir='ltr'>aut</span> <span class='ocrx_word' id='word_1_535' title='bbox 1599 2886 1700 2919; x_wconf 89' lang='lat' dir='ltr'>prave</span> <span class='ocrx_word' id='word_1_536' title='bbox 1718 2877 1915 2918; x_wconf 84' lang='lat' dir='ltr'>corrigeret.</span> <span class='ocrx_word' id='word_1_537' title='bbox 1947 2877 1987 2909; x_wconf 91' lang='lat' dir='ltr'>In</span> 
     </span>
    </p>
   </div>
  </div>
 </body>
</html>
