2101 3419
393 333 479 374 932

392 427 445 457 his
459 426 506 456 nil
522 425 697 466 praeeedit.
745 425 884 456 Mallem
901 434 982 465 ergo
1003 425 1096 467 profi-

392 476 570 514 cisceretur,
600 481 635 506 et
666 474 707 506 ad
745 476 920 506 Brennum
953 474 1094 506 referre..

393 527 500 565 Schef.
536 526 615 558 Fuit
630 536 726 557 error
740 530 877 566 typogr.
915 525 1004 557 Nam
1021 535 1094 557 cor-

393 577 556 608 rectiores
572 576 650 607 edd.
668 586 735 607 non
752 576 860 607 solum
877 575 1095 615 vetustiores,

393 632 432 658 ut
446 627 542 659 Junt.
559 627 616 657 sed
645 631 681 657 et
704 626 922 663 recentiores,
947 629 983 656 nt
1000 626 1094 656 Else-

391 678 454 708 vir.
472 677 540 708 An.
553 679 646 708 1659.
662 676 806 718 aliaeque
822 675 1010 718 praeferunt
1022 685 1094 716 pro-

382 727 589 768 ficisceretur.
615 727 731 758 Graev.

436 778 453 818 ᾧ
470 779 488 807 3
529 777 721 816 Fugatisque
753 777 908 807 Getarum
940 775 1092 807 Triballo-

391 837 530 868 rumque,
547 828 617 868 ἔγω]
648 827 825 858 Simillima
851 825 1047 857 referuntur
1073 836 1092 856 a

392 877 520 908 Niceta
539 877 703 908 Choniate
721 877 781 907 sub
797 876 897 907 finem
919 876 977 907 lib.
1000 886 1025 907 1.
1050 875 1092 906 de

392 927 514 958 Alexio
531 926 673 967 Angelo,
700 927 860 966 Principe
888 925 1092 966 Byzantino,

393 978 451 1019 qui
466 978 593 1017 legatos
612 977 698 1017 Imp.
722 976 878 1016 Henrici,
902 985 1020 1016 pacem
1037 985 1092 1006 ve-

392 1027 502 1058 nalem
528 1025 722 1067 offerentes,
750 1026 979 1057 ostentatione
1007 1024 1093 1055 divi·

392 1078 515 1108 tiarum
533 1082 601 1108 tam
629 1086 695 1108 non
720 1077 853 1116 terruit,
867 1081 906 1106 ut
922 1075 1092 1114 dicerent,

392 1128 495 1158 ‘nihil
518 1128 592 1168 capi
621 1131 680 1158 aut
701 1126 790 1158 affici
807 1127 996 1158 Germanos
1020 1135 1091 1156 mu-

390 1178 554 1209 liebribus
581 1177 655 1208 istis
680 1177 889 1217 spectaculis
915 1180 973 1206 aut
996 1185 1092 1205 orna-

390 1229 536 1260 mentis:
562 1233 662 1270 atque
677 1228 842 1268 adeojam
856 1232 990 1266 tempus
1007 1234 1094 1265 esse,

390 1285 440 1320 ut,
466 1280 517 1310 his
543 1279 714 1320 sepositis,
741 1277 891 1309 Graeculi
919 1276 1009 1306 ferro
1036 1285 1092 1303 au-

390 1340 462 1361 rum
481 1332 741 1361 commutarent.
785 1328 886 1362 Nam,
900 1324 926 1354 si
942 1321 1030 1352 irriti
1047 1322 1092 1352 le-

391 1379 535 1420 gationis
552 1389 620 1410 suae
637 1377 801 1414 redirent,
818 1371 1034 1414 pugnandum
1051 1371 1090 1402 iis

390 1440 466 1462 cum
484 1430 562 1459 viris
585 1435 673 1466 esse,
689 1426 745 1467 qui
770 1434 850 1465 non,
867 1428 903 1454 nt
921 1427 1028 1463 prata,
1048 1422 1091 1452 la-

389 1480 482 1521 pillis
508 1478 655 1516 niteant,
676 1484 785 1517 neque
808 1473 958 1505 vestibus
985 1472 1092 1503 varie-

390 1529 489 1571 gatis,
521 1534 560 1560 ut
597 1537 760 1568 pavones,
788 1525 996 1566 glorientur;
1031 1523 1092 1554 sed

389 1582 446 1623 qui
464 1581 535 1612 veri
552 1580 674 1611 Martis
692 1578 817 1610 alumni
837 1576 989 1608 flammas
1006 1575 1093 1607 nito-

390 1642 530 1674 remque
554 1642 597 1663 ex
624 1630 885 1671 oculisjaciant‚
900 1633 935 1660 et
950 1637 1091 1669 quorum

388 1684 492 1715 sudor
508 1682 696 1724 splendidis
714 1681 820 1721 guttis
836 1679 988 1711 defluens
1006 1678 1092 1710 refe-

391 1739 444 1765 rat
458 1732 680 1774 margaritas!
704 1733 802 1763 Rern.

434 1785 547 1814 Castra
558 1781 803 1823 specularentur]
827 1781 878 1811 De
894 1779 1092 1820 speculatri-

391 1834 485 1865 cibus
501 1834 563 1864 hoc
587 1842 690 1874 genus
712 1830 954 1872 legationibus,
971 1831 1003 1861 in
1021 1830 1093 1870 ejus

392 1883 583 1923 argumenti
618 1882 705 1913 libro
732 1892 808 1921 cap.
833 1884 885 1912 41.
909 1882 988 1912 Car.
1012 1881 1095 1912 Pas-

391 1934 519 1964 ehalius
545 1937 580 1964 et
604 1933 672 1964 alii.
717 1932 794 1962 Vid.
814 1932 914 1963 Diod.
934 1940 1027 1962 xxti.
1042 1934 1093 1962 11.

392 1983 492 2014 Idem.

435 2034 451 2072 ξ
466 2036 483 2062 5
510 2032 633 2063 Prceclae
648 2031 789 2062 ubertate
804 2029 967 2070 solicitam]
1000 2030 1092 2061 Hinc

391 2083 554 2113 dicuntur
579 2081 795 2112 ‘avidissima
812 2081 966 2121 rapiendi
991 2080 1092 2120 gens'

393 2133 487 2163 Livio
517 2141 680 2163 xxxvm.
697 2134 750 2163 27.
768 2134 799 2162 2.
823 2132 832 2148 ‘
850 2130 985 2161 Nemini
1010 2129 1092 2160 satis

392 2183 504 2223 mites,
521 2183 553 2213 ni
576 2182 719 2213 subinde
744 2190 837 2221 auro,
853 2181 950 2221 cujus
969 2180 1090 2211 avidis-

391 2234 475 2264 sima
491 2243 572 2273 gens
596 2238 660 2271 est,
687 2232 878 2272 principum
896 2231 997 2262 animi
1016 2240 1093 2262 con-

391 2284 550 2315 cilientur
565 2283 583 2313 :'
607 2283 660 2314 Id.
680 2292 760 2314 xxi.
778 2286 830 2314 20.
846 2286 875 2313 8.
899 2282 1005 2319 Bong.

436 2335 453 2374 ξ
477 2337 496 2364 ὓ
535 2332 724 2372 Inusitatas]
763 2332 872 2363 Scrib.
903 2331 1091 2362 invisitatas.

392 2385 541 2416 Gronov.
586 2385 695 2416 Gron.
711 2383 880 2425 quomodo
896 2393 971 2423 sup.
989 2383 1037 2414 ita
1057 2386 1093 2414 et

390 2436 444 2466 hic
461 2435 598 2476 legend.
615 2439 731 2465 censet
746 2434 837 2464 iavis.
854 2433 970 2464 Vorst.
987 2433 1093 2465 Gron.

390 2487 482 2518 ineis.
499 2492 537 2517 ut
553 2494 661 2516 xvnl.
682 2488 711 2516 1.
737 2484 844 2523 Sches.

436 2538 453 2577 ξ
470 2540 490 2567 8
524 2537 605 2576 Opes
618 2535 740 2575 pariter
762 2538 792 2565 et
808 2533 1030 2574 negligentiam
1045 2543 1093 2565 re-

389 2586 456 2626 gis]
479 2586 556 2617 Hoc
574 2585 694 2616 vocab.
707 2585 792 2624 regis
805 2584 910 2616 babeo
928 2594 988 2625 pro
1005 2584 1093 2624 glos-

391 2640 532 2667 semate.
580 2635 667 2666 Nam
690 2645 765 2675 qnae
793 2638 988 2676 sequuntur,
1013 2634 1093 2664 ‘ha-

392 2685 537 2726 bereut,'
560 2686 569 2702 ‘
591 2685 671 2724 eos‚'
693 2686 701 2700 ‘
718 2684 952 2724 abnn‹larcnt‚’
980 2688 1092 2714 osten-

393 2739 489 2778 dunt,
511 2737 683 2769 Justinum
708 2746 774 2767 non
800 2742 869 2768 tam
898 2746 1012 2777 regem
1037 2736 1092 2767 ha-

395 2789 504 2819 buisse
530 2787 562 2818 in
586 2787 708 2826 animo,
724 2797 798 2818 cnm
826 2787 891 2818 ista
915 2786 1093 2826 scriberet,

394 2848 492 2879 quain
506 2838 539 2868 in
557 2838 748 2868 universum
765 2838 890 2867 hostes.
915 2836 1020 2874 Sches.

441 2889 616 2929 Ope3,83·c.]
652 2888 812 2919 Vincent.
846 2897 892 2919 vr.
920 2890 970 2919 22.
994 2889 1002 2905 ‘
1022 2888 1091 2927 Op.

853 342 993 371 NO'I'AE
1031 341 1290 373 VARIORUM
1328 341 1377 371 IN

1145 434 1217 465 reg.
1234 428 1268 456 et
1284 434 1361 465 neg.
1375 423 1557 455 nuntiant:

1189 476 1275 506 CAP.
1291 484 1331 506 11.
1357 475 1410 515 §4
1451 472 1566 504 Omnia
1594 471 1749 510 vacantia,
1771 471 1844 512 ζα]

1146 526 1244 558 Quod
1262 525 1307 556 id.
1322 526 1399 556 olim
1413 524 1468 556 iid.
1479 523 1596 555 fecere
1610 526 1712 563 capta
1725 523 1844 554 Roma.

1144 576 1218 607 Liv.
1236 586 1269 607 v.
1285 578 1339 607 41.
1357 579 1386 607 6.
1410 575 1500 606 Flor.
1516 584 1541 605 1.
1560 576 1610 605 13.
1627 576 1678 606 19.
1720 573 1822 605 Bern.

1201 627 1218 667 ξ
1240 629 1260 656 6
1301 627 1543 657 Convertuntur.
1588 623 1653 664 Ibi]
1685 623 1844 655 Vincent.

1142 676 1152 693 ‘
1167 680 1397 707 revertuntur.
1428 675 1519 708 Ubi.'
1565 675 1634 708 Qui
1666 684 1728 716 pro
1758 678 1767 691 ‘
1782 672 1842 706 eo'

1143 727 1246 757 habet
1269 727 1278 744 ‘
1294 726 1375 758 illo.’

1188 778 1267 813 Quoe
1281 786 1315 808 eo
1331 786 1399 808 cum
1414 776 1492 815 σοφῇ.
1506 778 1538 807 et
1552 775 1604 807 lib.
1625 774 1844 815 confugerant]

1144 827 1183 858 F.
1198 827 1249 867 qui
1262 837 1307 858 eo.
1325 826 1474 864 Gronov.
1510 825 1634 857 Nescio
1649 834 1757 857 annon
1770 833 1844 856 rec-

1144 877 1210 908 tius
1226 876 1268 907 sit
1283 875 1480 915 confugerat.
1502 874 1617 907 Sclief.

1186 929 1203 968 ᾗ
1232 931 1251 958 7
1292 927 1406 968 Opinio
1434 927 1524 966 hujus
1551 926 1703 966 victorioe]
1738 926 1785 958 H.
1811 935 1842 958 e.

1143 979 1350 1010 existimatio
1374 987 1415 1009 ex
1442 978 1585 1009 victoria
1610 981 1718 1018 parta.
1763 976 1843 1008 Tac.

1145 1028 1189 1060 G.
1207 1031 1257 1059 13.
1279 1028 1288 1045 ‘
1303 1028 1465 1060 Germani
1488 1028 1564 1068 ipsa
1580 1028 1778 1069 plerumque
1795 1026 1845 1058 fa-

1143 1088 1197 1109 ma
1224 1079 1314 1110 bella
1340 1077 1543 1119 profligant.’
1591 1078 1713 1117 veget.
1737 1075 1844 1108 Praef.

1143 1138 1199 1160 111.
1221 1129 1230 1145 ‘
1251 1129 1360 1160 Nemo
1387 1135 1589 1166 provocare,
1612 1136 1711 1157 nemo
1738 1125 1844 1157 audet

1143 1177 1326 1215 offendere,
1343 1186 1442 1216 quem
1457 1176 1617 1217 intelligit
1633 1176 1843 1217 superiorem

1143 1238 1215 1260 esse
1232 1227 1482 1267 pugnaturum!
1511 1228 1609 1260 Ber-n.

1185 1277 1202 1317 ᾧ
1221 1280 1240 1308 8
1263 1277 1372 1308 Asiam
1390 1277 1526 1317 omnem]
1548 1278 1627 1309 Vid.
1644 1278 1756 1310 Strab.
1773 1287 1842 1310 x11.

1143 1327 1327 1359 Oraculnm
1341 1327 1384 1357 de
1397 1337 1510 1358 eorum
1523 1328 1555 1358 in
1569 1327 1684 1359 Asiam
1698 1328 1845 1360 transitu

1142 1382 1254 1409 exstat
1270 1378 1304 1408 in
1320 1377 1424 1410 Paus.
1442 1378 1608 1410 Phocicis.
1631 1379 1737 1419 Bong.

1185 1428 1202 1468 ξ
1222 1431 1260 1458 10
1287 1428 1491 1467 Majestatem
1507 1437 1594 1458 suam
1615 1428 1730 1468 tutam]
1755 1427 1846 1461 Quid

1142 1478 1169 1508 si
1186 1476 1312 1509 tutari?
1346 1482 1382 1508 et
1407 1478 1455 1509 ita
1480 1477 1616 1519 quidam
1638 1478 1718 1509 olim
1744 1478 1843 1520 impr.

1141 1529 1296 1568 Bongars.
1355 1529 1506 1559 Praestat
1532 1538 1608 1560 cum
1639 1529 1844 1570 Bongarsio,

1141 1580 1237 1613 Junt.
1252 1584 1288 1611 et
1300 1579 1373 1610 aliis
1385 1580 1485 1620 impr.
1496 1579 1609 1619 legere
1622 1579 1734 1611 tutari.
1757 1580 1843 1610 Mox

1141 1630 1259 1660 melius
1271 1629 1353 1661 Mss.
1366 1630 1468 1660 vocati
1478 1638 1538 1669 pro
1550 1628 1699 1659 invocati:
1722 1633 1758 1660 et
1767 1638 1843 1669 cap.

1141 1690 1210 1721 seq.
1243 1680 1265 1712 J
1270 1685 1340 1711 unt.
1371 1680 1478 1710 amissi
1513 1679 1605 1718 regni
1635 1680 1843 1719 speculaturus

1141 1734 1292 1770 eventum,
1320 1740 1381 1770 pro
1398 1733 1532 1761 eventus.
1557 1729 1671 1761 Graev.
1718 1730 1842 1760 Emen—

1143 1781 1237 1813 davit
1266 1782 1375 1820 Bong.
1404 1780 1525 1811 tutari:
1560 1789 1611 1811 res
1638 1780 1739 1820 plana
1766 1778 1844 1818 fuit,

1143 1832 1208 1863 imo
1224 1836 1260 1862 et
1278 1831 1448 1872 proclivis.
1473 1830 1583 1862 Faber.
1628 1830 1724 1862 Junt.
1738 1829 1843 1860 habet

1142 1882 1251 1913 tutari.
1298 1882 1344 1912 Et
1360 1881 1518 1921 congruit
1533 1880 1565 1910 id
1583 1880 1690 1921 magis
1706 1879 1737 1911 ei
1753 1879 1841 1921 qnod

1143 1933 1309 1972 sequitur,
1323 1933 1332 1948 ‘
1345 1940 1453 1972 neque
1464 1930 1618 1961 amissam
1629 1928 1845 1971 reciperarc.'

1148 1980 1250 2013 ls'orst.

1186 2033 1256 2071 §11
1284 2032 1324 2062 In
1347 2031 1502 2062 auxilium
1528 2040 1548 2061 α
1573 2030 1750 2070 Bithynice,
1774 2029 1843 2070 mn]

1143 2081 1266 2112 Strabo
1280 2081 1396 2112 Gallos
1413 2080 1532 2111 scribit
1547 2079 1772 2111 Attalicorum
1791 2089 1843 2110 re-

1142 2141 1219 2171 gum
1233 2135 1340 2162 terras
1354 2130 1411 2161 diu
1426 2130 1624 2170 populasse:
1650 2130 1785 2161 tandem
1799 2129 1842 2161 ab

1142 2181 1182 2211 iis
1197 2180 1392 2221 Bithyniam
1407 2179 1606 2219 obtinuisse,
1623 2189 1698 2221 quae
1711 2184 1746 2211 et
1762 2179 1844 2211 Gal·

1141 2231 1311 2271 lograecia.
1349 2231 1505 2269 Bongars.
1559 2230 1707 2261 Invocare
1735 2230 1843 2261 solnm

1142 2289 1195 2315 est
1223 2283 1325 2314 etiam
1354 2292 1429 2323 pro,
1457 2282 1489 2312 in
1521 2282 1681 2312 auxilinm
1707 2291 1842 2313 vocare.

1141 2335 1224 2365 Tac.
1242 2343 1293 2364 1v.
1312 2333 1356 2364 H.
1373 2335 1425 2363 73.
1451 2333 1459 2349 ‘
1476 2332 1623 2372 Ingressi
1645 2336 1724 2363 sunt
1739 2331 1842 2364 duces

1142 2384 1430 2425 imperatoresque
1444 2382 1586 2413 Romani
1603 2383 1695 2413 nulla
1711 2381 1843 2423 cupidi-

1142 2438 1228 2474 tate,
1244 2433 1301 2464 sed
1317 2432 1500 2473 majoribus
1516 2431 1637 2462 vestris
1653 2432 1841 2463 invocanti-

1141 2483 1226 2515 bus.’
1270 2484 1316 2514 Et
1331 2485 1383 2514 79.
1406 2482 1415 2499 ⁴
1433 2481 1533 2513 Unde
1548 2486 1660 2513 metus
1685 2486 1722 2513 et
1734 2482 1840 2523 justae

1143 2543 1263 2574 preces
1281 2532 1533 2564 invocantium.’
1579 2531 1645 2563 Sed
1671 2532 1772 2573 plena
1797 2532 1843 2562 lo-

1143 2585 1235 2616 cutio
1255 2588 1310 2616 est
1335 2594 1433 2625 quam
1449 2585 1577 2615 Noster
1593 2584 1695 2615 habet
1718 2587 1727 2600 ‘
1743 2583 1842 2614 invo-

1143 2645 1223 2667 care
1240 2635 1272 2665 in
1291 2634 1476 2666 auxilium!
1522 2635 1608 2665 Sunt
1621 2634 1724 2665 etiam
1740 2634 1841 2665 codd.

1143 2686 1226 2716 Mss.
1244 2685 1300 2726 qui
1325 2685 1468 2725 simplex
1493 2684 1592 2715 vocati
1616 2684 1669 2715 liic
1692 2683 1840 2715 liabent:

1143 2740 1180 2766 ut
1196 2735 1230 2765 in
1246 2735 1287 2766 V.
1305 2734 1343 2765 L.
1368 2734 1497 2765 notavit
1520 2735 1630 2775 Bong.
1674 2732 1774 2766 Quod
1792 2738 1841 2764 ta-

1143 2795 1220 2817 men
1236 2795 1297 2816 cur
1312 2784 1410 2816 alteri
1430 2783 1633 2825 praeferend.
1649 2782 1706 2823 sit,
1719 2787 1758 2814 ut
1771 2783 1842 2814 vult

1144 2835 1310 2870 Graevius,
1345 2844 1405 2865 nos
1429 2834 1565 2875 quidem
1587 2843 1651 2865 non
1675 2833 1843 2864 videmus.

1150 2887 1251 2918 Vorst.
1298 2885 1418 2916 Mallet
1429 2885 1491 2916 hoc
1505 2885 1621 2917 Graev.
1636 2884 1716 2926 quia
1728 2884 1842 2916 melio-
