2101 3419
335 393 341 401 “
387 394 474 437 986

392 502 537 541 quenter
552 498 640 540 lavo,
652 507 727 540 quae
741 497 944 540 significatio
959 508 1025 531 nou
1038 503 1093 532 est

393 550 505 581 aliena
521 550 564 581 ab
579 550 612 581 h.
630 551 653 581 l.
677 550 783 589 Schef.

434 601 452 641 ξ
469 603 488 631 8
511 601 658 632 Primum
675 602 815 643 Xerxes]
836 601 944 644 Atqui
956 603 1091 634 Xerxes

391 660 563 692 nunquam
592 651 718 683 bellum
742 652 848 683 movit
867 652 1015 691 Judaeis,
1038 657 1093 684 ut-

391 705 474 741 pote
505 701 563 742 qui
591 710 611 732 a
641 701 745 743 Cyro,
773 702 883 743 primo
910 703 1092 734 Persarum

392 761 485 793 rege,
516 752 656 784 Persico
686 752 828 793 imperio
857 763 993 794 semper
1018 752 1093 784 fue-

392 808 469 834 rant
499 803 672 844 subjecti:
710 809 758 844 et,
786 805 859 845 plus
890 809 964 837 150.
998 806 1092 837 annis

392 859 471 885 ante
488 855 652 894 Xerxem,
679 855 915 887 Chaldaeorum
942 866 1003 887 rex
1023 857 1093 888 Na-

390 904 652 936 buchodonosor
671 911 724 936 ter
741 905 919 937 domuerat
940 906 1092 945 Jndaeos,

390 958 426 985 et
449 955 483 984 in
508 954 706 985 servitutem
732 955 926 996 redegerat.
957 957 1090 987 Bernec.

391 1005 472 1045 Leg.
491 1014 567 1036 cum
580 1005 602 1038 J
607 1010 677 1036 unt.
694 1005 824 1036 Primus
838 1015 895 1037 rex
910 1006 1090 1037 Persarum.

391 1054 510 1086 Graev.

433 1105 561 1136 Primus
580 1106 706 1136 Xerxes
727 1115 786 1137 rex
811 1106 850 1137 P.
865 1107 901 1136 J.
921 1106 969 1146 d.]
1014 1106 1091 1138 Hoc

390 1155 514 1187 falsum
544 1164 586 1186 ex
613 1156 759 1196 ipsamet
786 1156 927 1187 historia
953 1156 1091 1188 Judaeo-

390 1217 465 1237 rum
495 1207 560 1247 (ita
588 1210 701 1237 tamen
732 1206 765 1236 in
796 1206 892 1238 Junt.
923 1206 1008 1244 est):
1047 1207 1090 1238 al.

389 1257 534 1288 Primum
548 1279 637 1288 .....
662 1256 752 1297 quod
768 1266 833 1287 non
851 1256 959 1287 minus
976 1267 994 1287 a
1012 1267 1091 1288 vero

390 1312 559 1338 remotum
596 1310 661 1347 est,
697 1316 796 1347 quam
824 1306 907 1337 illud
935 1307 1090 1338 alterum.

389 1357 505 1389 Faber.

434 1407 574 1447 Diuque,
583 1406 653 1447 δῖα]
691 1405 874 1438 Africanus
891 1417 945 1448 ap.
962 1407 1090 1447 Georg.

389 1457 539 1498 Syncell.
567 1457 733 1497 Chronog.
761 1467 794 1497 p.
823 1459 898 1488 276.
936 1456 1012 1487 Ἀπὸ
1036 1458 1092 1488 τοῦ

389 1506 588 1547 Ἀλεξάνδρου
602 1508 658 1537 τοῦ
679 1506 808 1537 κτίστου
827 1506 944 1547 χρόνων
965 1507 1092 1539 ὑποδύν-

388 1570 442 1589 τες
465 1558 603 1588 Ἰουδαῖοι
627 1559 669 1599 τῇ
694 1556 876 1588 Μακεδόνων
890 1557 985 1598 ἀρχῇ,
1014 1558 1091 1589 ποτὲ

389 1608 446 1648 μὲν
461 1607 676 1649 Πτολεμαίοις,
698 1606 774 1638 ποτὲ
789 1607 821 1639 δὲ
843 1607 1012 1647 Ἀντιόχοις
1027 1607 1091 1639 ἐτέ-

388 1666 465 1691 λουν
482 1660 637 1701 ὑπᾶφοροι.

433 1713 449 1753 ξ
467 1715 487 1742 9
509 1712 660 1743 Amicitia
678 1712 885 1743 Romanorum
897 1711 1013 1753 petita]
1031 1711 1092 1744 Jo-

391 1764 486 1803 seph.
514 1762 633 1804 Autiq.
661 1771 730 1793 xu.
755 1765 807 1793 17.
833 1762 942 1793 refert
965 1763 1088 1794 Judam

389 1812 605 1854 Pontificem,
618 1818 795 1854 postquam
812 1813 1003 1854 accepisset
1016 1823 1091 1853 par-

843 405 987 437 NO‘rAE
1024 406 1287 438 VARIORUM
1318 407 1371 438 IN

1145 504 1198 532 tas
1220 511 1240 532 a
1261 501 1420 533 Romanis
1444 501 1487 534 de
1512 501 1649 543 regibus
1673 502 1845 542 victorias,

1144 553 1278 593 legatos
1294 553 1434 584 Romam
1447 552 1490 584 ad
1503 553 1684 585 amicitiam
1698 553 1845 586 societa-

1145 607 1283 645 temque
1309 603 1519 644 jungendam
1546 603 1700 643 misisse3
1742 605 1846 636 Sena-

1146 658 1284 696 tumque
1301 654 1435 686 dedisse
1450 655 1539 696 quod
1556 654 1735 695 petebant.
1759 655 1846 687 Pos-

1144 707 1199 735 tea
1215 704 1330 745 etiam,
1346 705 1388 735 ad
1404 704 1631 736 renovandam
1655 714 1732 737 cum
1746 705 1844 737 Rom.

1143 754 1338 794 amicitiam,
1361 765 1380 786 a
1396 755 1520 796 populo
1541 754 1702 795 Judaico,
1721 759 1758 787 et
1773 764 1845 786 rur-

1145 815 1218 836 sum
1235 805 1278 836 ab
1294 805 1446 838 Hir-cano
1468 805 1650 846 Pontifice,
1672 809 1751 846 post
1772 805 1845 837 An-

1146 856 1250 888 tiochi
1275 856 1364 897 regis
1388 856 1528 896 obitum,
1551 856 1680 897 legatos
1701 856 1844 887 Romam

1145 906 1266 938 missos
1296 906 1427 945 scribit,
1455 906 1595 947 ipsaque
1620 906 1846 937 Senatuscon-

1147 956 1238 987 sulta
1254 956 1296 987 de
1315 956 1497 996 postulatis
1514 965 1630 986 eorum
1649 954 1742 986 facta
1758 954 1845 986 reci-

1147 1010 1200 1037 tat
1226 1005 1273 1037 id.
1298 1005 1431 1037 Auctor
1455 1015 1537 1037 xm.
1562 1009 1614 1037 17.
1636 1011 1672 1037 et
1687 1014 1765 1037 xlv.
1790 1008 1843 1037 16.

1146 1056 1246 1087 Bern.

1189 1108 1278 1139 CAP.
1294 1116 1347 1139 xv.
1364 1109 1380 1148 ξ
1399 1111 1415 1139 1
1442 1109 1486 1138 Et
1501 1107 1540 1138 ab
1560 1109 1696 1140 Eumene
1713 1108 1843 1149 patruo]

1146 1155 1218 1188 Aut
1240 1157 1278 1187 ab
1302 1157 1440 1187 Eumene
1463 1161 1566 1197 patre,
1591 1162 1649 1188 aut
1670 1157 1708 1188 ab
1733 1159 1844 1188 Attalo

1143 1210 1255 1247 patruo
1280 1207 1488 1247 legendum:
1535 1206 1637 1248 idque
1661 1217 1703 1238 ex
1729 1207 1845 1239 Strab-

1148 1267 1201 1297 ap.
1218 1267 1316 1298 quem
1332 1257 1389 1288 lib.
1407 1265 1491 1288 x111.
1510 1256 1703 1288 Attalorum
1723 1267 1844 1298 proge-

1147 1308 1219 1338 nies
1249 1308 1298 1338 ita
1327 1307 1442 1338 habet.
1499 1307 1707 1339 Philetaerus
1735 1308 1844 1348 spado

1147 1358 1340 1398 Lysimachi
1356 1362 1506 1398 quaestor
1520 1360 1552 1389 2.
1572 1357 1692 1389 habuit
1707 1358 1847 1398 fratres,

1147 1410 1329 1440 Eumenem
1347 1413 1427 1439 natu
1444 1409 1619 1449 majorem,
1639 1412 1675 1439 et
1690 1408 1846 1440 Attalum

1145 1465 1227 1491 natu
1257 1460 1432 1490 minorem.
1480 1460 1533 1490 Ex
1564 1459 1715 1490 Eumene
1744 1463 1844 1490 natus

1145 1511 1328 1550 Eumenes,
1341 1518 1383 1540 ex
1399 1508 1519 1540 Attalo
1536 1508 1690 1548 Attalus;
1712 1508 1769 1550 qui
1781 1508 1845 1540 At-

1146 1562 1235 1592 talus
1251 1560 1340 1591 filius
1356 1559 1522 1592 4.11abuit
1533 1559 1632 1598 filios,
1646 1560 1843 1600 Eumenem,

1145 1611 1313 1650 Attalum,
1328 1610 1563 1649 Philetaerum,
1574 1619 1612 1640 ac
1623 1609 1843 1641 Athenaeum:

1145 1671 1188 1693 ex
1205 1660 1315 1702 primo
1337 1659 1405 1690 filio
1424 1660 1576 1690 Eumene
1597 1658 1665 1690 fuit
1689 1659 1743 1690 hic
1766 1659 1846 1690 ulti·

1145 1721 1219 1742 mus
1246 1710 1396 1750 Attalus,
1420 1710 1463 1740 de
1487 1719 1553 1750 quo
1573 1709 1606 1740 h.
1628 1710 1649 1740 l.
1675 1710 1845 1742 Justinus.

1144 1761 1212 1793 Sed
1230 1771 1271 1792 ea
1287 1760 1398 1792 onmia
1420 1760 1453 1791 in
1478 1764 1598 1801 typum
1620 1760 1682 1792 sub
1704 1770 1770 1792 uno
1793 1769 1844 1792 as-

1144 1816 1246 1853 pectu
1260 1811 1308 1842 sic
1325 1820 1451 1852 ponere
1463 1810 1601 1852 placuit.

889 1876 971 1907 Tres
985 1874 1109 1907 fratres
1124 1875 1240 1907 Strab.
1257 1883 1339 1905 xm.

390 1918 420 1949 Ι.
443 1918 650 1951 Philetaerus

476 1961 594 2002 spado.

715 1919 896 1958 Eumenes,
917 1918 976 1959 qui
996 1928 1052 1959 ge-

746 1962 820 1991 nuit
836 1962 1032 1992 Eumenem.

689 2006 1069 2042 Γ-’Ᾰῇ---κ

688 2045 737 2076 11.
763 2046 941 2076 Eumenes.

754 2087 820 2118 Hic
837 2087 995 2127 Pergami
1009 2097 1080 2118 suc·

752 2129 939 2160 cessionem
951 2129 1088 2167 habuit3

753 2171 959 2202 Antiochum
990 2173 1089 2202 Sote-

751 2223 821 2244 rem
847 2214 936 2255 apud
964 2214 1088 2244 Sardes

752 2257 847 2295 vicit,
890 2256 977 2288 obiit
1012 2266 1088 2287 cnm

753 2304 932 2340 regnasset
993 2299 1089 2330 annis

750 2344 804 2373 22.

689 2412 1070 2432 ῐῇ-ή-ᾷ

659 2438 729 2469 111.
754 2438 936 2469 Eumenes.

752 2522 821 2553 Hic
844 2526 966 2554 contra
982 2523 1079 2564 Mag-

752 2575 831 2596 num
879 2566 1083 2597 Antiochum

752 2613 789 2639 et
825 2608 954 2639 Persea
986 2618 1083 2649 reges

1147 1918 1298 1956 Attalus,
1322 1917 1379 1958 qui
1404 1927 1461 1958 ge-

1186 1961 1261 1991 nuit
1277 1960 1445 1991 Attalum.

1163 2005 1841 2042 r-—dQ———ff

1156 2045 1206 2077 11.
1230 2044 1366 2076 Attalus
1389 2053 1460 2075 rex.
1505 2045 1573 2075 Hic
1592 2045 1735 2077 Galatas
1752 2047 1846 2085 vicit,

1230 2096 1270 2118 ac
1308 2087 1459 2117 secundo
1496 2086 1586 2117 bello
1622 2088 1754 2119 Punico
1784 2098 1844 2128 pro

1233 2128 1395 2159 Romanis
1416 2133 1534 2159 contra
1556 2128 1751 2170 Philippum
1769 2131 1843 2161 Ma-

1235 2171 1403 2202 cedonum
1420 2180 1537 2210 regem
1557 2171 1709 2203 bellavit.
1756 2173 1844 2213 Reg-

1234 2213 1329 2244 navit
1355 2213 1449 2243 annis
1475 2217 1528 2244 43.
1574 2214 1642 2244 Hic
1667 2217 1698 2246 4.
1726 2215 1844 2247 habuit

1233 2255 1334 2294 filios,
1357 2265 1497 2296 quorum
1522 2256 1650 2297 primus
1672 2257 1842 2290 Eumenes

1234 2299 1266 2329 ei
1281 2299 1457 2330 successit.

1415 2394 1832 2423 Je———,

1622 2438 1768 2470 Phileta*
1775 2448 1843 2479 rus,

1644 2480 1843 2513 Amenaeus.

1627 2523 1674 2554 Hi
1691 2523 1759 2572 duo
1774 2525 1843 2573 pri-

1629 2570 1700 2596 vati
1749 2576 1844 2598 lee-

1129 2437 1200 2469 111.
1224 2437 1372 2468 Attalus.

1225 2522 1293 2553 Hic
1312 2525 1406 2553 tutor
1422 2521 1517 2561 parvi
1535 2531 1584 2553 re-

1227 2565 1298 2596 licti
1324 2564 1432 2596 Attali
1456 2567 1510 2595 31.
1529 2574 1585 2595 an-

1228 2609 1278 2638 nis
1335 2607 1582 2638 administravit
1626 2612 1718 2648 runt,
1755 2608 1844 2641 sicut

752 2660 814 2691 pro
828 2652 986 2682 Romanis
1002 2661 1084 2692 pug-
1229 2659 1382 2690 regnum,
1407 2650 1581 2690 multaque
1625 2655 1662 2681 et
1672 2650 1780 2682 frater
1790 2660 1844 2683 eo-

752 2694 880 2725 navit:
929 2694 1086 2733 regnavit
1228 2693 1295 2723 alia
1332 2692 1435 2732 gessit
1463 2697 1583 2722 contra
1626 2702 1699 2724 rum
1745 2693 1843 2724 Atta-

753 2737 849 2766 annis
878 2739 932 2767 49.
959 2737 1081 2768 relicto
1225 2735 1438 2766 Demetrium
1450 2734 1582 2775 Sotera,
1625 2735 1689 2774 lus,
1705 2735 1842 2768 vivente

755 2788 860 2819 regno
895 2779 1014 2810 Attalo
1042 2778 1081 2809 fi·
1223 2777 1568 2817 Pseudophilippum,
1619 2778 1804 2810 Eumene.-

751 2821 808 2851 lio.
1226 2830 1266 2851 ac
1279 2820 1448 2850 Prusiam.

687 2882 722 2901 r-
854 2865 1281 2887 —A—-—·
1713 2881 1838 2902 -ῆ

667 2907 729 2939 lV.
754 2905 891 2937 Attalus
909 2907 1056 2938 ultimus.
1101 2906 1181 2944 Hic,
1209 2906 1420 2936 Philometor
1445 2904 1568 2943 dictus,
1593 2914 1668 2936 cum
1691 2909 1721 2938 5.
1747 2907 1842 2937 annis

753 2953 942 2989 regnasset,
969 2953 1120 2981 mortuus
1148 2954 1212 2990 est,
1241 2953 1277 2980 et
1304 2948 1466 2990 populum
1493 2947 1684 2980 Romanum
1703 2949 1842 2991 reliquit

756 2990 939 3023 haeredem.
985 2992 1074 3024 Glar.
