2101 3419
354 352 486 410 '1004

370 472 428 510 τὴν
443 472 578 512 ἀδελφὴν
594 473 610 503 ὁ
624 472 784 508 βασιλεύς.

414 523 596 563 Arsacides]
635 524 741 554 Error
771 522 970 564 pudendus;
1002 524 1068 564 leg.

369 575 513 605 Arsaces.
561 574 618 604 Ita
648 573 728 604 alibi
755 574 921 614 Justinns,
951 578 986 605 et
1015 583 1070 605 res

369 624 544 655 notissima
559 628 624 655 est.
661 623 763 655 Unde
779 632 856 655 xm.
872 627 903 654 5.
941 623 1069 664 ‘Cujus

838 379 977 409 NOTAE

369 674 541 704 memoriae
568 674 657 704 hunc
680 673 839 705 honorem
866 674 986 705 Parthi
1011 675 1069 705 tri-

369 723 531 762 buerunt,
547 727 586 754 ut
601 732 718 753 omnes
735 723 859 754 exinde
876 733 973 764 reges
990 734 1067 755 suos

369 773 508 804 Arsacis
525 774 659 804 nomine
675 774 898 814 nuncnpent.'
922 775 1034 806 Faber.

411 824 525 855 Parth.
541 834 566 855 r.
583 834 624 855 m.
642 827 671 855 et
688 834 716 855 r.
732 834 762 854 α.
780 824 838 864 m.]
863 825 1004 855 Uncinis
1020 825 1068 855 in-

369 874 476 905 cludit
494 874 556 906 Ed.
572 875 683 915 Bong.

412 925 512 956 Misso
534 925 567 956 in
640 936 658 956 r
668 925 804 966 cuniam]
826 934 958 957 xxxw.
979 928 1011 957 l.
1033 929 1065 957 6.

367 975 491 1006 Similis
517 976 776 1016 magnanimitas
801 975 992 1007 Alexandri
1014 985 1065 1009 XI.

368 1027 401 1056 9.
420 1028 472 1056 15.
507 1025 606 1056 Bern-

412 1077 429 1116 ξ
451 1078 471 1106 4
505 1076 621 1115 Vitam,
641 1074 707 1115 ige]
729 1076 820 1106 Saxo
847 1084 910 1106 xv.
939 1084 970 1115 p.
990 1077 1065 1106 368.

367 1128 421 1156 28.
458 1126 466 1142 ‘
480 1126 702 1156 Fioniensinm
718 1125 946 1166 Jutorumque
962 1126 1066 1156 comi-

369 1180 476 1206 tatum
493 1175 679 1215 pertaesus.'
704 1175 756 1207 Id.
773 1185 853 1207 XIv.
872 1185 904 1215 p.
921 1178 997 1208 270.
1009 1178 1063 1207 49.

371 1225 379 1241 ⁴
393 1226 521 1265 Fugam
535 1225 729 1256 meditans.’

409 1279 425 1317 ξ
442 1281 461 1307 5
480 1277 712 1317 Gallimander]
731 1277 797 1309 Hic
811 1277 964 1318 Josepho
981 1281 1064 1308 Καλ-

365 1327 526 1367 λίμανδρος
547 1327 682 1359 dicitur.
710 1327 846 1359 Gronov.
885 1328 1061 1360 Scribend.

369 1377 494 1409 Gallim.
517 1377 600 1408 Fab.

410 1426 561 1467 Ducibus]
582 1427 636 1458 Sc.
652 1428 716 1458 viae
734 1437 760 1458 S.
784 1427 913 1460 itineris
930 1430 1061 1468 ὁδηγοῖς.

365 1477 416 1506 Ea
447 1485 529 1507 voce
559 1476 760 1517 simpliciter
788 1479 895 1510 utitur
928 1489 1061 1522 quoque

366 1527 439 1557 Liv.
456 1535 549 1557 xxn.
568 1530 619 1558 13.
637 1530 667 1558 6.
689 1532 724 1559 et
744 1528 842 1560 Suet.
860 1530 945 1562 Caes.
961 1534 1014 1562 31.
1029 1534 1061 1562 3.

366 1576 585 1607 Recentiores
603 1578 716 1608 Graeci
744 1588 806 1618 pro
827 1580 949 1619 ὁδηγεῖν
969 1581 1061 1612 dixe-

364 1632 443 1657 runt
459 1626 627 1667 διασώζειν,
643 1633 678 1659 et
694 1628 797 1660 duces
818 1631 880 1663 viae
897 1637 1061 1663 vocarunt

363 1676 546 1716 διασῶστας,
565 1679 647 1709 item
669 1677 862 1712 ἀνασώστας.
909 1683 1061 1713 Utuntur

363 1732 398 1757 ct
415 1727 447 1757 in
461 1727 618 1758 Latinum
631 1734 789 1769 corrupta
801 1740 882 1762 voce
896 1731 1059 1772 δουκάτωρ.

363 1777 490 1809 Meurs.
505 1778 653 1810 Glossar.
669 1780 886 1812 Graecobarb.
909 1783 1010 1814 Rern.

403 1830 420 1869 ξ
436 1832 456 1859 6
471 1830 648 1870 Arsacidoe]
666 1831 815 1871 Legend.
828 1835 952 1865 Arsaci.
977 1835 1059 1867 Fab.

405 1880 423 1919 ξ
446 1882 464 1909 7
489 1880 663 1911 Proemium
675 1881 772 1922 fidei]
803 1883 920 1914 Simile
947 1894 1059 1915 exem-

361 1930 452 1969 plum
466 1930 507 1961 de
525 1931 728 1962 Mithridate
743 1937 779 1963 et
795 1933 908 1964 Attilii
926 1935 1057 1966 libertis

360 1978 464 2009 habet
493 1978 640 2019 Appian.
667 1981 823 2013 Mithrid.
848 1985 922 2014 233.
949 1994 999 2024 pr.
1023 1989 1059 2016 et

360 2028 459 2068 plura
474 2028 507 2058 in
524 2030 608 2059 lianc
625 2038 694 2060 rem
712 2031 880 2063 Gruterus
897 2033 987 2065 Diss.
1003 2037 1056 2066 48.

360 2077 402 2107 ad
418 2078 499 2108 Tac.
534 2078 632 2109 Bern.

406 2128 423 2167 ξ
440 2129 459 2157 S
483 2127 746 2168 Deprehemlitur]
771 2128 902 2163 Acidal.
915 2131 957 2162 ad
970 2132 1057 2164 Vell.

360 2187 400 2208 11.
427 2180 500 2208 130.
528 2181 558 2208 8.
588 2183 701 2209 monet
728 2179 780 2210 hic
810 2180 945 2220 legend.
971 2191 1054 2222 repr.

359 2229 448 2270 quod
472 2229 644 2270 proprium
668 2229 710 2260 de
732 2229 884 2270 fugiente
902 2232 1053 2265 verbum.

358 2280 413 2310 Ita
425 2280 521 2310 Cnrt.
547 2289 598 2310 ιν.
625 2282 676 2311 14.
694 2283 725 2310 3.
762 2281 771 2296 ‘
785 2281 992 2322 Reprehensi
1011 2292 1053 2313 ex

358 2329 438 2369 fuga
454 2329 594 2369 Persae,’
610 2330 643 2360 h.
660 2339 690 2361 e.
714 2331 867 2363 retracti.
905 2332 977 2362 Liv.
995 2333 1054 2363 ali-

356 2380 509 2420 quoties:
535 2385 571 2410 ut
594 2389 635 2411 11.
660 2383 710 2411 10.
736 2382 767 2410 3.
796 2390 923 2413 xxxiv.
948 2386 1000 2413 14.
1022 2386 1052 2414 6.

355 2432 420 2460 &c.
437 2430 532 2460 Suet.
546 2430 654 2469 Calig.
668 2433 720 2460 45.
735 2434 766 2460 5.
790 2431 886 2463 Idem.
923 2433 1052 2473 Recepi

355 2490 399 2510 ex
416 2481 497 2511 Mss.
515 2485 549 2511 et
572 2480 669 2512 Jnnt.
690 2490 772 2520 repr.
806 2482 983 2514 Quomodo
1007 2484 1053 2514 le-

354 2529 820 2570 gend.divinaveratAcidal.
855 2532 949 2564 Cnrt.
969 2535 1053 2565 ‘Re-

355 2581 512 2620 prehensi
543 2590 585 2611 ex
614 2579 696 2620 fuga
726 2581 867 2614 Persae.'
917 2584 1049 2616 Phaedr.

353 2634 361 2647 ‘
377 2631 536 2671 Elapsum
552 2631 657 2661 semel
675 2631 752 2661 Non
775 2631 846 2672 ipse
870 2633 977 2673 possit
992 2634 1052 2666 Ju-

355 2682 446 2721 piter
478 2680 753 2721 reprehendere!
789 2683 896 2714 Groev.
944 2684 1051 2715 Recte

354 2731 434 2761 Grae
441 2741 469 2760 v.
481 2741 560 2770 repr.
584 2732 643 2762 Est
656 2731 742 2761 enim
756 2732 925 2772 proprium
936 2743 1050 2764 eorum

356 2790 439 2820 quos
455 2782 540 2812 certi
555 2781 704 2812 homines
720 2782 883 2812 reducunt
899 2792 941 2813 ex
959 2782 1051 2823 fuga.

353 2829 394 2859 Id
409 2830 522 2869 etiam,
537 2831 723 2870 retrahere,
737 2831 903 2863 dicebant.
925 2833 1049 2864 Salust.

353 2882 361 2897 ‘
379 2879 486 2911 Quem
513 2887 609 2921 pater
632 2889 673 2911 ex
696 2880 776 2920 fuga
792 2882 998 2922 retractum,’
1015 2883 1048 2913 in

355 2932 453 2963 Catil.
476 2937 511 2963 et
533 2933 671 2964 Terent.
709 2934 718 2951 ‘
734 2934 912 2966 Retraham
935 2935 1047 2966 hercle

1011 378 1233 410 VARIORU
1244 380 1276 410 M
1311 381 1363 411 1N

1119 473 1300 515 fugitivum
1313 475 1512 516 argentum.²
1538 474 1606 507 Sed
1619 478 1655 507 et
1666 474 1713 507 ita
1723 475 1814 508 Just.

1121 534 1287 557 xxxvnl.
1301 529 1416 557 10.11.
1445 525 1518 557 ‘Ad
1531 535 1628 567 quem
1643 526 1816 557 retrahen-

1120 575 1199 606 dum
1223 585 1298 606 cum
1324 580 1448 607 turmas
1474 577 1626 617 equitum
1649 574 1814 606 festinato

1119 626 1285 665 misisset‚'
1301 628 1364 658 ἃς.
1402 626 1492 659 Quin
1517 630 1553 656 et
1575 626 1636 657 hoc
1660 625 1719 656 lib.
1735 634 1812 665 cap.

1119 679 1149 707 9.
1181 680 1211 708 6.
1255 678 1264 693 ‘
1282 677 1353 708 Per
1375 676 1633 717 compendio-sos
1660 675 1814 706 tramites

1118 730 1321 767 occupatum
1348 725 1515 758 retrahit.’
1548 724 1656 756 Faber.
1701 725 1812 765 Bong.

1118 780 1154 807 et
1180 777 1236 807 alii
1259 776 1441 808 ediderunt
1461 777 1546 816 depr.
1591 774 1660 806 Sed
1675 774 1811 815 legend.

1118 825 1190 856 sine
1202 826 1302 857 dubio
1314 836 1396 866 repr.
1429 825 1439 842 ‘
1453 823 1731 865 Reprehendere'
1748 828 1814 864 est,

1118 886 1232 907 rursus
1256 877 1483 917 prehendere:
1508 885 1583 916 quae
1607 873 1810 915 significatio

1116 927 1259 958 maxime
1283 936 1416 968 quoque
1433 926 1568 967 propria
1584 930 1647 957 est.
1682 924 1761 956 Vid.
1774 928 1811 956 et

1116 977 1189 1008 Lib.
1205 977 1248 1008 de
1263 977 1402 1008 Latinit.
1419 977 1456 1007 F.
1469 977 1568 1016 Susp.
1585 985 1619 1016 p.
1637 977 1708 1006 180.
1736 974 1808 1006 Vor.

1159 1027 1175 1067 ξ
1191 1029 1211 1057 9
1229 1026 1411 1066 Civitatem]
1427 1027 1475 1058 Ut
1486 1027 1578 1063 alibi,
1591 1025 1810 1067 provinciam,

1116 1085 1222 1116 remp.
1245 1077 1254 1093 ‘
1268 1075 1469 1107 Civitatem'
1485 1080 1586 1107 vocat
1599 1080 1703 1107 totam
1718 1075 1809 1116 Hyr-

1114 1125 1258 1164 caniam,
1273 1135 1339 1156 non
1354 1127 1499 1167 aliquam
1515 1126 1643 1157 urbem.
1665 1125 1744 1157 Fab.

1161 1175 1244 1205 Talis
1257 1176 1359 1206 aureis
1373 1177 1412 1206 ad
1427 1176 1691 1216 exprobrationem
1702 1176 1808 1216 pueri-

1113 1224 1152 1254 lis
1164 1225 1309 1264 levitatis,
1321 1226 1386 1265 guz]
1408 1225 1554 1256 Puerilis
1566 1226 1653 1256 enim
1664 1226 1807 1257 talorum

1113 1274 1210 1305 ludus
1233 1279 1299 1306 est.
1343 1275 1433 1306 Hinc
1459 1275 1539 1306 illud
1565 1276 1730 1316 Lysandri
1751 1286 1797 1317 ap

1113 1324 1204 1355 Plut.
1222 1324 1355 1366 Apoph.
1371 1328 1423 1357 94.
1446 1326 1455 1342 ‘
1470 1325 1599 1356 Pueros
1616 1326 1807 1366 talis,viroa

1105 1375 1326 1415 jurejurando
1341 1375 1450 1416 decipi
1467 1375 1615 1407 debere.’
1652 1376 1707 1406 De
1723 1376 1807 1407 talo-

1112 1435 1184 1456 rum
1205 1431 1476 1467 tesserarumque
1496 1427 1592 1467 jactu
1618 1427 1718 1467 plura
1778 1427 1805 1457 l-

1111 1477 1194 1516 legit
1223 1476 1332 1508 Hadr.
1355 1477 1478 1509 Junius
1506 1476 1686 1509 Animadv.
1710 1485 1749 1508 ιι.
1769 1479 1803 1510 4.

1112 1528 1210 1558 Rern.

1154 1578 1171 1617 ᾧ
1195 1580 1234 1608 10
1260 1577 1338 1608 Tam
1359 1577 1464 1608 mitem
1483 1577 1517 1608 in
1539 1577 1736 1609 Demetrium
1747 1579 1806 1609 cle-

1110 1627 1272 1667 mentiam]
1302 1627 1409 1658 Valde
1437 1632 1563 1668 metuo,
1589 1638 1631 1659 ne
1656 1629 1690 1659 in
1719 1628 1803 1660 vitio

1111 1678 1214 1708 cubet
1236 1678 1288 1709 hic
1304 1678 1325 1708 l.
1362 1678 1496 1719 Ecquid
1521 1678 1611 1709 enim
1634 1678 1719 1710 mitis
1742 1679 1803 1710 cle-

1110 1727 1245 1760 mentia?
1268 1728 1323 1760 cui
1347 1727 1407 1758 fini
1431 1728 1493 1758 hoc
1519 1728 1692 1768 epitheton
1718 1728 1802 1769 adji-

1109 1780 1215 1810 citur?
1230 1788 1307 1809 num
1324 1788 1399 1819 quae
1416 1787 1482 1808 non
1498 1778 1587 1809 mitis
1603 1778 1802 1810 clementia?

1109 1830 1199 1869 Ergo
1223 1830 1321 1869 plane
1345 1828 1499 1868 suspicor
1521 1828 1611 1860 Just.
1626 1828 1803 1869 scripsisse

1107 1882 1171 1910 tam
1187 1879 1306 1910 miram.
1329 1878 1441 1909 Schef.

1153 1929 1226 1959 Non
1250 1928 1461 1959 misericordia
1483 1928 1598 1968 gentis,
1623 1927 1692 1969 &c.]
1715 1928 1801 1960 Eod.

1108 1972 1267 2019 respectu
1303 1977 1470 2008 ‘Arminii
1496 1978 1621 2018 conjux
1650 1983 1687 2009 et
1712 1977 1800 2009 filius

1107 2038 1171 2058 non
1202 2028 1370 2059 hostiliter
1404 2027 1526 2058 habiti’
1567 2038 1587 2058 a
1616 2028 1796 2060 Romanis:

1105 2079 1186 2109 Tac.
1213 2087 1238 2108 1.
1267 2081 1317 2108 10.
1365 2077 1420 2108 Sic
1447 2077 1701 2108 ‘Maroboduus
1730 2078 1798 2109 Ra-

1106 2138 1223 2159 vennae
1247 2128 1393 2166 habitus,
1416 2127 1442 2158 si
1465 2127 1598 2168 quando
1617 2127 1797 2159 insolesce-

1104 2184 1182 2210 rent
1193 2179 1306 2218 Suevi,
1321 2179 1411 2219 quasi
1425 2178 1594 2209 rediturus
1610 2178 1643 2208 in
1657 2187 1796 2219 regnum

1103 2227 1360 2260 ostentabatur)
1384 2227 1438 2258 Id.
1456 2237 1480 2258 1.
1496 2230 1548 2258 36.
1570 2228 1669 2258 Bern-

1149 2279 1242 2318 Resp.
1265 2278 1371 2318 cogru]
1403 2277 1490 2307 Saxo
1507 2286 1582 2308 xiv.
1599 2287 1632 2318 p.
1649 2280 1723 2309 280.
1742 2280 1792 2309 14.

1103 2329 1112 2345 ‘
1125 2328 1193 2359 Sub
1209 2333 1364 2368 respectu
1380 2327 1529 2366 cognat.'

1143 2379 1297 2408 Adversus
1323 2377 1508 2408 Antiochum
1538 2376 1693 2417 fratrem]
1727 2377 1796 2410 Qui

1102 2427 1236 2458 Sidetes
1255 2428 1364 2458 dictus
1382 2431 1446 2458 est.
1492 2427 1573 2468 Ejus
1594 2428 1628 2458 in
1649 2427 1795 2459 Parthos

1102 2477 1327 2518 expeditionis
1342 2477 1494 2508 meminit
1515 2477 1601 2508 Livii
1617 2477 1710 2518 Epit.
1723 2486 1796 2509 mx.

1102 2532 1137 2559 et
1153 2528 1294 2558 Orosius
1310 2537 1343 2559 v.
1361 2530 1411 2558 10.
1432 2532 1467 2558 et
1484 2526 1631 2567 Appian.
1649 2527 1723 2568 Syr.
1738 2527 1795 2568 qni

1101 2577 1305 2608 Antiochum
1336 2577 1461 2608 victum
1491 2576 1554 2607 sibi
1583 2576 1649 2617 ipsi
1677 2586 1794 2608 manns

1100 2629 1256 2660 attulisse
1272 2627 1383 2659 refert.
1406 2628 1509 2666 Bong.

1143 2679 1228 2710 CAP.
1246 2687 1281 2709 x.
1306 2679 1323 2718 ξ
1337 2681 1356 2709 2
1379 2677 1530 2708 LXXX.
1544 2677 1645 2709 millia
1658 2681 1793 2710 armato-

1100 2729 1185 2768 rum]
1220 2728 1317 2759 Oros.
1344 2737 1377 2759 v.
1406 2730 1455 2759 10.
1490 2727 1656 2759 ‘Centum
1686 2729 1793 2760 millia

1099 2784 1316 2818 armatorum,
1343 2778 1491 2809 ducenta
1515 2778 1618 2809 millia
1647 2780 1792 2820 amplius

1099 2831 1252 2860 calonum
1265 2833 1365 2870 atque
1376 2828 1530 2867 llxarum,
1542 2828 1693 2860 immixta
1702 2839 1791 2861 scor-

1099 2881 1141 2911 tis
1166 2885 1201 2911 et
1227 2879 1467 2910 histrionibus!
1495 2879 1593 2911 Idem.
1636 2879 1715 2911 Tac.
1742 2879 1789 2911 H.

1098 2940 1152 2963 ιιι.
1168 2934 1220 2962 33.
1248 2934 1275 2961 1.
1312 2930 1563 2972 ‘Quadraginta
1585 2935 1787 2962 armatorum
