2174 3424
467 365 551 407 618

513 471 531 510 ξ
554 472 574 500 6
601 468 798 509 Temporibus
824 468 1025 509 antiquiores]
1064 467 1167 509 Angl.

469 519 658 560 temporibus
671 519 816 560 antiquis.
840 519 926 552 Quae
940 524 992 550 est
1004 523 1167 559 praestan-

469 570 599 601 tissima
615 575 651 601 et
669 569 819 600 historiae
842 568 1167 600 convenientissima.

471 621 562 651 Nam
573 619 653 650 alias
663 621 833 650 Vexorem
842 620 932 650 Nino
944 619 1168 659 antiquiorem

472 669 589 705 fuisse,
605 669 738 701 falsum.
783 669 862 700 Vid.
881 670 1022 709 Rupert.
1043 668 1085 699 ad
1105 669 1167 698 Be-

472 720 558 750 soldi
574 720 717 760 Synops.
742 718 846 757 Schef.
888 719 1030 749 Minime
1047 717 1169 749 sollici-

472 769 578 799 tanda
609 775 661 799 est
693 769 793 799 lectio
826 769 974 807 vulgata.
1021 768 1108 798 Nam
1141 767 1169 798 si

471 819 658 858 temporibus
673 818 807 858 antiquis
822 818 1014 857 recipimus,
1034 826 1170 857 perver-

471 879 509 899 sa
526 874 576 899 est
589 869 802 899 ratiocinatio
814 868 952 900 Justini.
978 867 1066 899 Quid
1079 867 1169 897 enim

472 919 535 948 hoc
550 918 590 948 ad
606 918 784 958 ren1‚quod
800 917 948 956 antiquis
962 915 1169 956 temporibus

474 973 551 1008 post
575 968 701 999 Ninum
725 966 853 997 fuerint
878 966 1042 996 Sesostris
1059 970 1095 996 et
1109 966 1171 996 Ta-

473 1027 569 1056 naus,
588 1018 642 1058 qui
663 1017 844 1058 longinqua
861 1016 951 1047 bella
970 1017 1169 1056 gesserunt?

476 1067 564 1098 Haec
599 1076 678 1098 vero
709 1071 763 1097 est
794 1066 1044 1106 argumentatio
1074 1065 1170 1106 ejus:

474 1118 638 1148 Sesostris
652 1122 686 1148 et
698 1118 834 1147 Tanaus
849 1115 989 1147 fuerunt
1005 1116 1172 1157 antiquio-

475 1176 529 1198 res
545 1167 679 1208 quidem
695 1167 798 1205 Nino,
821 1172 857 1197 et
882 1167 971 1197 bella
993 1170 1172 1206 gesserunt

475 1223 555 1249 ante
567 1219 704 1259 Ninum,
717 1217 775 1248 sed
790 1216 982 1257 longinqua,
993 1226 1059 1246 non
1071 1215 1172 1246 finiti-

476 1278 542 1307 ma,
555 1272 592 1298 ut
606 1268 727 1299 Ninus.
751 1267 886 1298 Erravit
899 1265 1033 1307 quidem
1045 1265 1171 1298 Justin.

475 1319 511 1350 in
529 1319 659 1350 ratione
676 1318 852 1359 temporis,
867 1318 925 1348 sed
943 1318 976 1348 in
998 1317 1172 1358 AEgyptio-

476 1379 550 1399 rum
577 1379 692 1410 regum
714 1369 921 1409 temporibus
938 1368 1173 1408 computandis

477 1419 562 1450 alios
579 1423 632 1450 est
648 1423 783 1449 secutus
799 1422 967 1456 auctores,
980 1427 1077 1458 quam
1094 1418 1173 1448 Cte-

477 1471 572 1510 siam,
596 1470 690 1509 cujus
714 1469 872 1510 probavit
899 1469 1087 1499 Historiam
1111 1467 1174 1499 As-

477 1521 602 1560 syriam
627 1519 851 1559 falsissimam,
871 1528 968 1560 aeque
993 1523 1032 1549 ut
1055 1519 1173 1550 ceteri.

479 1570 589 1601 Groev.

535 1620 680 1660 Vexoris]
713 1619 901 1658 Turnebus,
932 1618 1022 1660 quod
1051 1618 1174 1649 nullam

479 1679 619 1711 usquam
649 1670 747 1710 hujus
772 1670 862 1710 regis
888 1670 1093 1700 mentionem
1119 1678 1176 1700 ex-

478 1725 570 1751 stare
583 1720 728 1760 videret,
742 1730 884 1761 quaeque
900 1721 953 1751 hic
971 1720 1178 1760 scribuntur,

482 1770 677 1801 Herodotus
693 1770 749 1801 lib.
766 1780 807 1801 ιι.
831 1770 840 1787 ‘
854 1770 1018 1801 Sesostri’
1035 1771 1179 1811 tribuat,

481 1820 633 1860 ejusdem
652 1830 771 1851 nomen
786 1830 917 1861 quoque
932 1820 986 1850 hic
1011 1829 1178 1860 reponen-

481 1871 562 1901 dum
585 1874 722 1901 censet:
748 1869 952 1910 praesertim,
968 1869 1088 1909 inquit,
1102 1879 1178 1900 cum

483 1926 580 1952 vetus
597 1920 768 1961 scriptura
788 1920 834 1950 sit
856 1919 1018 1958 Suexores,
1038 1929 1113 1960 quae
1137 1919 1179 1950 ad

483 1972 653 2003 Sesostrem
670 1970 809 2010 propius
825 1969 978 2007 accedit3
996 1978 1072 2008 ego,
1085 1972 1122 1999 ut
1137 1968 1180 1999 de

485 2021 553 2052 suis
577 2019 730 2061 quibusd.
754 2023 867 2049 monet
891 2019 1108 2058 Bongarsius,
1131 2028 1181 2049 re-

484 2071 581 2113 perio
612 2071 645 2100 in
675 2070 758 2100 meis
784 2078 917 2110 quoque
943 2069 1026 2099 Mss.
1054 2069 1181 2108 partim

490 2123 626 2162 Viwres,
638 2121 760 2162 partim
774 2120 803 2150 V
803 2128 911 2150 ezores.
924 2118 1019 2149 Mod.
1057 2119 1182 2148 Turne-

485 2172 562 2210 bus,
573 2171 623 2201 vir
635 2179 787 2210 magnus,
800 2174 835 2200 et
851 2169 955 2199 veluti
971 2168 1029 2198 Sol
1045 2167 1181 2209 quidam

486 2221 698 2261 Philologiae,
726 2220 785 2251 lib.
812 2228 855 2250 11.
894 2218 1041 2249 Advers.
1069 2227 1098 2249 c.
1130 2221 1180 2249 15.

486 2271 575 2314 quod
592 2271 715 2302 nullam
732 2279 869 2311 usquam
884 2269 952 2308 huj.
976 2268 1065 2308 regis
1089 2277 1182 2298 men-

488 2323 615 2354 tionem
643 2325 761 2352 extare
787 2320 934 2359 videret,
959 2327 1101 2359 quaeque
1127 2318 1182 2348 hic

487 2371 694 2410 scribuntur,
718 2369 913 2401 Herodotus
939 2369 998 2400 lib.
1025 2378 1064 2400 1r.
1101 2368 1182 2399 ‘Se-

488 2420 606 2452 sostri'
635 2420 775 2460 tribuat,
799 2418 952 2459 ejusdem
980 2427 1101 2449 nomen
1127 2417 1182 2448 hic

489 2479 623 2512 quoque
635 2469 866 2510 reponendum
882 2472 1019 2499 censet:
1037 2473 1072 2498 et
1087 2466 1185 2498 fecis-

490 2530 573 2559 sem,
588 2519 652 2550 nisi
677 2519 751 2559 ipse
776 2518 855 2549 mihi
878 2519 990 2558 legem
1015 2517 1185 2557 dixissem,

490 2570 538 2601 nil
555 2569 680 2610 absque
697 2569 780 2600 Mss.
797 2568 903 2599 Codd.
927 2569 1111 2599 autoritate
1134 2571 1185 2598 te-

490 2632 584 2654 mere
599 2621 763 2653 mutandi.
800 2620 943 2651 variant
957 2624 1071 2650 autem
1086 2619 1133 2650 illi
1148 2624 1186 2650 ut

492 2674 691 2714 plerumque
721 2671 755 2701 in
791 2671 937 2712 propriis
973 2670 1184 2701 nominibus:

498 2723 635 2762 Vtzores,
676 2721 815 2761 Vezeres,
856 2721 1002 2760 Vexores,
1045 2719 1187 2759 Vexoa-is,

494 2773 651 2812 Suexosis‚
676 2771 765 2813 quod
789 2775 996 2812 postremum
1019 2770 1060 2801 ad
1084 2770 1186 2800 Sesos-

493 2827 573 2854 trem
584 2822 721 2862 propius
732 2821 877 2852 accedit.
898 2821 980 2851 Tac.
992 2829 1030 2851 11.
1042 2818 1084 2850 A.
1094 2822 1146 2850 60.
1158 2823 1187 2849 5.

495 2872 630 2903 videtur
653 2873 662 2888 ‘
678 2870 863 2902 Rhamsen'
891 2870 1078 2910 appellare.
1111 2870 1188 2900 Ber-

495 2934 560 2956 nec.
593 2923 634 2955 In
658 2922 740 2954 Mss.
758 2921 914 2964 quibusd.
931 2921 1058 2962 legitur
1074 2921 1190 2953 Βαρκα-

924 374 1064 405 NOTAE
1097 373 1359 404 VARIORUM
1393 372 1444 404 IN

1213 468 1273 500 sis.-
1287 477 1348 509 pro
1360 477 1425 509 quo
1439 466 1495 498 alii
1508 466 1668 507 Sesostris,
1679 468 1718 497 ut
1731 467 1766 497 et
1777 463 1909 497 Herod.

1214 518 1273 549 lib.
1288 527 1329 548 11.
1368 517 1486 548 Malim
1512 517 1663 548 scribere
1686 516 1833 554 Sesoosis,
1854 515 1909 546 vel

1215 567 1442 609 Sesosis‚quod
1455 567 1590 608 propius
1601 566 1744 598 accedit.
1759 564 1911 598 Σεσόωσις

1215 628 1295 649 sane
1312 629 1331 648 a
1347 617 1453 648 Diod.
1470 617 1591 657 passim
1607 616 1798 656 appellatur
1830 615 1839 631 ‘
1852 615 1912 645 Se-

1215 668 1358 699 sostris!
1389 667 1457 699 Sed
1481 671 1516 698 et
1540 667 1613 698 aliis
1640 666 1839 707 quibusdam
1861 666 1909 696 sic

1216 717 1349 748 dicitur.
1406 716 1586 747 Nonnullis
1616 721 1652 746 et
1688 713 1912 753 ‘Sesonchis,'

1215 768 1270 797 vel
1304 765 1566 797 ‘Sesonchosis.'
1608 765 1688 796 vid.
1711 765 1842 796 Scholia
1868 764 1912 795 ad

1215 816 1275 846 lib.
1293 825 1342 846 lv.
1365 815 1480 855 Apoll.
1506 815 1616 846 Rhod.
1644 815 1805 847 Quisnam
1831 823 1912 845 vero

1218 865 1273 905 sit,
1290 875 1388 906 quem
1401 865 1455 896 hic
1469 865 1623 897 Justinus
1644 866 1653 881 ‘
1666 864 1832 895 Tanaum'
1854 874 1911 895 vo-

1218 920 1286 954 cat,
1310 914 1476 946 affirmare
1502 924 1569 946 non
1594 924 1741 955 possum.
1783 914 1912 945 Herod.

1218 966 1381 1005 Melpom.
1405 965 1547 1005 primum
1571 965 1772 1005 Scytharum
1799 973 1914 1004 regem

1218 1014 1303 1046 facit
1336 1014 1572 1055 ‘Targitauml
1616 1015 1684 1047 Qui
1709 1014 1799 1045 forte
1824 1014 1914 1045 idem

1219 1070 1285 1096 est.
1318 1065 1403 1096 Voss.
1452 1065 1546 1095 Libri
1580 1065 1703 1095 Vezores
1731 1065 1915 1104 AEgyptius.

1218 1115 1394 1154 Sesostris,
1410 1114 1466 1155 qui
1482 1119 1517 1145 et
1532 1115 1674 1153 Sesosis,
1686 1118 1721 1145 et
1737 1114 1916 1145 Ramesses

1220 1169 1255 1196 et
1271 1165 1449 1205 AEgyptus,
1463 1164 1597 1195 Armais
1619 1165 1689 1194 sive
1712 1164 1824 1194 Danai
1849 1163 1916 1194 fra-

1221 1220 1287 1254 ter,
1305 1215 1360 1256 qui
1374 1214 1434 1245 filii
1447 1214 1665 1254 Amenophis,
1679 1214 1812 1245 Graecis
1826 1213 1917 1253 Beli,

1221 1267 1289 1307 ejus
1305 1267 1422 1307 ipsius,
1433 1267 1488 1307 qui
1499 1267 1662 1297 Israelitis
1675 1265 1918 1297 excedentibus

1223 1317 1368 1358 AEgypto
1399 1317 1433 1347 in
1463 1317 1578 1347 Rubro
1608 1316 1697 1347 Mari
1726 1315 1917 1346 submersus

1222 1372 1285 1398 est.
1309 1367 1466 1398 Usserius
1483 1371 1585 1397 aetate
1598 1367 1648 1397 M.
1663 1370 1782 1407 quarta
1796 1376 1830 1406 p.
1844 1367 1918 1397 304.

1221 1427 1255 1448 n.
1272 1420 1366 1448 2510.
1391 1417 1527 1447 Gronov.
1560 1417 1656 1448 Junt.
1674 1416 1728 1447 ed.
1746 1415 1917 1446 Sesostres:

1222 1467 1287 1507 leg.
1330 1466 1497 1497 Sesostris:
1534 1471 1572 1497 ut
1601 1470 1696 1496 recte
1729 1465 1801 1505 jam
1839 1464 1919 1495 olim

1222 1516 1369 1547 Turneb.
1402 1517 1457 1547 Sic
1474 1516 1562 1546 enim
1576 1515 1708 1546 Herod.
1724 1514 1846 1546 dicitur
1861 1514 1920 1545 lib.

1224 1576 1265 1598 11.
1281 1571 1317 1598 et
1333 1566 1410 1597 Val.
1431 1567 1482 1597 Fl.
1504 1565 1564 1597 lib.
1589 1574 1641 1596 1v.
1667 1568 1741 1596 415.
1786 1564 1795 1581 ‘
1810 1564 1921 1595 Cuna-

1224 1616 1304 1648 bula
1331 1616 1441 1658 gentis
1468 1615 1647 1647 Colchidos
1677 1614 1731 1645 hic
1759 1617 1922 1654 ortusque

1226 1671 1345 1698 tuens:
1374 1671 1411 1696 ut
1438 1665 1547 1706 primo
1572 1664 1735 1696 Sesostris
1760 1662 1924 1694 Intulerit

1227 1726 1286 1747 rex
1313 1717 1401 1748 bella
1431 1716 1552 1754 Getis;
1585 1720 1636 1755 ut,
1664 1714 1760 1745 clade
1787 1722 1923 1744 suorum

1226 1767 1396 1806 Territus,
1412 1766 1470 1796 hos
1491 1765 1621 1796 Thebas
1643 1763 1856 1805 patriumque
1869 1771 1923 1793 re-

1227 1816 1327 1848 ducat
1355 1816 1398 1846 ad
1424 1824 1554 1846 amnem
1579 1814 1752 1852 Phasidis;
1778 1813 1837 1843 hos
1862 1812 1923 1843 im-

1227 1871 1332 1907 ponat
1354 1866 1456 1906 agris,
1483 1864 1692 1905 Colchosque
1717 1861 1832 1893 vocari
1858 1861 1924 1893 Im-

1228 1915 1350 1956 peret!
1391 1915 1574 1946 Sesostrim
1598 1924 1674 1945 eum
1699 1922 1815 1953 regem
1836 1920 1924 1951 esse,

1228 1967 1286 2007 qui
1313 1966 1346 1997 in
1373 1965 1520 1997 obelisco
1549 1975 1602 2006 ap.
1629 1963 1821 1995 Marcellin.
1848 1971 1925 1993 xvr.

1228 2016 1352 2047 dicitur
1384 2014 1628 2054 ‘Rhamestes,'
1658 2014 1699 2045 ab
1732 2014 1857 2045 Euseb.
1887 2017 1924 2043 et

1228 2067 1370 2107 Joseph.
1392 2068 1401 2083 ‘
1417 2064 1619 2105 Ramesses,'
1634 2074 1654 2095 a
1669 2063 1823 2094 Maneth.
1845 2063 1854 2080 ‘
1866 2063 1925 2094 Se-

1231 2116 1332 2156 tosis‚’
1360 2120 1455 2147 recte
1484 2115 1674 2146 docuerunt
1701 2113 1851 2153 Scaliger
1881 2112 1924 2143 ad

1231 2165 1353 2197 Euseb.
1370 2169 1405 2196 et
1422 2165 1467 2195 H.
1492 2164 1647 2195 Valesius
1671 2162 1713 2193 ad
1735 2162 1926 2193 Marcellin.

1230 2217 1338 2248 Istum
1353 2215 1532 2246 Sesostrim
1549 2219 1661 2245 autem
1677 2223 1751 2244 esse
1765 2214 1925 2244 Sesacum

1231 2267 1335 2307 illum,
1366 2267 1423 2307 qui
1451 2266 1614 2306 templum
1646 2263 1926 2303 Hierosolymita-

1231 2327 1309 2348 num
1323 2316 1474 2356 diripuit,
1485 2315 1640 2346 dubitare
1653 2324 1712 2345 nos
1725 2323 1790 2344 non
1803 2313 1927 2353 sinunt,

1234 2377 1306 2408 quae
1319 2367 1466 2397 nobiliss.
1478 2365 1687 2396 Marshamus
1700 2363 1742 2395 de
1754 2364 1828 2404 ejus
1845 2368 1928 2394 aeta-

1233 2421 1267 2448 te
1295 2416 1328 2448 in
1355 2415 1591 2456 AEgyptiorum
1614 2414 1841 2454 chronologia
1864 2413 1930 2444 dis·

1233 2466 1368 2507 putavit
1394 2470 1552 2496 accurate
1577 2465 1611 2495 in
1637 2463 1840 2504 AEgyptiaco
1864 2463 1929 2494 Ca·

1234 2526 1332 2549 none.
1354 2516 1440 2548 Nam
1452 2520 1531 2546 ante
1542 2515 1574 2546 h.
1586 2514 1766 2545 Sesostrim
1778 2512 1929 2553 AEgyptii

1235 2567 1317 2598 nihil
1334 2564 1488 2607 praeclari
1506 2564 1630 2604 patrios
1647 2566 1745 2593 extra
1757 2562 1839 2593 fines
1855 2571 1928 2603 ges-

1236 2621 1359 2654 serant,
1374 2624 1436 2646 nec
1452 2618 1521 2645 tam
1538 2612 1697 2652 victoriis,
1711 2621 1810 2652 quam
1826 2611 1930 2643 cladi-

1236 2667 1312 2705 bus,
1334 2665 1473 2696 fuerunt
1496 2663 1636 2695 nobiles.
1682 2662 1774 2694 Quin
1800 2660 1834 2692 in
1858 2661 1932 2701 ipsa

1237 2716 1347 2757 patria
1362 2724 1454 2755 saepe
1478 2713 1657 2754 peregrina
1680 2711 1870 2751 AEthiopum
1894 2715 1932 2742 et

1237 2765 1387 2796 Arabum
1411 2763 1550 2804 imperia
1575 2771 1635 2803 per
1662 2761 1791 2802 aliquot
1815 2761 1931 2792 secula

1239 2819 1318 2847 sunt
1333 2813 1433 2855 passi.
1479 2812 1555 2844 Non
1579 2812 1697 2842 mirum
1720 2815 1831 2841 autem
1853 2819 1930 2841 eum

1239 2866 1400 2907 spoliasse
1412 2862 1545 2895 hostilia
1557 2862 1695 2902 templa.
1726 2861 1805 2892 Non
1818 2865 1931 2892 tamen

1240 2920 1422 2958 propterea
1444 2913 1514 2956 lupi
1536 2916 1595 2945 aut
1609 2910 1745 2953 tyranni
1760 2909 1931 2942 infamiam
