2101 3419
427 371 538 412 1026

426 474 569 515 gadora,
599 479 635 506 et
671 484 747 515 quae
786 474 978 515 exponendi
1015 474 1126 515 gratia

425 530 503 556 sunt
518 525 706 565 adscripta,
722 534 925 565 supponere.
958 524 1030 556 Cic.
1047 534 1124 565 pro-

425 585 499 607 oem.
517 575 559 606 de
576 576 620 606 N.
639 576 683 607 D.
701 576 778 606 ‘Sin
797 580 908 606 autem
927 575 999 616 quis
1015 575 1124 616 requi-

425 625 481 665 rit,
497 635 572 666 quae
589 635 692 656 causa
713 636 772 656 nos
788 626 972 665 impulerit,
996 631 1035 656 ut
1050 626 1123 656 haec

424 680 493 706 tam
522 685 599 706 sero
626 676 748 706 litteris
778 675 1024 714 mandaremus,
1041 675 1122 706 nihil

423 730 477 757 est
507 725 596 766 quod
623 725 784 765 expedire
812 730 879 755 tam
901 724 999 756 facile
1016 725 1120 764 possi-

422 775 518 807 mns.'
541 775 622 806 Sall.
639 776 717 814 Jug.
735 776 784 806 5.‘
796 775 999 816 Priusquam
1012 775 1121 815 hujus-

422 826 553 857 cemodi
584 825 633 856 rei
662 826 793 855 initium
823 825 992 865 expedio!
1048 825 1117 857 Cic.

421 876 496 907 Fin.
531 875 747 906 ‘Istiusmodi
778 880 888 906 autem
918 885 972 906 res
1000 880 1117 906 ornate

420 926 508 956 velle
533 925 662 964 dicere,
687 926 817 966 puerile
844 930 913 957 est:
938 926 1037 966 plane
1061 935 1117 956 au-

420 982 490 1009 tem
507 982 542 1008 et
556 978 733 1018 perspicue
746 977 907 1017 expedire
925 986 1022 1017 posse
1039 976 1118 1007 doc-

420 1028 446 1058 ti
463 1032 498 1058 et
512 1027 732 1067 intelligentis
749 1026 837 1057 viri.'
872 1028 910 1058 P.
928 1027 1019 1057 Mela
1042 1036 1117 1066 pro-

420 1088 498 1108 oem.
514 1078 523 1094 ‘
537 1077 588 1108 Ac
602 1079 710 1118 primo
727 1088 800 1118 qnae
821 1078 865 1108 sit
877 1076 984 1107 forma
1001 1077 1117 1116 totius,

419 1138 494 1169 quae
522 1129 675 1159 maximae
712 1134 839 1168 parteS,
878 1138 943 1168 quo
973 1127 1114 1167 singnlae

417 1177 517 1208 modo
547 1179 625 1217 sint,
652 1183 752 1218 atque
782 1177 989 1215 habitentur,
1012 1185 1114 1216 expe-

418 1228 531 1259 diam.’
573 1229 686 1259 Plaut.
711 1228 862 1267 Amphit.
886 1233 944 1258 111.
969 1231 1000 1258 2.
1024 1227 1115 1257 ‘Cur

417 1278 557 1309 dixisti?
581 1279 711 1319 inquies
727 1289 735 1316 ;
753 1288 815 1318 ego
833 1278 1011 1318 expediam
1026 1277 1113 1308 tibi!

420 1328 526 1359 Groev.
572 1327 626 1359 Al.
643 1328 816 1368 explicatis.
861 1327 917 1359 Al.
941 1327 995 1358 ed.
1010 1334 1044 1358 et
1060 1328 1115 1358 illa

416 1378 513 1411 Junt.
530 1378 702 1417 expediti&
726 1378 866 1418 optime,
891 1377 917 1408 si
939 1377 1021 1418 quid
1036 1377 1115 1408 mihi

417 1427 579 1459 credend.
605 1428 716 1459 Faber.

460 1478 585 1517 Ingrati
600 1479 676 1509 ciris
689 1478 833 1520 officium]
868 1479 906 1510 F.
930 1478 1050 1509 melius
1066 1479 1115 1510 ‘in-

413 1529 527 1560 dicium
539 1528 694 1560 dixisset.
741 1529 879 1560 Nullum
901 1529 988 1559 enim
1006 1529 1115 1568 ingra-

414 1578 569 1609 titudinis
585 1578 731 1609 officium
755 1584 818 1610 est.
842 1579 984 1610 Preinslz.
1031 1579 1114 1609 Rec-

413 1629 543 1660 tissime
561 1629 710 1660 Freinsh.
726 1629 886 1659 observat
909 1629 1030 1668 ingrati
1043 1629 1115 1659 nul-

387 1679 481 1710 'lum
510 1688 581 1710 esse
614 1678 771 1710 officium.
818 1679 900 1717 Sed,
937 1679 1024 1719 qnod
1052 1688 1113 1719 pro

413 1729 544 1771 officium
566 1730 737 1760 existimat
752 1729 904 1760 indicium
920 1729 1112 1768 legendum,

412 1780 503 1810 haud
535 1780 728 1820 persuadet.
774 1780 892 1811 Potius
928 1779 1112 1809 deleverim

412 1831 610 1861 vocabulum
629 1831 774 1872 officium,
792 1840 832 1861 ex
856 1831 966 1870 glossa
983 1835 1110 1860 natum.

413 1881 549 1920 Nempe
576 1881 702 1912 accidit
732 1881 763 1911 h.
797 1881 883 1916 loco,
913 1879 1001 1920 quod
1038 1889 1111 1919 sup.

414 1938 474 1962 xm.
490 1933 522 1960 5.
538 1930 740 1960 notavimus.
785 1929 1027 1968 Adscripserat
1052 1928 1111 1959 ali-

411 1979 486 2019 quis
499 1979 530 2009 in
542 1980 692 2017 margine
705 1984 863 2019 tanquam
877 1983 1109 2018 argumentum

411 2029 420 2045 ‘
434 2028 517 2059 civis
532 2027 703 2066 officium,'
720 2028 812 2068 quasi
829 2028 960 2058 dir-eret
976 2027 1110 2057 ostendi

413 2078 524 2108 verbis
541 2077 646 2115 hisce,
664 2077 830 2118 quodnam
847 2077 929 2107 civis
951 2077 993 2106 sit
1007 2075 1111 2106 offici-

411 2136 479 2165 um,
509 2127 679 2157 illustrare
706 2136 752 2156 sc.
779 2127 830 2156 vel
859 2126 1032 2166 praecipue
1056 2135 1108 2155 res

411 2177 530 2217 patriae
544 2187 624 2207 suae.
669 2177 753 2207 Inde
770 2177 969 2211 extiterunt,
985 2175 1040 2216 qui
1055 2185 1109 2206 vo-

411 2236 486 2258 cem
511 2228 641 2269 officium
667 2231 829 2267 putarent
855 2226 984 2262 abesse,
1008 2230 1120 2266 alque-

410 2276 486 2307 ideo
502 2282 705 2317 receperunt
721 2277 751 2307 in
771 2281 913 2306 textum.
939 2275 1043 2313 Schcs.

453 2326 504 2357 De
517 2328 579 2358 sola
594 2331 713 2358 tantum
731 2327 837 2367 patria
860 2325 975 2365 taceat]
1009 2325 1108 2365 Angl-

409 2386 525 2408 vocem
556 2381 675 2408 tantum
703 2387 767 2408 nou
794 2376 945 2407 exhibet.
983 2375 1108 2406 Probo.

410 2427 510 2466 Nam,
524 2427 580 2467 qui
597 2427 638 2457 de
654 2426 724 2457 sola
741 2426 851 2466 patria
867 2430 970 2461 tacet,
987 2425 1019 2455 in
1038 2430 1108 2455 tan·

408 2480 478 2507 tum
501 2476 543 2507 de
561 2477 669 2516 patria
692 2480 795 2507 tacet.
841 2475 964 2506 Glossa
980 2480 1033 2505 est
1049 2474 1108 2515 igi-

409 2531 464 2557 tur
480 2527 561 2557 illud
577 2530 707 2557 tantum.
731 2526 838 2557 Idem.

452 2578 470 2618 ξ
493 2579 512 2608 2
537 2576 778 2616 Βι·ει·ιίεν,ὶ5”ι·.]
803 2576 1004 2608 Oros.v1.6.
1019 2575 1105 2606 ‘Sed

408 2627 492 2657 hanc
523 2627 697 2657 historiam
728 2635 816 2657 nuuc
843 2636 863 2656 a
888 2626 984 2657 uobis
1012 2626 1106 2658 brev.

406 2675 510 2706 fuisse
538 2676 754 2716 perstrictam
777 2681 829 2706 sat
851 2676 924 2707 est)
968 2676 1055 2706 Saxo
1080 2685 1103 2707 r.

409 2735 442 2766 p.
466 2728 498 2756 9.
524 2735 567 2755 m.
592 2726 601 2742 ‘
616 2726 767 2757 Quorum
789 2725 981 2756 summatim
1004 2734 1106 2765 opera

408 2774 672 2815 perstricturus!
715 2783 771 2806 111.
798 2775 871 2806 init.
899 2777 908 2792 ‘
926 2775 1104 2806 Pulchrins

407 2826 494 2855 enim
530 2825 729 2865 pleniusque
758 2830 910 2856 extrema
943 2834 1104 2856 annornm

408 2875 495 2905 illius
545 2875 712 2905 curricula
753 2876 1006 2915 perstringitur,
1050 2875 1105 2905 ubi

408 2925 516 2964 prima
533 2925 667 2955 silentio
682 2934 747 2955 non
759 2924 984 2956 damnantur.’

880 381 1021 411 NOTAE
1055 380 1319 412 VARIORUM
1355 381 1405 411 IN

1221 475 1322 514 Caput
1334 474 1432 505 totius
1448 473 1559 514 Orbis]
1594 473 1668 506 Liv.
1685 483 1711 506 1.
1728 477 1780 506 16.
1793 477 1823 507 ⁷.
1837 479 1875 508 et

1174 533 1252 563 xx1.
1266 528 1318 556 30.
1335 527 1388 557 11.
1422 526 1432 542 ‘
1447 524 1556 557 Roma
1570 529 1672 566 caput
1689 525 1792 557 Orbis
1809 531 1878 558 ter·

1175 575 1313 607 rarum!
1336 576 1435 607 Bern.

1215 626 1232 666 ξ
1257 628 1275 656 3
1298 625 1500 666 Aborigines]
1525 626 1595 657 Hos
1613 626 1780 658 describit
1795 626 1875 659 Sall.

1174 675 1249 706 Cat.
1277 678 1308 706 6.
1347 678 1356 692 ‘
1371 676 1487 707 Genus
1523 676 1692 708 hominum
1726 682 1874 718 agreste,

1171 725 1244 756 sine
1260 726 1346 765 lege,
1358 726 1429 756 sine
1444 727 1600 766 imperio,
1616 726 1756 758 liberum
1770 732 1873 768 atque

1170 775 1338 806 solutum!
1384 777 1508 807 Lucem
1523 775 1658 807 adferet
1675 776 1753 807 huic
1770 777 1833 807 toti
1848 777 1874 808 1.

1169 825 1356 865 Dionysius
1380 835 1403 857 1.
1430 829 1480 857 10.
1501 831 1536 857 et
1553 835 1648 867 seqq.
1673 827 1770 859 Idem.
1808 827 1872 859 Ce-

1169 874 1265 906 dren.
1290 885 1321 914 p.
1338 878 1408 906 14⁷.
1427 873 1525 907 Οῧτος
1542 875 1722 916 [Ῥώμυλος]
1741 874 1873 914 μετωνό·

1166 935 1248 963 μασε
1270 924 1328 961 τὴν
1341 923 1432 955 πόλιν
1447 925 1496 956 καὶ
1511 925 1547 956 τὸ
1579 925 1664 958 ἔθνος
1673 927 1720 965 τῷ
1732 925 1794 966 ἰδίῳ
1807 925 1871 958 bub-

1166 985 1240 1012 ματι
1261 974 1433 1014 Ῥωμαίους,
1449 975 1594 1016 πρότερον
1608 975 1794 1015 λεγομένους
1807 981 1868 1008 Aa·

1166 1023 1276 1064 τίνους,
1287 1024 1343 1064 πρὸ
1358 1024 1392 1055 δὲ
1402 1025 1723 1067 τούτουἈβοριγίνας.
1740 1027 1868 1068 Georg-

1167 1073 1314 1114 Syncell.
1331 1084 1364 1114 p.
1383 1078 1455 1106 194.
1491 1076 1553 1116 Πρὸ
1574 1075 1609 1107 δέ
1629 1088 1669 1116 γε
1681 1075 1794 1108 τούτου
1807 1082 1870 1108 Λα-

1166 1125 1242 1153 τῖνοι
1263 1122 1320 1161 μὲν
1341 1124 1400 1155 ἀπὸ
1424 1126 1553 1157 Λατίνου
1575 1127 1693 1166 παιδὸς,
1713 1128 1753 1159 ὥς
1766 1133 1871 1167 φασιν,

1165 1172 1339 1212 Ἦρακλέως
1370 1174 1530 1215 ἐλέγοντο,
1558 1176 1610 1207 καὶ
1644 1176 1703 1217 πρὸ
1737 1177 1870 1208 Λατίνου

1164 1223 1358 1264 Ἀβορήγινες
1379 1225 1412 1256 ἐκ
1427 1227 1487 1256 τῶν
1505 1225 1562 1267 πρὸ
1576 1226 1707 1257 Λατίνου
1715 1225 1871 1265 Ῥωμαίοις

1165 1274 1440 1314 γενεαρχησάντων
1465 1276 1676 1316 πρωτογόνων·
1700 1276 1780 1308 οὕτω
1808 1277 1870 1318 γὰρ

1166 1323 1358 1363 ἑρμηνεύεται
1379 1325 1460 1366 παρὰ
1485 1326 1641 1365 Ῥωμαίοις
1665 1326 1686 1364 ἡ
1706 1329 1767 1357 τῶν
1779 1327 1870 1363 Ἀβο·

1164 1374 1296 1414 ρηγίνων
1309 1375 1514 1417 προσηγορία,
1537 1376 1587 1408 οὓς
1608 1375 1795 1417 αι’ντόχθονάς
1810 1384 1868 1418 φα-

1166 1435 1216 1455 σιν
1230 1425 1374 1456 Ἰταλίας.

1209 1474 1349 1506 Indu-isa
1361 1476 1514 1517 omnibus]
1536 1477 1657 1508 Tibull.
1673 1486 1698 1509 1.
1713 1480 1743 1508 3.
1756 1479 1808 1509 43.
1824 1477 1867 1509 de

1170 1524 1329 1555 Saturnio
1341 1535 1464 1565 regno:
1487 1527 1496 1542 ‘
1512 1527 1588 1557 Non
1601 1526 1719 1557 domus
1732 1527 1800 1557 ulla
1818 1526 1868 1558 fo·

1166 1583 1218 1604 res
1235 1574 1354 1605 habuit
1370 1585 1377 1605 :
1403 1585 1469 1605 non
1483 1574 1569 1605 fixus
1582 1575 1614 1606 in
1632 1575 1721 1615 agris
1736 1576 1803 1608 Qui
1817 1585 1867 1607 re-

1164 1628 1261 1662 geret
1285 1624 1387 1654 certis
1404 1623 1523 1654 finibus
1537 1633 1617 1655 arva
1639 1624 1749 1665 lapis!
1775 1624 1868 1656 Add.

1164 1673 1316 1705 Macrob.
1333 1674 1405 1704 Sat.
1423 1683 1448 1704 1.
1465 1677 1496 1705 8.
1520 1675 1619 1705 Bern.

1207 1725 1223 1764 ς
1248 1727 1265 1753 5
1291 1722 1538 1764 8οιυνιιὶα,ᾅ”ε.]
1573 1723 1867 1756 Vid.Tertullian.

1163 1772 1312 1813 Apolog.
1329 1776 1380 1804 10.
1395 1773 1418 1805 f.
1432 1774 1587 1805 Macrob.
1598 1774 1703 1805 Satn.
1715 1776 1746 1804 7.
1770 1773 1869 1805 Idem.

1207 1824 1249 1854 Et
1266 1834 1362 1863 mons,
1379 1824 1448 1864 3⁴12]
1471 1824 1506 1856 J.
1529 1824 1742 1855 Canabutzes
1767 1824 1866 1855 Com·

1161 1877 1267 1903 ment.
1282 1873 1348 1903 Ms.
1367 1874 1398 1903 in
1418 1874 1561 1914 Dionys.
1580 1883 1604 1904 1.
1621 1876 1671 1905 63.
1687 1871 1824 1904 Οὗτοιδὲ
1836 1872 1868 1904 οἴ

1160 1924 1216 1953 τοῦ
1239 1922 1433 1962 Ἡρακλέους·
1458 1922 1612 1960 ’Έλληνες
1636 1921 1863 1963 κατοικίζονται

1161 1971 1202 2003 εἷς
1217 1971 1270 2002 ἕνα
1280 1972 1387 2013 λόφον,
1399 1973 1495 2011 ἤγουν
1515 1972 1556 2004 εἷς
1568 1973 1690 2008 βουνίον
1699 1973 1814 2014 μικρὸν,
1827 1973 1862 2005 ὃς

1158 2022 1231 2053 τότε
1256 2023 1385 2062 ἐλέγετο
1403 2023 1584 2063 Σατούρνιος
1607 2022 1667 2053 ἀπὸ
1690 2024 1744 2054 τοῦ
1757 2022 1868 2062 ὀνόμα-

1158 2084 1211 2103 τος
1226 2071 1340 2103 τούτου
1361 2073 1417 2103 τοῦ
1438 2072 1621 2113 Σατούρνου,
1642 2072 1743 2103 ὅντινα
1752 2071 1863 2111 λέγου·

1159 2133 1209 2152 σιν
1234 2122 1262 2152 οἱ
1274 2114 1426 2158 Ἕλληνες
1454 2121 1578 2162 Κρόνον,
1600 2123 1722 2152 Λατῖνοι
1746 2121 1778 2153 δὲ
1805 2125 1864 2154 Σα-

1159 2171 1294 2211 τοῦρνον.
1339 2172 1402 2202 Νῦν
1411 2170 1443 2202 δὲ
1459 2172 1475 2201 ὁ
1487 2171 1582 2211 λόφος
1605 2173 1718 2203 ἐκεῖνος
1735 2171 1864 2210 λέγεται

1161 2223 1382 2262 Καπιτωλῖνος,
1399 2221 1451 2253 καὶ
1468 2221 1534 2253 ἔστι
1555 2221 1686 2263 σήμερον
1705 2222 1791 2254 ἐντὸς
1806 2224 1863 2260 τῆς

1158 2272 1284 2311 Ῥώμης.

1201 2324 1218 2363 ξ
1242 2326 1262 2353 6
1296 2322 1360 2353 Sub
1389 2332 1459 2363 quo,
1486 2322 1556 2362 ξω]
1604 2323 1638 2355 J.
1676 2322 1865 2354 Canabntz.

1157 2372 1264 2412 Τρίτος
1295 2371 1410 2403 στόλος
1441 2371 1624 2408 Ἐλληνικὸς
1655 2372 1789 2408 ἀπῆλθεν
1820 2371 1864 2404 εἷς

1161 2422 1308 2460 Ἰταλίαν,
1329 2422 1379 2453 καὶ
1406 2420 1495 2453 οὗτος
1521 2424 1576 2459 τῆς
1608 2422 1778 2463 Ἀρκαδίας,
1803 2422 1865 2454 ἀπὸ

1157 2472 1276 2504 πόλεως
1303 2472 1481 2503 Παλαντίου
1510 2472 1744 2512 ὀνομαζομένης.
1790 2473 1866 2504 Ταύ-

1157 2536 1213 2560 της
1223 2523 1285 2564 γὰρ
1297 2525 1353 2558 τῆς
1366 2522 1480 2554 πόλεως
1493 2523 1509 2553 ὁ
1522 2523 1596 2554 λαὸς
1616 2523 1797 2563 ἐστασίασε,
1809 2521 1862 2554 καὶ

1158 2573 1297 2614 ἐμερίσθη
1326 2573 1368 2605 εἷς
1394 2572 1456 2604 δύο.
1501 2571 1541 2603 Τὸ
1564 2573 1639 2611 γοῦν
1662 2572 1695 2603 ἓν
1708 2572 1798 2614 μέρος
1818 2572 1862 2612 μὴ

1158 2625 1321 2662 ὑπομεῖναν
1343 2624 1402 2660 τὴν
1421 2622 1650 2663 καταφρόνησιν
1672 2624 1728 2653 τοῦ
1757 2621 1864 2663 ἑτέρου

1158 2674 1305 2711 ἐποίησαν
1329 2672 1463 2713 ἡγεμόνα
1491 2672 1542 2703 καὶ
1568 2671 1708 2712 ἀρχηγὸν
1722 2670 1864 2712 εὔανδρόν

1156 2736 1225 2755 τινα
1245 2723 1380 2762 ὀνόματι,
1403 2721 1454 2753 καὶ
1469 2721 1653 2758 ποιήσαντες
1679 2723 1776 2752 πλοῖα
1800 2723 1859 2753 διε·

1157 2773 1328 2815 σπάρησαν·
1347 2772 1397 2804 καὶ
1416 2770 1500 2803 οὗτοι
1523 2770 1563 2802 εἷς
1585 2771 1644 2808 τὴν
1664 2770 1798 2802 Ἰταλίαν
1821 2771 1864 2803 εἰς

1156 2823 1279 2863 τὰμέρη
1290 2823 1387 2853 ταῦτα
1397 2823 1453 2858 τῆς
1463 2821 1592 2860 Ῥώμης,
1608 2821 1659 2852 καὶ
1677 2820 1862 2860 κατῴκησαν

1159 2875 1224 2904 ἐκεῖ
1235 2872 1313 2910 μετὰ
1327 2874 1390 2902 τῶν
1404 2871 1573 2911 Οἴνωτρίων
1593 2870 1644 2901 καὶ
1665 2874 1725 2902 τῶν
1739 2876 1862 2902 Πελασ-

1157 2925 1231 2964 γῶν,
1246 2923 1434 2960 Ἑλληνικῶν
1460 2923 1561 2962 ἐθνῶν,
1582 2922 1648 2963 περὶ
1674 2920 1714 2953 ῶν
1729 2921 1858 2960 εἴπομεν.
