2174 3424
610 371 806 402 JUSTlNl
840 371 934 400 [ΑΒ.
969 372 1075 401 vni.
1107 372 1214 401 (mr.
1246 362 1286 402 1.

213 468 391 508 scriptum.
436 467 533 498 Istud
560 476 591 498 se
617 466 773 497 omissum
800 469 853 496 est
868 465 910 496 ob

214 518 347 549 initium
375 517 465 548 vocis
491 527 563 558 seq.
600 517 609 534 ⁴
621 516 761 557 sperat?
798 515 910 546 Faber.

213 567 431 609 Antiquiores
447 567 524 600 edd.
537 579 603 608 aeq.
616 577 648 598 se
658 577 704 608 sp.
751 567 912 598 Ceterum

212 627 396 659 pronomen
412 619 624 658 reciprocum
639 617 765 656 omitti,
780 627 819 648 ac
836 616 912 648 sub-

216 668 375 700 audiend.
393 669 552 710 relinqui,
568 669 649 699 nihil
668 668 758 699 novi.
782 668 855 699 Vor.

257 720 274 759 ς
292 721 332 750 14
364 719 559 759 Methonam]
594 719 689 749 Vett.
719 717 914 749 Motlmnam.

213 769 223 786 ‘
236 769 402 800 Methana
414 768 423 782 '
443 769 605 800 Straboni
631 777 711 800 vm.
735 768 849 799 Aliter
864 771 916 797 est

216 819 352 857 Μεθώνη.
380 820 515 850 Praeter
530 819 635 850 Diod.
653 819 715 849 sub
733 828 820 848 anno
837 827 914 848 vul.

215 870 285 902 vid.
301 875 335 902 et
349 870 456 901 Solin.
473 880 549 910 cap.
565 872 616 900 14.
635 873 670 899 et
686 868 774 899 Plin.
787 877 851 899 vn.
864 870 916 898 37.

215 922 225 939 ‘
237 921 404 962 Sagittam
429 925 540 952 autem
550 921 685 961 jecerat
702 919 804 950 Aster
819 919 915 960 oppi-

216 971 325 1003 danus
335 971 532 1011 inscriptam
545 981 603 1002 suo
616 970 764 1010 nomine,
774 970 916 1010 locoque

216 1021 381 1059 vulneris,
415 1026 452 1052 et
489 1021 623 1053 nomine
656 1019 694 1059 [i.
720 1030 750 1051 e.
780 1020 916 1050 nomine

216 1071 385 1112 Philippi]
413 1081 510 1112 quem
536 1071 676 1112 petebat
689 1070 709 1101 ε’
733 1074 770 1102 ut
787 1075 838 1101 est
861 1080 915 1110 ap.

217 1122 325 1154 Solin.
347 1122 504 1161 Bongars.
551 1122 592 1152 In
609 1122 756 1162 Prologo
774 1121 834 1152 lib.
851 1130 917 1152 vn.

219 1172 386 1204 Historiae
402 1173 501 1212 Trogi
517 1172 702 1203 ‘Mothone
713 1171 721 1184 '
736 1176 800 1213 est,
814 1176 917 1212 atque

217 1223 270 1255 ita
287 1223 424 1254 Latinos
439 1223 506 1264 huj.
523 1223 616 1254 urbis
632 1232 754 1253 nomeu
768 1223 919 1262 scripsis-

219 1284 267 1314 se,
283 1274 384 1314 plane
411 1274 475 1304 sibi
502 1278 658 1305 constare
680 1273 764 1304 dicit
779 1273 922 1304 Salmas.

220 1325 264 1356 ad
288 1325 392 1356 Solin.
416 1327 489 1355 153.
516 1323 558 1355 A.
581 1327 613 1355 2.
640 1323 819 1356 Quomodo
843 1333 919 1363 quae

221 1375 354 1407 Graecis
385 1373 522 1416 Κέρκυρα
558 1379 593 1406 et
618 1373 761 1415 Βερενίκη
791 1373 920 1405 Latinis

1579 362 1664 402 749

966 465 975 482 ‘
994 466 1143 506 Corcyra
1160 466 1169 479 ’
1205 471 1241 498 et
1280 467 1287 483 ‘
1303 466 1489 497 Beronicc'

967 516 1066 546 Rern.

1010 565 1252 606 Sagittay'acta]
1275 565 1330 597 Ab
1348 565 1470 597 Astcrc
1486 567 1665 607 Olynthio,

970 618 1057 647 teste
1074 616 1168 647 Plut.
1186 616 1313 646 Parall.
1328 616 1406 647 inin.
1423 626 1451 647 c.
1466 620 1495 647 8.
1513 622 1546 647 et
1564 618 1667 648 Solin.

969 676 999 698 c.
1015 669 1046 697 8.
1072 666 1174 697 Hunc
1190 677 1240 697 vs.
1257 666 1457 706 inscriptum
1474 666 1591 697 habuit
1618 677 1667 696 sa-

1529 465 1665 497 dicitur.

970 717 1074 757 gitta:
1097 716 1214 757 Ἀστὴρ
1225 715 1364 755 Φιλίππῳ
1380 714 1546 754 θανάσιμον
1558 714 1669 754 πέμπει

968 766 1072 803 βέλος.
1132 767 1228 799 Aster
1257 767 1345 797 letale
1384 767 1530 806 Philippo
1568 768 1667 797 mittit

967 818 1126 857 spiculum.
1170 818 1264 849 Plut.
1283 817 1314 847 in
1333 816 1529 847 Alexandro
1547 826 1624 856 cap.
1637 820 1667 849 3.

969 868 1087 906 tradit,
1102 867 1143 898 ab
1158 868 1295 898 oraculo
1319 867 1491 907 Delphico
1509 867 1668 908 Philippo

969 918 1174 955 nuntiatum,
1199 918 1276 948 ideo
1300 918 1410 957 ipsum
1427 917 1577 948 amisisse
1595 928 1672 948 ocu-

970 969 1038 1000 lum
1064 969 1223 1006 alterum‚
1249 967 1352 1009 quod,
1379 976 1453 997 enm
1480 967 1573 997 rimae
1591 968 1669 998 ostii

971 1020 1164 1058 admovens,
1202 1018 1323 1050 Jovem
1360 1016 1560 1048 Ammonem
1592 1027 1670 1048 con-

971 1070 1138 1111 spexisset
1154 1068 1322 1109 serpentis
1336 1067 1445 1108 figura
1461 1077 1537 1098 cum
1554 1068 1670 1108 Olym-

971 1119 1072 1161 piade
1086 1129 1192 1150 uxore
1207 1128 1268 1149 sua
1284 1119 1542 1149 concubantem.
1573 1118 1671 1148 Coni-

971 1169 1200 1201 memorabilis
1228 1169 1283 1199 hic
1319 1167 1470 1198 adulatio
1508 1168 1673 1208 Clisoplii,

972 1220 1030 1262 qui
1044 1221 1077 1251 in
1091 1219 1241 1260 Philippi
1255 1218 1411 1259 gratiam,
1425 1219 1533 1249 altero
1549 1218 1674 1258 privati

973 1271 1082 1308 oculo,
1110 1270 1182 1309 ipse
1217 1269 1320 1300 etiam
1357 1269 1500 1299 alterum
1532 1268 1573 1298 de
1605 1269 1672 1298 suis

975 1322 1106 1352 oculum
1130 1320 1282 1360 deligare
1309 1319 1429 1350 voluit.
1484 1319 1606 1349 AElian.
1623 1327 1673 1349 lx.

974 1372 1022 1404 H.
1040 1371 1187 1402 Animal.
1203 1373 1236 1401 7.
1252 1369 1437 1401 Athenaeus
1454 1378 1503 1400 Vl.
1522 1372 1571 1400 12.
1596 1369 1645 1400 Id.

754 1612 972 1660 LIBER
997 1611 1145 1658 VIII,

267 1729 346 1760 Lm.
360 1737 441 1760 vm.
465 1727 592 1760 Justini
609 1727 755 1759 omnium
776 1727 923 1768 optimus

225 1783 261 1810 et
278 1778 484 1819 castigatiss.
510 1778 567 1809 Fr.

269 1829 355 1860 CAP.
373 1838 397 1859 1.
423 1830 470 1868 §2
495 1828 534 1857 In
555 1829 708 1865 mutuum,
733 1826 802 1867 aya]
835 1826 924 1857 Saxo

226 1887 304 1910 xxv.
333 1888 367 1919 p.
384 1881 457 1909 310.
479 1879 533 1908 49.
566 1877 632 1907 ‘In
659 1876 803 1908 exitium
828 1885 924 1908 suum

222 1928 383 1960 ruentes?

269 1978 421 2010 Omnibus
454 1978 558 2018 perire
593 1976 688 2018 quod]
733 1977 789 2008 Ita
824 1977 922 2008 Vett.

224 2039 340 2062 omnes
365 2034 399 2059 et
415 2029 517 2060 Oros.
542 2028 633 2059 nullo
657 2037 767 2069 sensu,
783 2031 820 2059 ut
843 2027 924 2059 mihi

224 2079 361 2121 quidem
376 2079 522 2110 videtur.
577 2079 618 2110 P.
633 2078 786 2109 Pithoeus
810 2078 924 2119 sagaci

225 2129 328 2161 corde
355 2133 391 2161 et
416 2130 552 2170 ingenio
577 2129 677 2160 unico
700 2129 851 2170 conjecit
880 2129 926 2160 le-

225 2178 323 2219 gend.
337 2189 415 2210 omn.
439 2179 569 2219 perviae,
597 2178 751 2219 proxime
780 2179 821 2209 ad
839 2178 925 2209 anti-

226 2239 325 2271 quam
353 2229 576 2269 scripturam:
599 2239 691 2268 nam,
719 2229 808 2270 quod
825 2230 925 2270 vulgo

225 2280 360 2321 legitur,
382 2280 420 2310 ab
444 2290 523 2311 omn.
548 2280 640 2310 vicloe
664 2279 794 2320 periere,
817 2289 926 2319 nugae.

227 2331 284 2362 De
313 2331 375 2362 hac
404 2330 496 2361 civili
524 2330 725 2361 Graecorum
755 2329 928 2360 discordia

229 2380 453 2411 Callisthenes
483 2390 536 2420 ap.
568 2380 662 2410 Plut.
694 2380 726 2410 in
759 2379 928 2410 Alexand.

228 2440 304 2470 cap.
319 2433 373 2462 95.
396 2430 448 2460 Ἐν
462 2428 495 2460 δὲ
513 2429 697 2471 διχοστασίῃ
711 2429 761 2461 καὶ
776 2431 792 2460 ὁ
806 2429 928 2469 πάγκα-

230 2493 282 2513 κος
296 2480 414 2521 ἔλλαχε
429 2483 529 2520 τιμῆς·
575 2483 620 2513 At
632 2491 690 2522 per
704 2482 867 2512 dissidium
880 2483 928 2513 vel

226 2531 379 2572 pessimus
403 2535 450 2563 est
473 2533 507 2563 in
531 2532 658 2563 honore:
681 2542 757 2562 cum
785 2532 929 2572 diceret,

229 2582 320 2614 illam
335 2582 496 2622 Philippo
508 2582 749 2622 magnitudinis
762 2587 797 2613 et
810 2588 928 2622 poten-

230 2632 286 2663 tiae
302 2632 513 2664 occasionem
535 2637 571 2664 et
590 2642 725 2664 causam
743 2632 927 2664 exstitisse.

232 2682 337 2721 Bong.

278 2731 427 2762 Omnibus
440 2732 541 2772 perire
552 2731 645 2772 quod]
669 2732 784 2762 Prava
794 2731 932 2762 distinc-

233 2781 294 2822 tio,
309 2786 344 2812 et
368 2783 442 2822 quid
467 2793 528 2823 pro
543 2784 622 2823 quod
648 2783 808 2823 positum,
836 2780 932 2822 fecit,

234 2835 274 2862 ut
304 2832 392 2863 hunc
423 2833 446 2863 l.
485 2832 638 2874 (planum
674 2833 804 2873 utique,
832 2831 932 2863 modo

235 2883 392 2922 syntaxin
405 2882 578 2923 attendas)
594 2882 720 2914 infelici
735 2882 932 2913 curiositate

237 2931 301 2962 viri
331 2933 442 2973 magni
474 2936 660 2965 tentarent.
722 2933 811 2964 Nam
843 2931 933 2973 quod

978 1726 1110 1766 pridem
1139 1725 1241 1757 Grut.
1267 1723 1456 1764 Suspicion.
1478 1732 1518 1753 11.
1543 1725 1593 1754 12.
1609 1733 1679 1754 rno-

979 1777 1065 1815 nuit‚
1080 1777 1141 1807 hoc
1159 1775 1245 1807 dicit
1270 1774 1414 1814 Auctor,
1439 1774 1584 1804 Graeciae
1602 1774 1682 1805 civi-

982 1830 1071 1857 tates
1102 1835 1169 1856 non
1207 1829 1286 1856 ante
1323 1824 1528 1864 persensisse
1567 1834 1682 1855 omnes

979 1876 1136 1906 amittere
1153 1875 1243 1916 quod
1259 1875 1398 1913 singulis
1416 1873 1561 1913 peribat,
1577 1883 1677 1914 quam

978 1936 1056 1958 cum
1079 1926 1152 1966 jam
1178 1934 1351 1966 oppressae
1379 1928 1505 1955 essent.
1550 1924 1603 1954 Id.
1635 1924 1679 1956 de

977 1976 1152 2007 Britannis
1180 1977 1261 2007 Tac.
1293 1974 1440 2006 affirmat
1470 1973 1553 2014 Agr.
1576 1984 1606 2006 c.
1625 1977 1677 2006 12.

978 2026 1039 2056 ‘In
1067 2035 1243 2057 commune
1268 2035 1334 2056 non
1361 2025 1559 2056 consulunt:
1582 2035 1680 2055 rarus

979 2075 1111 2107 duabus
1136 2076 1287 2107 tribusve
1313 2075 1509 2106 civitatibus
1537 2074 1580 2105 ad
1603 2084 1680 2115 pro-

979 2126 1180 2167 pulsandum
1196 2136 1372 2158 commune
1398 2125 1586 2166 periculum
1601 2134 1680 2156 con-

979 2182 1111 2208 ventus.
1165 2177 1234 2216 Ita,
1260 2176 1338 2207 dum
1365 2175 1487 2215 singuli
1516 2180 1679 2216 pugnant,

980 2226 1128 2258 universi
1151 2225 1358 2258 vincuntur.'
1405 2226 1497 2256 Hinc
1514 2225 1678 2256 monitum

983 2277 1217 2308 Hermocratis
1234 2276 1274 2307 ad
1285 2276 1417 2307 Siculos
1429 2285 1506 2306 suos
1521 2285 1575 2315 ap.
1591 2275 1680 2305 Thu-

981 2327 1061 2368 cyd.
1087 2337 1137 2358 1v.
1159 2329 1210 2358 12.
1232 2329 1285 2357 31.
1310 2326 1319 2343 ‘
1334 2325 1556 2365 Alienigenas
1585 2334 1679 2355 arma

979 2377 1073 2408 nobis
1102 2377 1314 2408 intentantes
1344 2376 1506 2415 universi,
1534 2376 1561 2405 si
1587 2385 1677 2405 sanae

979 2427 1103 2458 mentis
1142 2436 1268 2466 summ,
1305 2426 1474 2457 communi
1510 2435 1679 2456 consensu

982 2477 1263 2517 propulsabimus.
1297 2476 1449 2516 Quippe,
1464 2476 1542 2506 dum
1560 2476 1683 2516 singuli

982 2527 1133 2559 cladibus
1149 2526 1354 2566 afficiuntur,
1371 2527 1520 2557 universi
1538 2527 1568 2556 in
1594 2526 1683 2566 peri-

983 2578 1059 2609 culo
1074 2577 1208 2609 sumus.’
1254 2576 1346 2608 Add.
1366 2578 1483 2608 Nostr.
1502 2585 1562 2608 xv.
1578 2580 1608 2607 2.
1627 2580 1678 2607 15.

983 2627 1135 2658 Acumen
1152 2628 1289 2658 Senecae
1306 2627 1340 2657 in
1356 2636 1392 2657 re
1409 2627 1564 2657 dissimili
1582 2626 1685 2656 simil-

983 2678 1099 2709 limum
1125 2678 1189 2717 Ep.
1218 2680 1272 2707 90.
1301 2679 1352 2708 11.
1382 2679 1412 2707 8.
1450 2676 1682 2707 ‘Societatem

986 2729 1127 2760 avaritia
1139 2727 1310 2766 distraxit,
1324 2731 1358 2757 et
1375 2726 1589 2766 paupertatis
1607 2735 1685 2756 cau-

987 2789 1023 2810 sa
1040 2780 1143 2811 etiam
1160 2779 1222 2818 his,
1248 2788 1329 2819 quos
1353 2777 1437 2808 fecit
1460 2777 1685 2817 locupletissi-

986 2840 1073 2869 mos,
1101 2829 1178 2861 fuit.
1234 2829 1421 2860 Desierunt
1455 2828 1543 2858 enirn
1574 2828 1686 2858 omnia

988 2880 1174 2922 possidere,
1194 2880 1272 2911 dum
1297 2880 1416 2910 volunt
1439 2879 1597 2919 propria!
1642 2879 1687 2909 Et

989 2942 1018 2963 n.
1039 2934 1092 2963 81.
1116 2931 1126 2948 ⁴
1141 2930 1308 2970 Avaritia,
1333 2929 1412 2961 dum
1438 2929 1601 2960 seducere
1629 2929 1686 2959 ali-
