2174 3424
507 301 592 343 708

505 405 709 445 Lilybaeum,
724 405 935 446 Pachynum,
949 405 1121 437 Pelorum.
1145 406 1208 437 La-

505 457 576 487 tine
589 460 702 486 autem
719 457 728 472 ⁴
739 455 933 497 Triquetra'
949 455 1074 487 dicitur
1089 456 1207 487 Servio

506 511 659 538 auctore.
684 506 773 536 Mod.

550 558 666 588 Postea
677 556 806 588 Sicania
816 556 1030 596 cognominata
1041 556 1102 596 est]
1117 556 1208 588 Plin.

505 616 564 638 111.
582 607 628 638 N.
646 606 693 637 H.
710 609 741 637 8.
758 616 810 648 pr.
834 616 877 637 ex
894 607 1047 648 Thucyd.
1064 616 1113 638 vr.
1131 610 1161 639 l.
1177 611 1207 640 5.

506 658 639 689 Bernec.
688 657 771 688 Mss.
806 657 943 698 quidam
983 662 1020 689 et
1057 657 1211 698 impressi

506 717 570 748 pro
596 707 646 738 his
671 707 798 738 habent
820 711 984 747 praeterea,
1004 708 1086 739 item
1112 711 1208 747 terra,

505 758 540 789 id
554 757 642 799 quod
660 756 756 796 facit,
769 762 805 788 ut
817 762 1011 798 suspectam
1027 758 1208 789 habeamus

505 808 590 838 lect.
608 807 700 847 vulg.
740 808 785 839 Et
809 806 952 838 fortasse
968 808 1103 848 scripsit
1117 808 1208 840 Just.

503 861 576 899 post
597 867 638 888 ea·-
660 858 774 888 Iberioe
794 858 906 889 Sicano
931 858 1060 889 Sicania
1075 859 1209 889 denomi-

506 912 582 939 nata
608 911 666 938 est.
721 908 878 938 Sicanum
908 907 1030 940 Iberiae
1059 907 1094 939 fi.
1126 919 1211 949 esse,

507 958 603 998 cujus
616 957 760 998 primum
772 958 897 989 accolae
911 958 1066 989 venerint
1080 959 1113 989 in
1128 958 1211 990 Sici-

505 1008 599 1047 liam,
614 1013 650 1039 et
665 1007 708 1038 de
725 1017 759 1038 se
776 1008 890 1039 iusulae
911 1007 1056 1040 fecerint
1077 1017 1213 1048 nomen,

506 1057 662 1098 Thucyd.
679 1063 837 1090 testatur.
881 1059 1075 1089 Potuerunt
1097 1062 1210 1089 autem

508 1107 584 1139 duae
602 1118 703 1139 voces
719 1108 832 1139 Sicano
847 1113 883 1139 et
899 1109 1039 1148 Sicania,
1055 1114 1213 1149 tanquam

508 1158 652 1197 eaedem,
675 1158 777 1190 facile
803 1159 850 1190 sic
879 1160 921 1190 ab
944 1159 1068 1200 ineptis
1095 1158 1214 1190 scribis

508 1208 637 1238 habitae
653 1207 767 1247 fuisse,
787 1214 825 1240 ut
848 1210 1052 1240 alterutram
1078 1219 1140 1240 ceu
1164 1218 1216 1239 su-

507 1267 714 1298 pervacuam
731 1258 852 1289 liceret
870 1259 1039 1289 omittere.
1078 1259 1129 1289 Ex
1147 1258 1214 1289 Ibe-

506 1307 558 1337 ria
582 1317 713 1347 quoque
739 1308 904 1339 vocabulo
931 1318 996 1338 non
1026 1309 1108 1339 satis
1132 1313 1215 1338 noto

509 1357 684 1387 monachis
702 1358 747 1387 nil
766 1358 886 1388 mirum
904 1362 966 1397 est,
982 1359 1008 1388 si
1024 1357 1154 1389 factum
1171 1358 1216 1388 sit

508 1409 608 1445 terra,
626 1411 661 1437 et
678 1417 740 1447 per
757 1408 1004 1438 correctionem
1021 1411 1118 1446 terra,
1134 1408 1216 1439 item

505 1460 673 1497 proeterea.
725 1458 935 1488 Denominaea
970 1458 1151 1489 manifeste
1182 1459 1215 1489 in

509 1507 665 1548 quibusd.
679 1507 849 1548 impressis
859 1508 1015 1548 habetur,
1028 1508 1115 1539 unde
1128 1509 1218 1539 simi·

508 1557 592 1588 liter
608 1562 752 1597 apparet
768 1558 859 1598 vulg.
885 1559 967 1589 lect.
985 1567 1059 1588 esse
1077 1567 1216 1598 corrup-

510 1611 593 1638 tam.
617 1606 722 1645 Schef.
782 1608 991 1638 Denominata
1008 1617 1076 1648 prae
1095 1617 1130 1638 se
1147 1606 1218 1639 fert

512 1657 615 1688 etiam
632 1657 728 1689 Juut.
753 1657 862 1688 Groev.

555 1707 571 1746 ξ
596 1709 614 1737 2
641 1706 821 1747 Cyclopum]
858 1706 1012 1747 Thucyd.
1044 1716 1092 1738 vr.
1125 1710 1156 1738 l.
1186 1710 1217 1739 3.

514 1755 729 1787 Παλαιότατοι
755 1756 810 1795 μὲν
833 1755 979 1796 λέγονται
1003 1757 1036 1787 ἐν
1057 1756 1138 1796 μέρει
1158 1756 1218 1788 τινὶ

516 1809 574 1844 τῆς
598 1807 699 1847 χώρας
716 1806 884 1838 Κύκλωπες
908 1807 958 1838 καὶ
984 1807 1218 1848 Λαιστρίνγονες.

512 1857 672 1897 Bongars.
696 1859 790 1890 Serv.
806 1858 846 1889 ad
863 1858 944 1889 illud
959 1859 1111 1899 Virgilii:
1130 1860 1219 1889 ‘Vos

514 1912 551 1938 et
579 1908 751 1948 Cyclopea
778 1918 860 1938 saxa
888 1909 1029 1948 Experti
1059 1913 1219 1939 revocate

515 1958 645 1989 animos
657 1961 676 1989 :'
691 1959 700 1975 ‘
713 1958 808 1997 Aut,’
824 1958 945 1999 inquit,
962 1959 970 1973 ‘
981 1968 1053 1998 quae
1071 1958 1219 1998 Cyclops

513 2008 549 2039 in
564 2009 720 2049 Ulyssem
743 2009 844 2049 jecit,
868 2013 926 2039 aut
950 2013 1043 2038 certe
1067 2008 1219 2039 Siciliam

516 2058 602 2090 dicit
617 2070 624 2090 :
650 2069 726 2100 quae
745 2058 897 2099 plurimis
913 2058 994 2088 locis
1009 2067 1127 2088 saxosa
1143 2068 1220 2098 pro-

515 2109 684 2139 montoria
713 2108 830 2147 habet,
859 2108 939 2149 quia
976 2107 1022 2138 ibi
1054 2108 1221 2148 Cyclopes

517 2157 730 2198 habitarunt,
759 2162 797 2188 ut
826 2157 924 2197 ipse:
962 2157 971 2173 ‘
989 2158 1135 2188 Centum
1165 2157 1222 2187 alii

517 2217 623 2240 curva
648 2207 720 2238 haec
746 2207 901 2238 habitant
926 2206 967 2237 ad
993 2207 1094 2237 litora
1120 2207 1221 2247 vulgo

516 2257 656 2290 Infandi
675 2257 875 2299 Cyclopes:y
898 2261 957 2288 aut
983 2256 1116 2287 AEtnam
1146 2266 1222 2297 pos-

519 2317 632 2339 sumus
648 2308 819 2348 accipere,
844 2317 920 2348 quae
945 2307 1087 2347 propria
1102 2307 1223 2347 Cyclo·

519 2368 601 2399 pum
627 2357 712 2389 fuit:
737 2368 814 2388 nam
840 2363 876 2389 et
904 2358 978 2398 ipse
1006 2359 1040 2389 in
1064 2366 1122 2389 ιιι.
1151 2357 1220 2388 ait:

520 2410 530 2426 ‘
549 2409 695 2440 Noctem
724 2409 814 2439 illam
841 2408 926 2439 tecti
951 2408 1042 2438 silvis
1068 2407 1224 2438 immania

519 2464 673 2490 monstra
684 2458 914 2490 Pertulimus.’
948 2457 1094 2491 Quidam
1109 2461 1223 2488 tamen

520 2509 595 2540 haec
623 2519 706 2540 saxa
731 2509 820 2541 inter
848 2509 1012 2540 Catauam
1038 2512 1075 2539 et
1099 2509 1223 2539 Tauro-

521 2559 669 2590 menium
686 2559 720 2590 in
737 2559 871 2590 modum
887 2564 1053 2589 metarum
1077 2558 1145 2590 situ
1169 2567 1227 2588 na·

522 2611 626 2641 turali
642 2611 761 2642 dicunt
777 2620 865 2650 esse,
886 2620 961 2651 quae
979 2609 1150 2650 Cyclopea
1165 2617 1226 2649 ap-

523 2661 708 2702 pellantur,
734 2671 873 2702 quorum
905 2660 1052 2692 medium
1082 2665 1119 2691 et
1145 2659 1226 2690 emi-

524 2712 758 2743 nentissimum
775 2712 900 2743 Galate
916 2710 1064 2742 dicitur.'
1101 2710 1226 2742 Lubuit

527 2761 721 2792 adscribere
740 2768 846 2793 totum
862 2762 988 2799 locum,
1004 2761 1080 2802 quia
1096 2761 1131 2792 in
1147 2759 1226 2791 edd.

527 2819 596 2841 nou
627 2817 758 2842 tautum
789 2811 1131 2842 contaminatis-simus
1162 2814 1226 2849 est,

528 2868 644 2891 verum
658 2861 760 2893 etiam
773 2862 909 2893 meliore
921 2861 1079 2902 suiparte
1092 2860 1228 2892 mutilus

962 311 1104 342 NOTAE
1141 311 1403 342 VARloRUM
1437 311 1488 342 IN

1262 411 1298 438 et
1310 406 1417 437 hians.
1441 406 1529 438 Mod.
1566 405 1676 447 quue
1691 406 1870 438 declarant
1886 415 1963 446 por-

1262 461 1398 488 tentosa
1414 466 1528 487 eorum
1545 456 1727 496 cadavera,
1738 461 1773 487 et
1784 455 1964 487 monstrosi

1262 517 1398 548 specus,
1414 517 1488 548 quae
1510 507 1543 538 iu
1568 508 1656 538 hunc
1671 517 1778 548 usque
1793 507 1881 537 diem
1898 516 1962 547 pro

1262 557 1402 588 ostentis
1426 557 1592 589 visuntur.
1636 557 1790 588 Fazellus
1808 557 1888 588 Rer.
1910 556 1963 588 Si-

1261 607 1325 637 cul.
1341 616 1366 637 1.
1384 610 1415 638 6.
1441 607 1540 638 Bern.

1308 655 1451 695 Cocalus]
1476 656 1531 687 Ita
1545 656 1640 687 Vett.
1664 666 1779 687 omnes
1802 659 1838 687 et
1860 656 1962 687 histo-

1263 705 1324 737 ria.
1357 707 1413 736 De
1438 706 1564 736 Cocalo
1587 706 1652 745 leg.
1668 705 1774 736 Diod.
1790 715 1840 736 ιν.
1856 709 1908 737 81.
1926 710 1963 738 et

1263 765 1354 787 xvn.
1370 759 1401 787 9.
1424 756 1539 786 Strab.
1560 764 1606 786 vl.
1634 755 1757 787 Euseb.
1777 756 1811 786 in
1836 755 1963 786 Chron-

1264 817 1319 847 ap.
1336 816 1435 847 quem
1452 806 1578 836 Catulus
1589 804 1965 845 dicitur‚librariorum,

1263 856 1423 893 arbitror,
1440 865 1567 886 errore.
1589 855 1692 894 Bong.

1307 907 1324 946 ξ
1347 908 1367 937 4
1389 905 1581 946 Anaxilaus]
1613 906 1650 936 ‘O
1665 904 1810 946 τύραννος
1823 904 1966 942 τῶνῬη·

1263 955 1366 995 γίνων.
1395 956 1533 995 Strabo,
1549 956 1705 997 Thucyd.
1720 964 1785 987 vn.
1808 956 1966 995 Bongars.

1264 1007 1383 1037 Malim
1408 1006 1564 1037 Anaxilas
1591 1016 1667 1037 cum
1692 1006 1849 1046 Thucyd.
1864 1014 1916 1037 vl.
1931 1010 1964 1037 5.

1265 1062 1301 1088 et
1328 1056 1438 1088 Strab.
1464 1066 1514 1087 VI.
1544 1066 1575 1097 p.
1604 1060 1678 1088 178.
1704 1059 1755 1087 10.
1781 1065 1881 1097 quem
1906 1056 1966 1087 ille

1263 1106 1488 1147 ‘tyrannum,’
1517 1107 1572 1137 hic
1602 1106 1766 1148 ‘ducem‚'
1797 1106 1965 1148 Rhegino-

1264 1166 1337 1187 rum
1354 1157 1515 1197 appellat.
1539 1157 1636 1187 Bern.

1306 1207 1536 1247 Justitia‚8sc.]
1560 1209 1648 1239 Saxo
1671 1217 1697 1240 1.
1721 1210 1754 1239 6.
1779 1217 1823 1240 m.
1856 1207 1965 1238 ‘Cum

1266 1258 1407 1288 aliorum
1436 1267 1552 1297 regum
1582 1257 1797 1297 fortitudine,
1834 1255 1967 1288 munifi-

1265 1308 1391 1347 centia,
1406 1313 1441 1338 et
1456 1307 1662 1339 liberalitate
1678 1307 1856 1338 certabat.'

1308 1359 1325 1398 ς
1349 1362 1367 1389 5
1393 1358 1536 1399 Micytlto
1559 1358 1660 1398 servo]
1685 1358 1816 1389 Herod:
1845 1358 1893 1389 ita
1918 1357 1968 1388 in-

1266 1409 1359 1448 quit:
1383 1408 1420 1438 ‘0
1443 1407 1475 1438 δὲ
1498 1407 1640 1447 Μίκυθος,
1661 1407 1781 1445 οἰκέτης
1804 1408 1860 1439 ἐὼν
1879 1408 1969 1439 Ἀνα-

1266 1457 1367 1497 ξίλεω,
1381 1457 1542 1499 ἐπίτροπος
1552 1458 1685 1498 Ῥηγίου,
1698 1459 1718 1490 ἰ.
1733 1468 1764 1489 e.
1781 1459 1852 1498 Ipse
1868 1458 1971 1499 Micy-

1266 1509 1338 1540 thus
1353 1509 1494 1547 samalus
1517 1512 1583 1539 erat
1607 1508 1768 1547 Anaxilai,
1787 1511 1971 1549 procurator

1267 1559 1396 1599 Rhegii.
1411 1559 1500 1590 Just.
1512 1569 1634 1590 serrum
1646 1559 1892 1599 interpretatus
1904 1562 1970 1597 est,

1267 1618 1329 1649 ego
1351 1609 1546 1647 familiarem
1572 1609 1697 1640 malim.
1754 1609 1841 1641 Nam
1871 1616 1969 1639 servo

1268 1663 1398 1690 tantam
1430 1669 1544 1689 curam
1575 1657 1830 1690 commendasse
1860 1657 1969 1688 minus

1268 1709 1470 1740 verosimile.
1496 1710 1585 1740 Glar.

1311 1760 1427 1789 Micalo
1440 1759 1542 1799 servo]
1559 1758 1688 1790 Herod.
1705 1767 1768 1789 vn.
1785 1760 1858 1789 170.
1875 1756 1971 1788 Μίκυ-

1269 1811 1321 1839 θον
1336 1814 1436 1840 vocat
1459 1808 1615 1839 Anaxilai
1638 1806 1770 1845 οἰκέτην.
1806 1809 1851 1839 Et
1878 1808 1971 1839 Stra-

1270 1859 1347 1890 boni
1365 1869 1415 1899 pr.
1433 1859 1492 1889 lib.
1509 1868 1559 1889 Vl.
1597 1859 1606 1875 ⁴
1622 1857 1814 1899 Micythus’
1834 1858 1969 1899 quidam

1270 1914 1322 1940 est
1338 1909 1507 1939 Messanae
1526 1909 1696 1949 princeps.
1718 1908 1796 1939 vid.
1812 1909 1969 1940 Macrob.

1271 1968 1295 1990 1.
1313 1962 1364 1990 ll.
1380 1959 1519 1990 Saturn.
1542 1960 1699 1998 Bongars.
1744 1959 1842 1990 Junt.
1867 1959 1972 2000 Micy-

1269 2009 1333 2049 tho,
1353 2018 1429 2040 cum
1453 2008 1584 2040 Herod.
1608 2013 1643 2039 et
1666 2008 1821 2039 Macrob.
1861 2008 1970 2039 Graev.

1270 2059 1490 2100 Antiquiores
1515 2059 1594 2090 edd.
1626 2059 1725 2091 Junt.
1756 2058 1863 2089 Bech.
1885 2059 1971 2100 Maj.

1271 2109 1433 2150 Micytho;
1456 2119 1592 2150 prorsus
1608 2114 1646 2140 ut
1662 2108 1794 2140 Herod.
1811 2118 1877 2140 vn.
1896 2111 1970 2140 170.

1271 2163 1383 2189 vocat.
1414 2159 1459 2190 Et
1474 2158 1596 2189 mirum
1612 2158 1702 2199 quod
1725 2158 1832 2199 Bong.
1850 2157 1884 2189 id
1901 2167 1971 2189 mu-

1272 2206 1370 2238 tavit.
1398 2207 1501 2238 Vorst.

1315 2257 1332 2296 ᾧ
1356 2259 1377 2287 6
1402 2257 1690 2297 Carthaginienses]
1706 2255 1760 2288 Ad
1773 2255 1806 2287 id
1824 2257 1972 2288 aXerxe

1270 2306 1417 2338 incitati.
1451 2307 1556 2338 Diod.
1584 2316 1634 2338 xl.
1660 2310 1712 2339 20.
1737 2311 1774 2338 et
1798 2317 1890 2348 seqq.
1916 2315 1971 2347 ap.

1272 2366 1370 2398 quem
1387 2357 1482 2388 initio
1495 2357 1697 2388 narrationis
1712 2356 1844 2397 legend.
1875 2359 1974 2396 Στρα-

1270 2406 1370 2445 τηγὸν
1384 2406 1505 2438 εἵλοντο
1520 2406 1678 2446 Ἀμίλκαν,
1700 2416 1766 2436 non
1789 2405 1973 2445 Ἀμίλκωνα.

1272 2458 1349 2489 vid.
1368 2462 1404 2489 et
1421 2457 1549 2489 Herod.
1565 2467 1630 2489 vn.
1649 2460 1702 2488 66.
1724 2457 1830 2496 Bong.

1317 2507 1528 2548 Dimicatum]
1546 2508 1698 2539 Freinsh.
1720 2507 1920 2547 dimicarunt,
1934 2510 1974 2538 ut

1274 2557 1478 2598 respondeat
1504 2557 1723 2589 antecedenti
1749 2557 1974 2599 sequentique

1274 2608 1391 2640 verbo.
1413 2609 1511 2640 Bern.

1318 2660 1335 2700 ξ
1351 2661 1370 2689 7
1399 2658 1498 2698 Victi]
1527 2657 1706 2689 Omiserim
1725 2656 1752 2688 si
1768 2666 1822 2688 res
1837 2656 1903 2687 mei
1929 2656 1974 2688 sit

1275 2708 1421 2740 arbitrii.
1450 2707 1504 2738 An
1514 2706 1536 2738 f.
1549 2712 1652 2748 caput
1663 2707 1726 2738 hoc
1738 2711 1792 2738 est
1802 2706 1976 2748 sequentis

1274 2758 1428 2800 periodi?
1458 2759 1555 2789 Idem.

1319 2809 1405 2840 CAP.
1421 2817 1476 2839 111.
1501 2809 1517 2849 ᾧ
1536 2811 1551 2838 1
1575 2807 1734 2848 Veterani]
1747 2807 1892 2839 Quinam
1907 2805 1976 2837 sint

1280 2860 1498 2891 Himerenses
1525 2859 1579 2890 isti
1608 2858 1773 2898 veterani,
1799 2856 1974 2899 quaerend.
