2101 3419
745 364 795 394 IN

245 457 391 490 Cometes
406 459 519 501 Magus
536 459 556 497 i,
574 463 606 498 9,
622 462 642 492 7

245 502 389 533 Cometes
402 503 528 544 insignis
540 502 759 545 magnitudinis
770 508 900 544 apparet

202 544 315 580 xxxvii,
331 548 363 581 2,
379 548 399 576 2

245 587 394 618 Cominus
410 587 540 627 praeliari
556 587 609 625 xli,
625 591 656 625 2,
673 591 693 619 ⁷

245 629 351 660 Comis
367 629 432 666 xiii,
448 633 480 666 2,
496 633 516 662 8

245 672 429 702 Comissatio
455 671 730 714 (Schlafflrunck)
760 672 812 708 xii,
845 675 898 708 13,

200 716 220 745 7
237 714 336 756 (Vide
352 714 402 746 Cl.
417 715 567 747 Bernecc.
581 714 754 746 Domitian.
769 716 897 746 Sueton.

202 760 257 792 21,
273 756 311 797 4)
325 757 462 788 Freinsh-

244 799 392 830 Comitari
407 800 439 836 ii,
455 802 487 837 4,
504 802 544 831 19
559 798 714 841 (passive)
741 809 812 836 xxx,
829 801 861 834 2,
877 801 898 830 4

244 842 400 872 Comitate
426 847 458 872 et
481 842 630 882 obsequio
657 842 784 883 gratiam
810 842 897 872 Tisa-

200 883 293 914 semis
320 885 492 915 demeretur
519 884 697 916 Alcibiades
735 895 766 920 ν,
804 887 837 921 2,
877 887 896 915 5

200 926 312 968 (Adde
328 927 468 958 Curtium
482 926 547 963 viii,
563 930 594 964 8,
611 926 669 967 12)
684 926 821 957 Freinsh.

244 969 427 1000 Comitatior
441 970 518 1010 (hoc
533 974 590 1005 est,
617 970 670 1010 qui
686 969 788 1010 plures
803 969 897 1000 habet

200 1011 346 1052 comites)
362 1011 454 1048 xxvii,
465 1015 498 1048 2,
513 1014 533 1043 7
549 1011 684 1042 Freinsh-

245 1053 426 1084 Commeare
443 1054 515 1090 xliv,
533 1057 565 1090 4,
581 1057 602 1086 4

243 1096 441 1127 Commeatus
457 1108 464 1127 :
516 1096 640 1126 marinis
675 1096 898 1128 commeatibus

200 1140 303 1169 hostes
326 1139 531 1170 intercludere
554 1140 640 1175 iv,4,
657 1143 675 1170 5
709 1144 898 1170 commeatus

199 1180 332 1222 maligne
346 1182 480 1222 praebere
494 1192 523 1218 v,
539 1185 571 1218 2,
585 1184 625 1213 14
649 1181 738 1222 (ante
753 1182 897 1222 dixerat).

198 1224 353 1264 stipendia
360 1224 505 1264 praebere.
521 1224 741 1255 commeatibus
749 1224 897 1255 instruere

200 1266 318 1306 aliquos
334 1267 395 1303 xvi,
412 1269 443 1302 3,
461 1269 499 1298 11
535 1267 694 1307 prohibere
709 1272 897 1297 commeatus

199 1309 284 1345 xviii,
300 1312 332 1346 7,
345 1312 366 1340 6
389 1314 593 1339 commeatum
608 1319 626 1339 a
650 1309 767 1350 populo
794 1315 897 1350 petere

198 1352 250 1425 gd
273 1356 332 1389 est,
356 1351 493 1382 abeundi
519 1352 691 1393 licentiam)
716 1351 801 1389 xviii,
828 1356 860 1390 7,
875 1355 896 1384 9

234 1398 306 1424 orst.

241 1437 486 1467 Commemorare
502 1436 632 1467 militum
648 1436 760 1469 decora
775 1447 845 1474 xxx,
861 1439 895 1474 4,

201 1481 241 1510 13
265 1479 414 1510 beneficia
428 1479 480 1516 xii,
498 1481 551 1516 12,
566 1482 586 1511 2

243 1521 468 1553 Commendare
496 1522 629 1562 aliquem
656 1522 740 1562 apud
766 1521 896 1552 alterum

197 1564 274 1604 (hoc
290 1570 347 1600 est,
364 1565 436 1595 fidei
451 1563 520 1604 ejus
535 1565 738 1600 committere,
763 1565 826 1595 sive
842 1565 896 1595 de-

199 1617 332 1647 ponere:
357 1612 392 1637 ut
408 1607 542 1647 explicat
557 1606 711 1647 Ulpianus
728 1607 758 1637 in
774 1607 810 1638 L.
823 1610 897 1638 186.

199 1648 243 1679 D.
258 1650 297 1679 de
313 1649 353 1680 V.
366 1650 415 1690 S.)
442 1660 532 1685 xxxv,
548 1652 581 1685 2,
599 1653 615 1680 1
642 1649 780 1680 Freinsh.
813 1660 897 1680 com-

198 1692 327 1723 mendat
349 1702 418 1723 eum
445 1692 640 1733 pulchritudo
665 1692 769 1723 sormae
794 1692 896 1730 xxxvi,

199 1737 235 1771 2,
251 1738 290 1766 11

243 1777 460 1808 Commentum
476 1775 549 1818 (pro
565 1781 640 1813 arte,
654 1776 798 1818 invento)
813 1776 897 1813 xxiii,

198 1822 231 1856 3,
249 1822 280 1850 l.
314 1820 406 1856 xxxii,
421 1822 452 1854 3,
468 1823 499 1850 8.
522 1819 614 1856 xxxii,
628 1823 660 1855 4,
676 1822 697 1850 6
731 1830 785 1860 pro
799 1819 899 1850 consi-

199 1862 252 1899 lio,
282 1861 333 1893 ein
348 1863 508 1901 Anschlag
531 1862 592 1899 xxi,
608 1864 640 1898 4,
657 1865 677 1893 2
710 1871 764 1902 pro
791 1862 900 1893 inven-

198 1905 294 1941 tione,
321 1904 385 1935 sive
406 1905 499 1935 modo
520 1904 698 1936 inveniendi
723 1904 797 1942 xxii,
823 1908 856 1942 4,
879 1908 899 1936 3

199 1947 336 1978 Freinsh.

244 1989 470 2021 Commercium
486 1989 626 2030 pecuniae
650 1989 782 2020 mutuari
797 1990 836 2020 de
851 1989 900 2030 pi-

195 2031 290 2063 ratica
312 2032 353 2068 ix,
367 2035 398 2068 l,
414 2036 431 2062 5
455 2042 554 2062 rerum
567 2037 740 2064 mutuarum
755 2043 900 2063 commer-

197 2075 278 2106 cium
292 2075 376 2110 xviii,
390 2079 422 2111 5,
438 2077 466 2116 SJ

241 2117 463 2148 Commilitium
474 2128 503 2154 v,
516 2119 568 2153 10,
579 2119 597 2148 3
608 2116 705 2158 (Vide
712 2117 898 2148 Savaronem

197 2160 230 2190 in
258 2159 470 2200 Apollinarem
497 2170 568 2201 pag.
584 2163 659 2191 452.
692 2159 723 2189 ἰιι
748 2159 828 2190 Flor.
855 2159 898 2196 iv,

197 2205 231 2238 4,
244 2201 282 2242 3)
298 2202 437 2233 Freinsh.
464 2212 550 2243 reges
567 2203 606 2233 ad
622 2202 834 2233 commilitium
850 2212 898 2232 se-

198 2255 269 2276 cum
284 2245 376 2275 trahit
389 2244 431 2281 xi,
447 2248 478 2280 5,
495 2248 513 2276 3

243 2287 421 2318 Commilito
436 2287 498 2323 xiv,
514 2289 545 2323 2,
562 2290 616 2318 11.
639 2287 719 2324 xxxi,
736 2290 767 2323 8,
782 2289 802 2318 7

242 2329 450 2360 Comminatio
466 2329 537 2359 belli
553 2329 605 2365 xii,
621 2333 653 2366 2,
669 2333 700 2361 9.
722 2329 795 2365 xvii,
808 2332 840 2366 3,
856 2332 898 2361 20

243 2371 441 2403 committere
452 2370 567 2401 bellum
579 2372 651 2412 (pro
664 2372 817 2412 pugnam)
831 2375 898 2408 ν,4,

200 2417 231 2445 l.
255 2414 326 2450 xxii,
342 2417 374 2450 8,
390 2417 409 2445 8
432 2413 570 2454 praelium
595 2415 627 2451 ii,
645 2417 696 2451 14,
713 2417 744 2446 9.
767 2415 849 2449 xxxi,
866 2418 898 2450 6,

199 2460 231 2489 9.
267 2456 350 2493 xxxi,
371 2459 402 2492 8,
418 2460 448 2487 5.
485 2456 586 2492 xxxix,
601 2459 633 2492 3,
649 2460 669 2488 4
706 2457 899 2498 sacrilegium

199 2500 293 2536 xxxii,
308 2501 340 2534 2,
357 2501 373 2530 l
391 2499 463 2539 (pro
475 2498 628 2540 incipere)
641 2499 674 2534 ii,
687 2502 738 2534 12.
751 2502 782 2530 7.
806 2510 854 2535 xv,
865 2502 898 2535 4,

199 2544 253 2573 22.
275 2541 347 2578 xxii,
363 2545 394 2577 6,
411 2545 431 2572 6
444 2541 542 2581 (adde
557 2541 640 2572 Flor.
655 2541 726 2573 Ind.
754 2542 797 2571 ita
811 2541 898 2582 Virg.

198 2584 275 2614 AEn.
290 2595 321 2620 v,
349 2583 430 2625 113)
457 2583 596 2614 Freinsh.
627 2584 817 2615 committere
842 2584 899 2614 ali-

200 2627 252 2657 cui
268 2637 415 2657 summam
431 2625 505 2656 belli
520 2626 542 2663 i,
557 2629 589 2663 6,
604 2629 623 2657 8
641 2625 796 2666 judicium
811 2627 850 2657 de
865 2637 899 2658 se

198 2669 342 2710 religioni
356 2674 389 2699 et
402 2669 532 2699 fortunae
547 2668 569 2704 i,
587 2671 639 2705 10,
657 2672 675 2700 3
699 2669 829 2700 salutem
844 2679 898 2699 na-

197 2711 286 2742 vibus
309 2711 342 2747 ii,
359 2714 413 2748 12,
430 2714 468 2743 15
499 2711 627 2742 tutelam
650 2711 781 2741 filiorum
805 2711 899 2742 alicui

198 2753 239 2791 iv,
255 2758 287 2790 2,
303 2758 322 2786 5

240 2796 443 2828 commodata
453 2796 491 2826 ab
498 2795 577 2827 Jove
584 2795 721 2827 Victoria
730 2795 829 2832 xxxix,
837 2798 869 2832 2,
878 2799 897 2827 5

242 2839 447 2870 Commodum
463 2839 667 2879 navigationis
681 2839 715 2875 ii,
731 2842 783 2876 10,
796 2841 838 2870 24

242 2881 440 2913 commodior
452 2880 643 2923 fugientibus
667 2881 788 2914 Fortuna
817 2880 897 2919 xxiv,

199 2927 233 2961 8,
252 2927 291 2956 13

830 361 1099 395 JUS‘HNUM.

1521 350 1649 392 xxvii

994 460 1195 491 Commovere
1212 458 1449 490 misericordiam
1464 458 1504 496 iv,
1519 461 1552 495 4,
1569 461 1586 490 1

993 501 1228 533 Communicare
1244 511 1313 532 cum
1325 502 1490 543 peregrinis
1506 503 1647 540 (neutra-

948 544 1018 575 liter
1033 555 1086 585 pro
1102 544 1290 585 conversari)
1301 544 1400 580 xxxvi,
1411 548 1442 580 2,
1459 548 1494 575 l5
1511 544 1646 574 Freinsh-

993 585 1175 617 Communis
1198 587 1384 627 eloquentiae
1402 587 1498 627 patria
1512 587 1647 616 Atlienae

947 639 978 665 v,
990 631 1022 665 9,
1037 631 1059 660 9
1080 629 1250 660 communis
1266 629 1413 659 libertatis
1430 630 1541 659 vindex
1557 630 1649 668 adju-

947 672 1066 701 vandus
1081 682 1111 708 v,
1131 674 1182 707 10,
1200 674 1217 702 1
1265 671 1436 701 communis
1451 671 1548 702 hostis
1563 681 1649 702 com-

947 713 1091 743 munibus
1116 713 1229 744 viribus
1255 714 1492 744 summovendus
1513 714 1554 748 ix,
1570 716 1602 750 3,
1627 717 1647 745 7

948 756 1103 786 communi
1118 755 1201 786 facto
1217 756 1356 786 levantur
1371 756 1498 786 crimina
1523 756 1576 791 xii,
1595 759 1646 791 10,

949 801 989 830 10
1011 808 1174 829 commune
1190 797 1320 829 Graeciae
1343 798 1507 828 concilium
1531 798 1597 835 viii,
1615 801 1648 834 1,

947 844 967 873 4
991 840 1167 871 communia
1181 840 1296 870 auxilia
1310 839 1355 876 iii,
1371 844 1405 876 2,
1420 843 1439 872 3

990 882 1187 914 Commutare
1212 894 1283 914 cum
1312 883 1416 925 aliquo
1447 883 1572 914 loricam
1600 882 1647 919 iii,

949 929 980 963 1,
997 928 1017 956 8

989 967 1199 998 Commutatio
1212 966 1285 1004 xxii,
1299 971 1331 1005 6,
1348 971 1367 1000 3

991 1010 1178 1050 Comparare
1204 1011 1311 1041 odium
1337 1010 1429 1042 alicui
1455 1009 1549 1047 xxxii,
1575 1014 1608 1047 2,
1626 1013 1647 1042 6

945 1063 1122 1093 comparare
1142 1053 1270 1084 classem
1286 1054 1379 1091 xxvii,
1396 1056 1426 1089 1,
1442 1056 1472 1084 8.
1505 1053 1598 1089 xxvii,
1614 1057 1652 1089 2,

947 1099 964 1127 1
989 1096 1156 1126 exercitum
1182 1095 1246 1132 xlii,
1261 1099 1294 1131 2,
1321 1099 1359 1127 11
1398 1095 1525 1126 insidias
1552 1096 1646 1126 alicui

945 1138 1025 1175 xxvi,
1042 1141 1073 1174 3,
1090 1141 1110 1169 6
1132 1148 1185 1168 seu
1203 1139 1364 1169 nobilitate
1380 1138 1440 1169 illis
1455 1144 1647 1179 comparetur

945 1180 1072 1217 xxxviii,
1095 1184 1127 1216 7,
1144 1184 1161 1212 1
1200 1182 1331 1211 fortunae
1360 1181 1515 1212 Candauli
1542 1181 1646 1211 nullus

945 1224 1169 1264 comparandus
1181 1223 1235 1260 i,7,
1247 1227 1286 1255 14
1301 1224 1420 1255 facinus
1430 1224 1507 1254 nulli
1515 1229 1646 1266 tyranno

945 1267 1187 1307 comparandum
1201 1266 1243 1305 iv,
1259 1270 1290 1302 3,
1306 1270 1326 1298 2
1364 1272 1573 1307 comparatum
1590 1277 1645 1308 par

945 1308 1059 1339 ducum
1081 1309 1123 1344 vi,
1150 1311 1182 1345 2,
1199 1312 1218 1340 7
1255 1309 1411 1351 (Verbum
1433 1309 1647 1350 gladiatorum.

945 1351 1027 1382 Vide
1040 1351 1138 1392 Lipsii
1159 1351 1332 1382 Satumalia
1347 1351 1380 1389 ii,
1397 1355 1449 1383 19.
1474 1362 1504 1392 p.
1534 1357 1566 1382 et
1596 1352 1646 1383 Cl.

946 1394 1096 1425 Bernecc.
1118 1394 1158 1424 ad
1174 1394 1288 1425 Caesar.
1303 1394 1430 1425 Sueton.
1447 1397 1498 1430 10,
1515 1397 1545 1425 3.
1560 1395 1590 1424 b.
1604 1395 1647 1424 ita

946 1436 1051 1466 Livius
1067 1448 1138 1473 xxx,
1151 1439 1205 1473 28,
1220 1440 1252 1468 6.
1286 1442 1294 1456 ‘
1308 1437 1413 1478 Scipio
1440 1442 1472 1467 et
1487 1437 1646 1467 Hannibal

945 1479 1031 1509 velut
1046 1480 1084 1509 ad
1112 1489 1286 1520 supremum
1308 1485 1462 1511 certamen
1478 1481 1646 1520 comparati

945 1521 1065 1554 duces.’
1086 1526 1094 1540 ‘
1109 1522 1200 1552 Paria
1213 1522 1408 1564 componere’
1419 1528 1510 1554 vocat
1521 1522 1647 1553 Petron-

946 1564 979 1595 in
991 1564 1111 1606 Satyr.)
1128 1564 1266 1595 Freinsh.

990 1607 1190 1648 Comparatio
1204 1607 1429 1649 Epaminondae
1442 1617 1512 1638 cum
1526 1607 1587 1638 telo
1603 1607 1645 1643 vi,

946 1652 979 1685 8,
995 1652 1015 1681 2
1045 1649 1184 1680 Cononis
1198 1661 1268 1681 cum
1291 1655 1475 1692 tempestate
1497 1651 1539 1687 vi,
1554 1653 1587 1687 2,
1605 1653 1646 1681 16

946 1692 1021 1722 item
1046 1692 1155 1723 Xerxis
1183 1693 1236 1730 vii,
1258 1695 1290 1728 4,
1318 1696 1333 1724 1
1375 1693 1550 1723 AEtolorum
1575 1703 1646 1723 cum

948 1733 1098 1766 Romanis
1112 1735 1217 1772 xxviii,
1232 1739 1264 1772 2,
1275 1738 1295 1767 4
1319 1735 1560 1776 Pliilopoemenis
1576 1746 1646 1765 cum

951 1776 1125 1808 Flaminino
1149 1778 1230 1815 xxxi,
1245 1781 1278 1815 3,
1293 1781 1313 1810 4
1342 1778 1552 1808 Romanorum
1576 1789 1647 1809 curn

950 1819 1134 1851 Mithridate
1148 1820 1270 1856 xxxviii,
1283 1823 1315 1857 7,
1329 1823 1345 1851 1
1371 1821 1403 1850 in
1417 1821 1647 1861 comparatione

950 1862 1131 1893 damnorum
1146 1863 1241 1904 pluris
1255 1863 1314 1893 fuit
1336 1863 1411 1894 ultio
1427 1874 1519 1905 quam
1534 1863 1646 1904 injuria

949 1904 995 1941 iii,
1010 1908 1042 1941 7,
1057 1908 1078 1937 6

992 1947 1244 1988 (Comparativus
1257 1957 1312 1988 pro
1323 1948 1466 1989 positivo.
1474 1947 1557 1978 Vide
1569 1947 1647 1978 infra

949 1989 1127 2031 Dexterior)
1142 1990 1337 2021 Petulantius
1351 1992 1403 2027 vii,
1419 1994 1450 2027 3,
1465 1994 1486 2023 4

992 2033 1203 2074 Compedibus
1218 2033 1316 2063 aureis
1339 2034 1461 2064 fratrem
1476 2043 1562 2063 suum
1579 2032 1647 2063 vin·

948 2073 992 2106 cit
1013 2075 1197 2106 Artaxerxes
1221 2086 1252 2113 ν,
1277 2079 1329 2112 11,
1349 2079 1371 2108 4
1399 2076 1529 2107 Darium
1551 2076 1647 2107 duces

948 2117 995 2148 sui
1010 2118 1051 2152 xi.
1068 2121 1121 2154 15,
1139 2122 1155 2150 1

992 2160 1186 2202 Compellere
1202 2160 1233 2191 in
1248 2160 1351 2202 fugam
1366 2160 1437 2202 (pro
1452 2160 1583 2202 pellere)
1604 2162 1645 2198 iv,

947 2206 979 2239 4,
991 2207 1012 2234 9
1028 2203 1165 2234 Freinsh.
1187 2204 1227 2234 ad
1242 2203 1446 2234 defectionem
1462 2204 1646 2245 compellere

947 2246 1086 2276 civitates
1099 2258 1127 2283 v,
1139 2250 1171 2281 2,
1183 2250 1203 2278 2
1226 2247 1258 2276 in
1272 2247 1461 2276 deditionem
1473 2247 1648 2287 oppidanos

947 2288 1107 2329 compellit
1123 2290 1186 2323 xlii,
1198 2291 1231 2325 4,
1246 2292 1265 2320 2
1288 2289 1434 2329 compelli
1449 2290 1487 2319 ad
1501 2290 1579 2319 hanc
1592 2300 1647 2319 ne-

948 2331 1121 2362 cessitatem
1147 2331 1210 2367 viii,
1238 2334 1270 2368 1,
1293 2334 1334 2362 10
1366 2331 1511 2371 compelli
1537 2342 1646 2372 pacem

948 2378 1054 2414 petere
1083 2385 1153 2410 xxx,
1182 2377 1215 2410 3,
1240 2377 1259 2405 7
1297 2374 1474 2414 compulsus
1504 2375 1646 2414 precibus

948 2415 1114 2446 amicorum
1143 2416 1240 2447 redire
1269 2416 1310 2452 ix,
1339 2419 1372 2452 ¹7,
1397 2419 1428 2447 6.
1465 2416 1516 2453 xii,
1546 2420 1597 2452 13,
1625 2421 1644 2448 5

948 2459 1125 2498 compulsus
1140 2469 1156 2489 a
1172 2459 1289 2500 populo
1305 2469 1431 2500 regnum
1444 2459 1580 2500 suscepit
1593 2459 1646 2497 vii,

971 2523 981 2540 ⁷
993 2542 1217 2580 Compendiosi
1234 2542 1368 2573 tramites
1384 2542 1505 2579 xxxviii,
1521 2546 1552 2579 9,
1568 2546 1589 2575 6

991 2595 1046 2625 per
1060 2585 1287 2625 Compendium
1302 2586 1413 2616 ducere
1430 2586 1523 2617 maria
1537 2587 1576 2617 ad
1592 2597 1647 2618 na-

947 2627 1112 2667 vigationis
1127 2628 1321 2658 commodum
1337 2627 1370 2664 ii,
1386 2631 1438 2664 10,
1455 2631 1496 2659 24

992 2670 1212 2710 Compensatio
1236 2670 1381 2700 mercium
1405 2671 1481 2711 (hoc
1496 2675 1554 2707 est,
1578 2681 1647 2711 per-

948 2713 1095 2752 mutatio)
1111 2713 1142 2742 in
1154 2722 1211 2742 usu
1224 2712 1337 2743 Laced.
1349 2713 1393 2749 iii,
1406 2715 1437 2749 2,
1453 2716 1490 2744 11
1509 2713 1646 2744 Freinsh.

992 2754 1151 2796 Comperit
1166 2755 1284 2797 (audit,
1307 2756 1410 2791 discit,
1424 2755 1479 2787 Sie
1493 2756 1646 2797 ersalirts)

948 2797 981 2833 ii,
993 2800 1024 2834 4,
1034 2800 1077 2829 26
1099 2803 1287 2838 compertum
1299 2803 1346 2828 est
1360 2797 1459 2834 xxxix,
1474 2802 1506 2835 5,
1520 2802 1535 2830 l
1561 2810 1646 2830 com-

948 2845 1035 2882 perta
1051 2840 1146 2880 stupri
1160 2841 1236 2881 (lioc
1251 2846 1309 2877 est,
1325 2841 1495 2876 manifesta,
1512 2846 1543 2871 et
1558 2842 1645 2882 quasi

948 2883 1105 2923 convicta)
1122 2883 1161 2918 xi,
1180 2886 1230 2920 11,
1247 2888 1265 2915 5
1290 2883 1357 2925 (Ita
1371 2883 1476 2914 Livius
1497 2884 1567 2921 xxii,
1591 2887 1645 2917 57.

947 2924 987 2968 2)
1009 2925 1144 2957 Freinsh.
