2101 3419
413 340 499 382 936

413 444 492 474 isse.
550 442 670 483 ltaque
695 442 869 484 scripserit
893 445 985 477 Just.
1013 446 1110 486 Epio-

410 503 491 523 rum.
537 493 603 524 Res
628 498 762 524 constat
784 504 827 525 ex
851 495 1014 535 Homero,
1034 497 1108 536 plus

412 543 531 574 decem
550 543 582 573 in
598 543 694 584 locis,
717 548 752 574 et
771 554 812 575 ex
828 545 969 586 Dionys.
995 546 1105 577 Faber.

410 592 563 624 Praefero
576 594 662 624 hanc
675 594 942 626 emendationem
953 596 1104 627 aliorum.

410 644 489 675 Vid.
507 644 626 684 Steph.
641 645 682 676 de
698 645 783 676 Urb.
800 646 834 676 in
848 645 976 678 Ἐπειός.
999 647 1104 685 Sches.

453 696 506 735 §7
530 695 688 735 Direplis]
721 696 828 728 Scrib.
853 697 999 738 abreptis.
1022 698 1032 714 ‘
1048 699 1106 729 Di-

410 745 539 786 ripere'
556 746 643 776 enim
670 750 779 786 notat,
805 748 971 787 spoliare;
992 748 1002 765 ‘
1019 748 1105 779 abri-

409 795 507 836 pere’
523 805 616 833 vero,
632 795 821 828 detrahere.
846 797 945 828 Gron.

451 846 468 885 ᾧ
485 848 505 876 8
530 845 724 886 Hellanicus]
759 846 814 877 Ita
828 847 924 879 Vett.
949 851 983 878 et
999 847 1100 878 Paus.

407 899 441 926 et
458 896 552 927 Plut.
567 906 650 937 quos
666 897 742 937 lege
756 908 765 929 ε
790 899 889 939 vulgo
905 899 1100 930 Helematus.

406 947 515 986 Bong.

448 997 551 1028 Senex
565 1001 594 1028 et
609 997 714 1029 liberis
727 997 830 1037 orbus]
856 996 896 1028 A.
913 998 1099 1038 Caesellius,

405 1057 480 1078 cum
496 1048 603 1078 multa
619 1049 660 1079 de
682 1048 886 1088 temporibus
903 1043 1046 1079 Caesaris
1062 1049 1100 1079 li-

406 1097 520 1127 berius
550 1098 757 1139 loqueretur,
787 1098 967 1138 amicique,
996 1108 1037 1129 ne
1064 1098 1098 1128 id

406 1146 548 1184 faceret,
564 1154 765 1179 monerent:
790 1149 799 1165 ‘
818 1149 912 1179 Duas
931 1158 995 1188 res,
1022 1158 1098 1189 quae

401 1198 587 1229 hominibus
598 1199 812 1230 amarissimae
826 1198 998 1238 videntur,
1009 1208 1100 1239 mag-

403 1259 479 1281 nam
495 1250 559 1280 sibi
572 1250 744 1281 licentiam
762 1249 938 1290 p1·a›bere‚’
961 1260 1098 1291 respon-

403 1299 467 1339 dit,
483 1300 491 1316 ‘
506 1300 725 1331 Senectutem
738 1300 1007 1331 et01=bitatem:’
1022 1301 1097 1332 Val.

401 1349 450 1379 M.
468 1359 517 1380 Vl.
532 1352 563 1380 2.
581 1353 630 1381 12.
675 1350 729 1380 Ita
739 1350 840 1381 Solon
852 1351 1034 1382 Pisistrato
1048 1356 1097 1392 ty·

401 1409 505 1430 ranno
538 1399 719 1440 quaerenti,
747 1400 840 1441 ‘qua
869 1400 1006 1432 tandem
1035 1411 1096 1441 spe

399 1447 518 1488 fretus,
545 1449 607 1479 sibi
624 1453 691 1480 tam
708 1449 872 1481 audacter
899 1451 1095 1491 resisteret,’

399 1499 610 1539 respondisse
627 1498 737 1530 fertur
758 1499 768 1516 ‘
781 1500 999 1532 Senectute:'
1022 1502 1095 1533 Cic.

398 1549 440 1579 de
465 1549 603 1580 Senect.
620 1552 673 1581 20.
697 1550 706 1566 ‘
724 1550 847 1581 Suilius
871 1555 1023 1582 extrema
1047 1562 1095 1582 se-

396 1604 499 1630 necta
524 1599 645 1630 libel-:²
681 1601 759 1631 Tac.
787 1610 870 1632 xm.
897 1604 950 1632 42.
1004 1601 1094 1634 Add.

395 1650 541 1681 Statium
556 1650 615 1680 Th.
634 1659 690 1681 111.
713 1653 788 1682 214.
810 1651 1000 1692 iterumque
1017 1653 1092 1684 Val.

396 1701 446 1731 M.
464 1709 517 1731 111.
533 1703 563 1731 8.
578 1704 609 1731 5.
635 1700 813 1732 Rat10nem
828 1702 943 1734 reddit
955 1704 987 1733 in
1001 1703 1093 1736 Plut.

395 1750 531 1781 Caesare
547 1753 598 1780 21.
644 1751 843 1783 Considius:
867 1753 876 1769 ‘
893 1753 980 1784 Nam
1001 1754 1090 1795 qnod

394 1805 549 1841 superest
567 1801 658 1840 vitae,
683 1801 759 1842 quia
776 1812 893 1842 parum
908 1808 973 1842 est,
1001 1804 1089 1835 haud

395 1860 550 1891 magnam
564 1851 756 1882 cautionem
770 1852 966 1885 desiderat.’
989 1855 1088 1886 Quod

390 1901 500 1940 ipsum
517 1900 559 1931 de
584 1901 731 1933 orbitate
747 1902 813 1933 dici
837 1903 972 1943 potest!
1007 1906 1087 1936 Ber-

390 1960 507 1981 neccer.
552 1951 687 1982 Saresb.
713 1961 777 1983 vn.
814 1953 942 1984 Policr.
969 1957 1022 1985 25.
1051 1966 1084 1996 p.

390 2004 463 2032 520.
478 2002 487 2018 ‘
501 2000 697 2032 paschelius
709 2001 831 2033 Juuius
843 2003 1085 2045 interrogatus,

390 2050 472 2091 quid
488 2050 552 2081 sibi
569 2055 695 2082 tantam
712 2052 809 2083 daret
826 2062 901 2093 quae
918 2054 1021 2085 vellet
1038 2054 1085 2084 di-

389 2101 488 2131 cendi
504 2101 694 2132 licentiam?
717 2102 794 2142 duo,
808 2103 994 2143 respondit,
1007 2114 1082 2145 quae

388 2151 538 2181 homines
554 2151 703 2189 horrent,
717 2157 926 2183 senectutem
944 2158 979 2184 et
995 2154 1084 2186 orbi·

388 2205 513 2241 tatem3
537 2201 617 2243 quid
641 2202 729 2232 enim
753 2202 888 2233 timeret
911 2212 1013 2235 senex
1030 2214 1082 2234 or-

388 2251 481 2283 bus?

429 2300 594 2341 Pigneris]
619 2301 676 2333 Sic
696 2301 787 2333 edidi
811 2312 853 2333 ex
868 2303 962 2334 Vett.
981 2303 1082 2335 omui-

386 2351 459 2383 bns.
504 2351 582 2382 Vid.
613 2352 780 2383 Priscian.
818 2353 877 2384 lib.
910 2363 956 2385 vi.
1002 2355 1082 2385 Fre—

388 2410 493 2441 quens
520 2405 572 2432 est
590 2401 655 2432 oin
672 2412 688 2432 e
703 2402 858 2434 mutatio.
904 2403 988 2435 Inde
1013 2405 1021 2421 ‘
1036 2404 1080 2435 Α-

387 2450 562 2490 pellinem'
586 2450 744 2483 dicebant
760 2452 856 2483 Vett.
881 2463 953 2493 pr0,
978 2454 1080 2495 Apol-

385 2500 504 2531 linem:
537 2501 680 2531 Festus:
716 2505 751 2532 et
778 2501 983 2543 ‘amplecti'
1008 2515 1080 2545 pro,

384 2552 557 2592 amplecti,
579 2561 632 2592 ap.
647 2552 856 2592 Sallustium,
878 2558 912 2585 et
929 2565 948 2585 a
964 2559 1079 2595 tegen-

385 2601 427 2632 ‹lo
449 2602 458 2617 ⁴
476 2601 574 2642 toga’
597 2601 702 2639 dicta,
727 2602 835 2635 Prisc.
858 2604 917 2635 lib.
943 2614 966 2636 1.
990 2611 1024 2636 et
1049 2616 1080 2646 a,

386 2652 534 2692 pendeo,
564 2652 574 2669 ‘
600 2652 755 2692 pondus.’
811 2653 894 2685 Inde
924 2655 1013 2696 quod
1046 2656 1077 2686 in

382 2702 478 2734 Vett.
501 2703 587 2734 Mss.
613 2713 747 2744 semper
776 2704 911 2744 legitur,
933 2707 942 2722 ‘
963 2706 1078 2737 Ptole-

382 2752 512 2791 maeus,'
545 2758 675 2784 rectum
703 2753 868 2785 arbitror:
907 2761 959 2787 est
990 2757 1076 2787 enim

381 2802 510 2833 Graecis
532 2804 732 2841 Πτολεμαῖος.
777 2804 836 2844 Ut,
858 2814 931 2845 quae
956 2806 995 2836 iis
1023 2810 1076 2837 est

381 2850 528 2891 Κέρκυρα,
551 2852 681 2883 Latinis
710 2857 762 2883 cst
794 2854 803 2870 ‘
829 2854 979 2894 Corcyra
992 2855 1012 2886 :'
1039 2860 1075 2887 et

379 2900 518 2941 Βερενίκη
545 2906 598 2933 est
627 2902 637 2919 ⁴
662 2903 853 2936 Berenice)
899 2906 907 2922 ‘
925 2905 1073 2946 Pignus'

874 351 1014 382 NOTAE
1048 351 1312 384 VARIORUM
1348 353 1399 384 ΙΝ

1158 450 1269 478 autem
1297 448 1349 479 hic
1367 452 1465 479 vocat
1481 451 1590 479 natos.
1614 448 1717 486 Bong.
1760 448 1852 479 Duo-

1157 497 1218 528 bus
1234 497 1312 529 filiis
1329 498 1482 529 orbatum
1501 498 1714 528 Hellanicum
1731 498 1851 529 scribit

1157 547 1249 580 Plut.
1271 548 1311 579 de
1328 549 1416 579 Virt.
1443 549 1529 579 Mul.
1555 551 1608 579 24.
1633 548 1722 578 unde
1744 549 1852 588 pigne-

1155 607 1223 628 rum
1238 599 1289 629 hic
1306 599 1372 638 legi
1390 597 1412 629 f.
1429 599 1554 629 rectius
1579 598 1633 629 sit.
1680 597 1768 628 Add.
1792 608 1851 629 no-

1156 651 1228 678 tata
1259 648 1301 678 ad
1328 649 1423 679 Suet.
1453 647 1544 688 Aug.
1573 651 1625 680 21.
1655 652 1685 680 4.
1718 648 1850 679 Bernec.

1155 698 1305 737 Pignerz‘s
1326 707 1463 729 numero
1488 698 1661 739 singulari,
1684 703 1720 729 et
1743 707 1803 738 per
1819 698 1849 729 E

1153 747 1295 788 literam,
1310 749 1376 789 legi
1393 750 1464 779 vult
1478 749 1587 789 Bong.
1630 747 1848 789 Antiquiores

1153 798 1242 837 typ1s
1269 808 1365 838 expr.
1391 803 1502 830 tamen
1525 799 1650 829 habent
1672 799 1846 838 pignorum.

1152 847 1197 877 Et
1213 855 1473 879 consentaneum
1489 849 1566 879 huic
1582 853 1634 880 est
1651 848 1739 890 quod
1755 849 1848 880 Plut.

1151 898 1192 928 de
1206 899 1292 930 Virt.
1304 899 1390 930 Mul.
1405 901 1458 929 24.
1482 898 1610 936 scribit,
1632 898 1846 929 Hellanicum

1150 947 1281 978 duobus
1296 948 1373 979 filiis
1390 949 1547 979 orbatum
1562 958 1646 979 esse.
1668 948 1770 979 Vorst.
1804 948 1846 979 In

1149 997 1245 1028 Vett.
1268 998 1393 1037 legitur
1414 999 1591 1037 pignorum,
1613 998 1703 1039 quod
1728 999 1845 1029 Vorst.

1149 1047 1321 1078 existimat
1350 1052 1613 1078 consentaneum
1643 1057 1735 1088 vero,
1766 1048 1846 1089 quia

1149 1097 1243 1128 Plut.
1267 1097 1387 1128 scribit
1402 1097 1619 1128 Hellanicum
1634 1097 1789 1128 orbatum
1806 1098 1844 1128 li-

1150 1147 1237 1178 beris
1253 1147 1394 1179 duobus.
1428 1147 1501 1188 Ego
1516 1147 1661 1188 praefero
1677 1148 1759 1179 illud
1773 1149 1844 1188 pig-

1146 1197 1241 1236 neris,
1264 1197 1341 1238 quia
1366 1202 1449 1237 puto
1477 1197 1555 1237 poni
1579 1198 1632 1228 hic
1657 1197 1845 1238 indefinite,

1148 1256 1187 1277 ac
1213 1248 1298 1278 citra
1324 1251 1517 1288 respectum
1544 1247 1585 1278 ad
1610 1247 1712 1278 ullum
1728 1257 1842 1278 nume-

1147 1306 1231 1327 rum.
1277 1297 1423 1328 Sensus:
1450 1297 1526 1328 Non
1545 1297 1698 1337 timebat,
1713 1297 1790 1338 qnia
1806 1303 1843 1329 et

1144 1357 1247 1379 senex
1273 1353 1348 1379 erat
1374 1348 1457 1388 ipse,
1479 1357 1540 1378 nec
1566 1347 1671 1378 filium
1696 1347 1842 1379 habebat

1144 1399 1262 1438 ullum,
1285 1408 1348 1439 pro
1363 1408 1427 1439 quo
1444 1402 1560 1438 posset
1577 1407 1649 1428 esse
1665 1398 1842 1438 sollicitus,

1143 1458 1169 1479 s.
1200 1458 1302 1480 unum
1326 1459 1353 1480 s.
1384 1448 1500 1488 plures
1532 1448 1626 1488 prius
1655 1447 1839 1480 habuisset.

1142 1497 1246 1536 Schef.

1185 1549 1202 1588 ς
1215 1551 1235 1578 9
1252 1548 1473 1579 Cunctantibus
1484 1548 1608 1588 privato
1618 1549 1753 1588 periculo
1764 1549 1839 1590 pub-

1143 1598 1233 1628 licum
1249 1598 1360 1639 finire,
1377 1598 1446 1638 fisa]
1468 1598 1582 1629 Simile
1607 1600 1687 1639 quid
1707 1609 1726 1630 a
1742 1600 1837 1632 Plut.

1143 1647 1289 1680 refertur
1306 1648 1373 1679 fine
1388 1649 1575 1689 Pelopidae.
1599 1650 1698 1681 Bern.

1183 1699 1353 1730 Arcessitis
1371 1699 1466 1730 servis
1484 1699 1576 1737 jubet
1598 1699 1745 1740 obserari,
1768 1701 1837 1742 ἔξω]

1140 1749 1224 1789 Leg.
1253 1750 1413 1779 arcessitos
1440 1759 1541 1780 servos
1568 1749 1657 1787 jubet
1696 1751 1836 1783 obserare

1131 1799 1431 1839 sores,ty1·annoque
1443 1800 1594 1830 nunciare.
1611 1799 1762 1832 Gronov.
1794 1801 1835 1832 In

1139 1850 1206 1880 Ms.
1223 1849 1367 1890 quodam
1383 1849 1554 1889 reperitur
1562 1850 1728 1890 observari,
1744 1852 1834 1892 quod

1138 1899 1296 1941 praefero.
1329 1901 1429 1931 Certe
1441 1910 1495 1940 ap.
1509 1901 1605 1932 Vett.
1617 1906 1653 1932 ut
1668 1901 1707 1933 fit
1723 1902 1834 1943 hodie,

1137 1960 1203 1981 non
1220 1950 1450 1987 exterius‚sed
1465 1950 1554 1981 intus
1564 1951 1678 1991 januae
1698 1951 1833 1983 obsera-

1137 2000 1277 2038 bantur3
1294 2010 1356 2030 nec
1371 2005 1437 2031 tam
1449 2001 1694 2032 cohibebantur
1705 2012 1744 2033 eo
1755 2012 1832 2033 con-

1135 2051 1248 2081 stituti
1272 2052 1363 2081 intra
1386 2050 1532 2090 domum,
1554 2061 1652 2092 quam
1674 2053 1832 2084 exclude-

1135 2101 1270 2140 bantur,
1291 2101 1345 2142 qui
1372 2099 1454 2131 foris
1479 2101 1715 2133 adveniebant.
1760 2104 1830 2135 Ita-

1133 2160 1197 2191 que
1227 2151 1300 2181 haec
1330 2150 1500 2182 obseratio
1537 2161 1747 2192 supervacua
1776 2153 1829 2185 hic

1133 2200 1255 2232 fuerat.
1300 2199 1347 2231 At
1362 2201 1561 2241 observatio,
1584 2201 1606 2233 i.
1621 2212 1651 2234 e.
1675 2203 1830 2235 custodia

1133 2260 1152 2281 a
1169 2256 1220 2282 tot
1240 2251 1387 2282 servitiis
1413 2251 1615 2282 conveniens
1642 2253 1829 2292 proposito.

1133 2301 1262 2342 Estque
1287 2302 1350 2333 hoc
1369 2302 1469 2342 plane
1492 2301 1659 2334 observare.
1703 2302 1828 2336 Plauto

1132 2361 1266 2391 qnoque
1292 2352 1324 2382 in
1347 2351 1479 2383 Asinar.
1496 2362 1536 2383 11.
1562 2356 1594 2383 2.
1619 2356 1651 2384 7.
1675 2353 1732 2385 ubi
1756 2355 1826 2387 ait:

1132 2404 1141 2419 ‘
1158 2402 1219 2432 Vae
1236 2402 1283 2432 illi
1299 2403 1354 2444 qui
1381 2408 1449 2433 tam
1475 2403 1694 2443 indiligenter
1713 2404 1827 2436 obser-

1131 2453 1224 2484 vavit
1244 2452 1410 2493 januain.'
1453 2454 1528 2486 Quo
1553 2454 1573 2483 l.
1596 2454 1658 2484 viri
1674 2454 1766 2486 docti
1783 2456 1826 2487 si-

1131 2502 1198 2531 mul
1228 2506 1360 2541 notant,
1384 2503 1556 2542 proprium
1582 2503 1645 2534 hoc
1676 2506 1827 2536 servitio-

1131 2561 1202 2582 rum
1233 2562 1350 2582 munus
1381 2562 1434 2592 ap.
1465 2554 1560 2584 Vett.
1587 2552 1703 2593 fuisse,
1733 2555 1823 2595 quod

1129 2605 1265 2646 egregie
1282 2614 1356 2635 cum
1374 2605 1495 2635 nostris
1512 2606 1681 2636 convenit.
1699 2606 1802 2645 Schef.

1171 2654 1225 2693 Se,
1243 2655 1313 2694 quia
1334 2654 1498 2685 liberanda>
1516 2654 1647 2694 patriae]
1669 2655 1765 2687 Junt.
1789 2666 1823 2687 se

1127 2705 1190 2744 qui.
1208 2705 1321 2735 Grarv.
1361 2704 1544 2734 Liber-anda>
1555 2705 1669 2744 putriae
1684 2715 1752 2736 non
1771 2715 1821 2737 re-

1127 2755 1249 2796 pudio;
1273 2753 1467 2795 praeferrem
1488 2760 1598 2785 tamen
1621 2755 1770 2796 liberatae,
1791 2756 1820 2787 si

1125 2805 1182 2845 qui
1200 2805 1283 2836 Mss.
1302 2804 1380 2835 lect.
1396 2814 1468 2835 cam
1486 2804 1669 2835 firmarent.
1691 2805 1798 2844 Schef.

1169 2857 1186 2895 ξ
1205 2859 1243 2886 10
1267 2854 1405 2895 Ancipii,
1418 2855 1485 2895 Cym]
1506 2856 1597 2886 Saxo
1614 2865 1654 2887 11.
1672 2860 1768 2896 p.2l.
1782 2861 1819 2888 et

1126 2915 1201 2938 xiv.
1226 2916 1257 2947 p.
1273 2908 1346 2937 323.
1371 2904 1393 2937 f.
1416 2906 1425 2922 ‘
1444 2904 1530 2936 Ano.
1549 2915 1581 2945 p.
1600 2905 1642 2937 c.'
1684 2915 1761 2938 xv1.
1785 2916 1817 2947 p.
