2101 3419
434 369 600 411 cxxviii

476 476 620 516 Stuprare
648 475 794 517 virginem
823 486 878 517 per
902 476 963 507 vim
984 476 1018 513 ii,
1041 480 1074 514 9,
1097 481 1127 508 1.

432 519 556 554 xxxviii,
571 521 603 554 8,
619 522 638 549 5
662 524 808 559 stupratas
832 518 963 560 virgines
991 520 1035 556 iii,
1051 523 1083 557 4,
1099 524 1128 552 1.

435 560 496 595 xxi,
512 563 542 595 2,
560 563 601 591 10

475 603 620 643 Stuprum
647 613 740 633 causa
768 602 940 645 tyrannidis
965 603 1128 644 ejiciendae

433 644 466 680 ii,
479 647 511 680 9,
528 648 544 675 l
562 650 594 674 et
608 655 654 686 sq.
679 646 775 686 stupri
797 646 889 676 vitam
905 647 1055 686 patientia
1077 658 1128 677 ex-

432 687 536 717 hibere
558 688 632 723 xxii,
649 691 679 723 l,
696 691 714 718 3
738 689 850 729 stupris
863 689 963 719 vexari
985 688 1032 725 xi,
1052 693 1084 725 4,
1109 692 1128 720 3

433 729 464 758 in
481 730 591 770 stupris
606 736 712 761 noctes
728 741 906 762 consumere
921 743 990 767 xxx,
1003 735 1033 768 1,
1046 735 1066 763 8
1089 733 1128 762 ad

433 777 570 812 stuprum
586 774 652 813 rapi
673 773 734 809 xxi,
749 776 780 809 2,
797 777 838 805 10
860 774 953 815 diripi
976 774 1056 812 xxvi,
1070 777 1128 810 1,7

433 820 538 854 stupra
551 815 652 846 facere
680 827 749 852 xxx,
765 819 796 852 2,
812 819 832 848 2

476 857 612 888 Suadere
628 858 843 898 parsimoniam
859 858 952 889 alicui
980 859 1024 894 iii,
1039 861 1071 894 2,
1090 862 1130 890 10

435 900 563 929 suadere
579 900 669 930 alicui
686 901 769 941 quod
785 906 904 931 vetatur
928 902 962 937 ii,
977 904 1009 937 7,
1026 905 1064 932 11

477 942 539 971 Sub
551 943 653 983 specie
667 943 834 983 majestatis
849 954 953 983 regum
969 944 1128 974 Persarum

435 994 566 1024 persona
595 986 745 1015 occulitur
767 987 788 1019 i.
812 989 845 1021 9,
871 989 907 1017 11
943 987 1002 1016 sub
1027 987 1129 1026 specie

435 1026 607 1056 venationis
637 1027 775 1068 Harpagi
804 1037 907 1058 servus
943 1030 981 1058 ad
1012 1028 1128 1069 Cyrum

435 1077 587 1099 commeat
622 1070 643 1105 i,
659 1074 690 1106 5,
708 1073 748 1101 10
783 1071 840 1100 sub
853 1071 980 1100 obtentu
997 1071 1130 1101 liberati-

435 1112 502 1141 onis
525 1122 554 1148 v,
572 1115 602 1147 8,
621 1115 660 1143 12
697 1113 753 1142 sub
779 1122 873 1153 regno
899 1113 1058 1143 Persarum
1085 1119 1132 1143 est

435 1153 532 1194 major
561 1164 629 1194 pars
657 1153 738 1184 Asiae
763 1154 802 1190 vi,
829 1158 859 1191 l,
886 1158 901 1186 l
937 1156 993 1185 sub
1022 1155 1131 1185 militia

436 1196 529 1235 patris
552 1196 593 1231 ix,
608 1199 637 1232 l,
652 1199 672 1227 8
695 1198 751 1226 sub
766 1197 869 1238 specie
884 1197 1060 1228 insidiarum
1083 1199 1130 1228 in-

436 1238 554 1268 terfecti
578 1238 630 1274 xii,
646 1241 678 1274 7,
693 1242 713 1270 2
736 1241 792 1270 sub
814 1239 980 1270 Aristotele
1005 1241 1131 1271 doctore

435 1281 531 1311 crevit
553 1281 605 1316 xii,
623 1284 673 1317 l6,
690 1284 709 1312 8
731 1283 787 1312 sub
805 1292 932 1322 persona
957 1283 1035 1323 regis
1060 1284 1132 1313 sub-

434 1322 489 1362 jici
505 1323 698 1364 indignorum
716 1324 842 1365 imperio
870 1325 934 1361 xiii,
949 1328 981 1360 2,
998 1328 1038 1356 12
1076 1326 1132 1356 sub

441 1366 513 1395 belli
529 1367 767 1397 comminatione
790 1367 864 1403 xvii,
881 1371 913 1404 3,
926 1371 968 1399 20
991 1368 1048 1398 sub
1058 1368 1132 1398 belli

435 1408 670 1439 denuntiatione
692 1409 818 1446 xviii‚6,
832 1414 848 1441 l
873 1411 929 1440 sub
951 1410 1053 1451 aliquo
1070 1416 1132 1440 tur-

437 1461 501 1480 mas
513 1451 649 1491 equitum
666 1451 788 1487 ducere,
803 1452 942 1489 militare,
959 1453 1065 1484 annuli
1077 1464 1132 1484 cu-

437 1503 498 1523 ram
515 1494 626 1524 habere
648 1494 722 1531 xliii,
737 1499 769 1531 5,
786 1498 826 1526 12

478 1536 611 1566 Subdita
632 1547 705 1577 rogo
733 1538 824 1578 patris
848 1538 896 1568 fax
921 1537 1036 1579 nuptiis
1062 1537 1132 1568 filiae

437 1588 563 1608 accensa
588 1579 628 1614 xi,
645 1582 676 1615 1,
692 1582 712 1610 4

480 1620 610 1651 subesse
627 1633 632 1651 :
663 1622 767 1652 subest
796 1622 910 1653 bellum
947 1633 977 1658 v,
1008 1625 1060 1659 10,
1092 1625 1131 1655 13

436 1662 518 1693 fraus
540 1663 620 1700 xxiv,
636 1667 667 1699 2,
684 1668 724 1695 10
746 1664 836 1695 dolus
862 1665 986 1702 xxxviii,
1001 1667 1033 1700 3,
1047 1669 1068 1697 2

479 1706 624 1746 Subigere
637 1707 709 1747 (pro
721 1707 861 1747 domare)
877 1707 910 1743 ii,
925 1711 957 1743 4,
974 1711 1014 1740 14
1030 1707 1134 1738 Frein-

437 1748 533 1778 sbem.
555 1749 576 1784 i,
591 1752 621 1785 1,
637 1752 667 1780 8.
689 1750 711 1786 i,
725 1753 756 1786 8,
769 1753 800 1782 1.
827 1751 879 1785 vii,
893 1753 924 1787 3,
942 1754 971 1782 l.
1002 1751 1085 1787 xxiii,
1101 1753 1133 1787 3,

437 1793 468 1821 2.
498 1791 640 1828 xxxiv,l,
656 1795 671 1823 1
695 1793 784 1822 armis
813 1793 953 1833 subigere
989 1794 1021 1829 ii,
1044 1796 1076 1830 4,
1094 1796 1133 1824 14

438 1833 550 1872 praeliis
575 1834 655 1872 xxxi,
672 1836 702 1871 3,
718 1838 734 1866 1
752 1835 850 1876 subigi
862 1836 918 1866 sub
929 1836 1040 1877 jugum
1065 1847 1134 1873 xxx,

438 1877 470 1912 3,
485 1879 506 1906 9

481 1917 638 1958 Subjicere
667 1918 739 1960 (pro
769 1921 958 1961 supponere)
1002 1921 1023 1957 i,
1053 1923 1085 1957 9,
1113 1924 1134 1952 9

439 1959 577 1990 Freinsh.
612 1961 744 2001 aliquem
759 1962 879 1993 libidini
895 1963 1026 2004 alicujus
1043 1964 1084 2000 ix,
1099 1966 1133 1999 6,

437 2005 460 2033 6
489 2002 600 2043 subjici
623 2004 749 2044 imperio
778 2005 971 2046 indignorum
1009 2006 1073 2041 xiii,
1101 2008 1134 2042 2,

442 2047 481 2075 12
505 2045 676 2085 subjeetum
693 2046 747 2076 tali
761 2046 893 2077 foeminae
917 2052 1036 2077 tanturn
1057 2048 1134 2077 viro-

439 2096 505 2116 rum
528 2087 549 2124 i,
565 2090 597 2123 3,
612 2090 631 2118 3
655 2088 785 2128 subjecti
801 2090 901 2130 campi
923 2090 956 2125 ii,
971 2093 1003 2125 4,
1019 2093 1039 2121 2
1063 2091 1134 2120 sub-

439 2128 540 2168 jectus
551 2130 582 2160 in
594 2130 726 2160 officium
734 2131 864 2172 alicujus
873 2132 945 2173 (pro
952 2131 1135 2173 substituto)

440 2171 493 2207 xii,
510 2174 561 2208 12,
578 2177 596 2204 5
620 2173 709 2203 armis
723 2173 879 2213 subjectus
899 2177 971 2215 (pro
996 2175 1135 2211 subacto,

440 2215 622 2255 subjugato)
645 2215 721 2252 xliii,
733 2218 765 2251 3,
776 2220 796 2248 2
819 2216 922 2247 Vorst.

483 2257 591 2288 Subire
606 2257 719 2294 bellum
735 2259 810 2300 (hoc
823 2265 879 2295 est,
895 2258 975 2300 pati)
996 2259 1036 2295 xi,
1049 2262 1080 2295 4,
1095 2262 1133 2291 11

441 2297 578 2330 Freinsh.
613 2300 726 2340 regiam
757 2302 931 2332 servitutem
965 2302 1029 2338 viii,
1057 2304 1088 2338 1,
1114 2305 1133 2333 3

441 2341 593 2372 fortunam
622 2343 791 2373 obsidionis
812 2345 872 2380 xiv,
895 2347 926 2381 2,
943 2347 962 2375 3
986 2344 1135 2375 maculam

442 2383 576 2414 infamiae
598 2385 690 2422 xxvii,
706 2389 734 2421 l,
751 2389 769 2417 3
792 2386 954 2417 discrimen
977 2387 1030 2423 xli,
1045 2390 1078 2424 2,
1093 2390 1114 2418 9

486 2427 612 2457 Subitus
641 2438 677 2458 ex
706 2429 789 2459 socio
818 2430 915 2460 hostis
951 2430 1012 2466 xvi,
1035 2432 1068 2465 4,
1095 2433 1136 2461 10

443 2468 543 2499 subita
570 2470 698 2500 mutatio
720 2481 818 2502 rerum
841 2471 882 2509 xi,
899 2476 928 2509 l,
946 2476 964 2504 5
1002 2473 1136 2503 subitum

442 2509 556 2542 bellum
580 2513 651 2549 xxii,
667 2516 699 2549 6,
716 2516 755 2545 ll

486 2554 651 2596 Sublegere
666 2561 805 2586 senatum
819 2556 894 2598 (pro
909 2557 1069 2599 supplere)
1093 2557 1136 2594 iii,

444 2598 476 2631 3,
491 2599 511 2627 2
536 2597 672 2628 Freinsh-

487 2640 655 2670 Sublimis:
683 2640 714 2670 in
743 2641 873 2672 sublime
888 2641 956 2672 ferri
979 2642 1021 2679 iv,
1046 2646 1076 2680 1,
1099 2645 1139 2674 10

444 2681 590 2721 expulsus
606 2683 727 2723 spiritus
750 2684 830 2720 xxiv,
844 2687 876 2720 6,
892 2687 913 2715 9

487 2725 685 2767 Submergere
697 2738 703 2756 :
720 2727 882 2757 submersae
895 2726 1047 2767 profundo
1055 2731 1139 2758 terrae

444 2765 477 2801 ii,
494 2769 523 2802 1,
538 2770 577 2798 17

489 2809 723 2841 Subministrare
745 2811 785 2847 vi,
800 2814 833 2846 7,
848 2814 879 2842 5.
901 2812 972 2847 xxii,
988 2815 1018 2848 5,
1034 2815 1054 2843 4

488 2850 675 2883 subnectere
704 2853 777 2893 (pro
807 2859 980 2891 annectere,
1009 2854 1140 2897 addere)

444 2892 519 2927 xliii,
535 2897 566 2929 4,
581 2897 599 2925 4
625 2894 760 2926 Freinsb.

491 2935 661 2967 Subornare
676 2938 749 2978 (pro
764 2949 896 2974 monere,
908 2939 1075 2980 instrucre)
1099 2940 1139 2975 xi,

450 2980 500 3010 ll.
517 2980 537 3008 0
561 2979 591 3008 in
617 2979 729 3010 bellum
745 2980 817 3022 (pro
835 2981 994 3023 instigare)
1017 2982 1058 3018 ix,
1073 2985 1105 3020 7,
1119 2986 1140 3014 7

1073 378 1232 409 INDEX

1178 476 1316 507 Freinsh.
1351 476 1411 513 xiv,
1437 479 1469 513 6,
1483 480 1505 508 6
1524 477 1560 507 in
1575 487 1699 519 rognum
1722 488 1811 517 xxxv,
1839 481 1870 516 l,

1178 522 1210 550 6.
1233 520 1334 555 xxxiii,
1348 523 1378 555 2,
1398 523 1413 550 1
1447 520 1592 550 subornat
1615 531 1684 550 eum
1711 522 1749 551 ad
1779 533 1873 552 occu-

1180 562 1317 601 pandum
1346 563 1472 591 alterum
1506 563 1558 598 xii,
1585 566 1636 600 14,
1661 567 1682 595 6
1710 565 1873 595 subornare

1179 609 1272 634 testes
1295 605 1385 640 xxxii,
1401 608 1433 640 2,
1450 607 1470 635 9

1221 646 1372 688 Subsequi
1389 648 1430 684 xi,
1443 649 1495 684 15,
1510 649 1541 678 4.
1557 647 1617 684 xiv,
1628 650 1660 684 4,
1672 650 1725 679 18.
1750 648 1873 684 xxxviii,

1180 691 1210 724 1,
1226 692 1245 719 5

1220 730 1397 761 Subsidium
1419 731 1460 768 vi,
1475 734 1507 767 2,
1524 734 1564 762 17

1221 773 1392 804 Subsistere
1418 774 1478 809 xiv,
1494 777 1526 809 6,
1544 777 1584 805 10

1221 815 1416 847 substernere
1434 817 1560 857 ¹aliquid
1595 816 1692 847 somni
1717 826 1808 847 causa
1830 817 1875 853 iii,

1179 860 1210 893 3,
1232 861 1251 888 7

1222 900 1409 932 Substituere
1448 901 1580 940 aliquem
1618 905 1748 931 tutorem
1783 901 1874 932 alicui

1178 943 1279 979 xxxvi,
1309 947 1340 978 1,
1368 947 1386 974 7
1412 944 1603 974 substituitur
1627 945 1688 973 dux
1715 945 1745 973 in
1773 944 1872 974 locum

1179 985 1246 1025 ejus
1268 986 1309 1021 xi,
1324 989 1356 1021 2,
1373 990 1390 1016 6

1222 1028 1404 1058 Subtrahere
1425 1039 1456 1058 se
1472 1038 1584 1069 pugnae
1607 1028 1640 1064 ii,
1659 1031 1709 1064 12,
1723 1030 1764 1059 25
1794 1029 1875 1069 peri·

1179 1069 1250 1100 culo
1265 1071 1414 1100 subtrahit
1429 1071 1560 1111 aliquem
1576 1071 1647 1111 equi
1661 1071 1735 1111 fuga
1747 1081 1778 1107 V,
1790 1074 1841 1107 ll,
1854 1075 1875 1102 9
1900 1085 1906 1089 ·

1222 1112 1390 1143 Subvenire
1405 1113 1495 1143 alicui
1523 1113 1605 1149 xxiii,
1621 1116 1652 1149 3,
1669 1116 1690 1144 6

1222 1155 1402 1186 Subvertere
1420 1167 1426 1185 :
1469 1156 1567 1186 brevis
1609 1155 1755 1185 momenti
1783 1156 1874 1196 culpa

1180 1198 1328 1228 subvertit
1356 1198 1514 1239 imperium
1539 1198 1581 1234 vi,
1597 1200 1664 1235 3,8
1701 1198 1874 1229 subvertere

1179 1249 1277 1271 mores
1289 1240 1394 1281 patriae
1418 1240 1471 1276 xii,
1487 1244 1518 1276 5,
1533 1244 1553 1271 2

1222 1282 1438 1313 Succedaneus
1453 1283 1543 1313 alicui
1569 1282 1690 1319 xxxviii,
1706 1285 1739 1322 6,
1754 1286 1774 1314 2

1223 1324 1394 1356 succedere
1406 1326 1489 1366 (pro,
1503 1336 1534 1356 se
1547 1325 1713 1366 subjicere)
1727 1326 1789 1362 viii,
1805 1329 1837 1362 2,
1852 1329 1874 1358 2

1180 1369 1344 1398 succedere
1359 1368 1390 1397 in
1407 1368 1507 1398 locum
1529 1368 1584 1404 vii,
1597 1371 1627 1405 1,
1644 1371 1683 1399 ll
1701 1369 1731 1398 in
1747 1379 1873 1409 regnum

1180 1409 1232 1445 vii,
1249 1413 1280 1447 2,
1296 1413 1316 1441 2
1338 1421 1432 1451 regno
1448 1410 1479 1440 in
1498 1411 1599 1441 locum
1622 1410 1744 1441 alterius
1778 1412 1811 1447 ii,
1841 1415 1873 1448 4,

1182 1454 1234 1483 17.
1257 1453 1328 1488 xvii,
1344 1456 1375 1489 3,
1394 1456 1444 1485 16.
1461 1453 1534 1489 xliii,
1547 1456 1579 1489 4,
1596 1455 1614 1483 3
1631 1453 1796 1485 succedere
1809 1464 1873 1484 non

1180 1505 1306 1526 numero
1330 1500 1447 1525 tantum
1471 1496 1647 1526 amissorum
1669 1496 1792 1532 civium,
1818 1498 1872 1527 sed

1180 1542 1213 1567 et
1227 1538 1370 1578 dignitati
1391 1538 1435 1574 iii,
1452 1542 1483 1575 5,
1499 1541 1518 1569 7
1554 1538 1717 1569 succedere
1746 1539 1777 1568 in
1801 1538 1874 1579 jura

1181 1580 1334 1610 affinitatis
1356 1579 1409 1617 vii,
1432 1583 1464 1617 3,
1493 1584 1514 1612 9
1550 1581 1714 1611 succedere
1742 1586 1874 1612 externae

1180 1623 1383 1653 dominationi
1405 1623 1472 1659 viii,
1482 1626 1513 1659 2,
1525 1626 1546 1654 2
1561 1623 1649 1664 (alibi
1663 1634 1670 1653 :
1700 1622 1800 1654 subire
1815 1634 1876 1654 ser·

1183 1665 1339 1706 vitutem).
1371 1666 1516 1697 successit
1537 1666 1568 1695 in
1594 1666 1694 1696 locum
1709 1665 1760 1696 irae
1775 1667 1876 1696 existi-

1184 1708 1277 1738 matio
1299 1708 1352 1744 xii,
1367 1711 1399 1743 6,
1414 1712 1433 1739 5
1470 1708 1634 1739 succedere
1658 1709 1738 1740 sicut
1761 1709 1876 1750 generi,

1184 1750 1226 1780 ita
1241 1756 1273 1781 et
1287 1751 1491 1791 magnitudini
1506 1750 1600 1792 patris
1623 1751 1683 1787 xix,
1701 1754 1731 1787 1,
1746 1754 1766 1782 2
1794 1751 1876 1792 Aga-

1184 1793 1301 1824 thocles
1328 1793 1474 1825 successit
1502 1793 1705 1835 magnitudini
1731 1793 1876 1835 Dionysii

1183 1836 1255 1872 xxii,
1272 1839 1302 1872 1.
1319 1838 1335 1866 l
1361 1836 1464 1866 Vorst.

1227 1879 1412 1909 Succensere
1428 1878 1543 1919 aliquid
1567 1877 1651 1919 (pro,
1672 1882 1796 1920 propter
1820 1878 1878 1908 ali-

1184 1921 1277 1961 quid)
1301 1921 1364 1957 viii,
1380 1925 1412 1958 2,
1429 1924 1468 1952 12
1491 1921 1595 1951 Vorst.

1226 1963 1386 1994 Successio
1401 1974 1504 2004 regum
1531 1964 1611 1999 xxix,
1628 1966 1659 1998 l,
1675 1965 1691 1994 1
1723 1963 1874 1994 successio

1182 2004 1214 2034 in
1230 2006 1444 2045 patrimonium
1460 2005 1504 2041 iii,
1517 2008 1549 2041 4,
1562 2009 1581 2037 8
1603 2006 1634 2035 in
1650 2006 1873 2036 successionem

1183 2048 1269 2088 regni
1284 2048 1416 2088 aliquem
1439 2048 1585 2088 adoptare
1607 2048 1648 2083 ix,
1664 2050 1695 2083 2,
1709 2051 1725 2079 1
1763 2048 1876 2088 eligere

1184 2089 1248 2126 xiii,
1265 2092 1295 2126 1,
1312 2093 1351 2121 13
1376 2090 1515 2120 ordinare
1543 2089 1615 2126 xvii,
1632 2093 1662 2125 l,
1678 2093 1698 2121 4
1728 2099 1782 2129 per
1795 2090 1875 2119 ordi-

1184 2142 1254 2162 nem
1278 2132 1477 2163 successionis
1512 2132 1534 2168 i,
1549 2135 1581 2168 4,
1596 2135 1626 2163 1.
1657 2132 1690 2166 ii,
1705 2134 1736 2167 6,
1760 2135 1799 2163 12
1823 2143 1876 2172 per

1185 2175 1310 2214 gradum
1326 2174 1525 2205 successionis
1547 2175 1608 2211 xvi,
1620 2178 1651 2211 5,
1663 2177 1704 2206 18
1726 2175 1877 2205 successi-

1185 2227 1259 2247 ones
1273 2227 1383 2247 annuae
1411 2217 1454 2253 iii,
1470 2220 1501 2252 3,
1517 2219 1537 2248 2

1227 2259 1388 2290 Successor
1413 2259 1498 2300 regni
1530 2259 1583 2296 xli,
1599 2263 1632 2298 5,
1646 2262 1677 2290 7.
1700 2257 1772 2294 xliv,
1786 2260 1818 2294 4,
1836 2261 1876 2289 10

1185 2312 1372 2332 successores
1401 2301 1569 2333 Alexandri
1591 2312 1640 2338 xv,
1661 2304 1737 2338 1,1.
1770 2311 1820 2338 xv,
1844 2303 1876 2338 3,

1186 2347 1237 2376 15.
1262 2343 1314 2380 xli,
1329 2347 1361 2381 4,
1378 2347 1394 2375 1

1228 2387 1376 2418 Successu
1402 2396 1499 2417 rerum
1526 2390 1759 2427 corrumpuntur
1785 2385 1878 2416 animi

1184 2430 1286 2465 xxxvi,
1303 2433 1333 2465 1,
1349 2432 1363 2461 1
1390 2439 1427 2459 ex
1443 2439 1583 2460 successu
1605 2429 1759 2460 continuae
1780 2428 1879 2458 felici-

1186 2472 1257 2502 tatis
1279 2472 1417 2502 homines
1431 2482 1486 2502 nos
1502 2482 1567 2502 esse
1589 2471 1794 2502 obliviscimur
1816 2471 1877 2506 xvi,

1187 2518 1218 2551 5,
1234 2517 1253 2545 8
1277 2514 1423 2546 continuo
1450 2515 1543 2545 totius
1568 2514 1712 2554 temporis
1737 2523 1876 2544 successu

1187 2557 1209 2594 i,
1222 2560 1253 2593 8,
1272 2560 1311 2589 14
1333 2567 1373 2586 ne
1389 2558 1577 2588 successibus
1601 2558 1723 2587 deesset
1746 2555 1877 2586 auctori-

1189 2605 1235 2630 tas
1260 2600 1294 2635 ii,
1309 2602 1342 2634 4,
1358 2602 1397 2630 13

1232 2642 1413 2673 Succinctus
1441 2641 1554 2671 viribus
1582 2641 1776 2671 maximarum
1805 2649 1879 2680 gen·

1190 2685 1266 2715 tium
1281 2683 1356 2726 (boc
1369 2689 1425 2720 est,
1438 2683 1600 2725 subnixus)
1614 2684 1654 2720 vi,
1666 2687 1696 2720 l,
1707 2686 1726 2715 2
1742 2682 1880 2713 Freinsh.

1190 2737 1281 2762 xxxv,
1297 2730 1326 2762 l,
1341 2730 1362 2758 9

1234 2770 1438 2801 Succumbere
1450 2769 1536 2799 morti
1559 2768 1620 2804 xiv,
1632 2770 1664 2804 6,
1676 2770 1713 2799 11
1741 2777 1880 2798 succum-

1191 2813 1261 2843 bere
1285 2812 1365 2842 vitiis
1380 2822 1495 2848 eorum,
1521 2821 1597 2852 quos
1620 2811 1709 2841 armis
1729 2808 1881 2850 subegeris

1191 2856 1244 2891 xii,
1254 2859 1286 2889 4,
1299 2858 1319 2886 2

1234 2898 1354 2927 Sudant
1367 2897 1486 2927 arbores
1510 2896 1677 2926 balsamum
1700 2894 1795 2929 xxxvi,
1813 2896 1844 2929 3,
1859 2895 1879 2923 4

1235 2940 1335 2970 Sudor
1350 2939 1502 2979 profluens
1518 2950 1566 2975 xv,
1579 2942 1610 2975 4,
1627 2942 1665 2971 17
1690 2939 1798 2980 plenus
1813 2935 1879 2977 pul-

1192 2984 1267 3014 veris
1282 2988 1312 3013 et
1327 2982 1444 3013 sudoris
1467 2982 1505 3018 xi,
1519 2986 1549 3018 8,
1565 2985 1583 3013 3
