2101 3419
755 365 806 395 IN
840 362 1109 396 Jus'rINUM.

251 462 417 496 Citharista
432 463 533 502 xxxvi,
550 465 582 500 4,
596 465 618 495 6

251 507 323 538 Cito
340 507 422 543 xviii,
437 510 469 542 4,
484 509 512 537 l.
537 506 622 544 xxiii,
638 508 670 543 3,
686 507 738 537 10.
760 504 813 542 xli,
827 507 860 543 4,
881 508 903 538 9

208 548 298 580 citius
312 550 419 585 xxxiii,
434 553 466 586 2,
481 552 501 580 2

253 591 351 622 Civile
367 591 480 622 bellum
497 590 625 623 Caesaris
640 595 672 620 et
686 589 827 630 Pompeii
838 588 903 627 xlii,

208 637 241 668 ⁴,
256 637 277 665 6
300 633 382 664 civili
397 635 504 664 fraude
519 634 595 673 (hoc
610 637 667 668 est,
694 632 817 662 civium.
832 631 904 662 Flo·

207 685 257 706 rus
268 676 312 712 iii,
320 678 434 712 2214.
449 676 586 717 appellat
598 673 904 716 ‘domesticam’)xii‚

211 721 243 754 6,
261 721 301 749 12
317 718 454 751 Freinsh.

251 761 335 792 Civis
350 762 423 802 (pro
433 757 648 799 conterraneo)
664 758 727 795 i,4‚
738 761 770 789 4.
791 757 834 795 xi,
849 761 903 796 15,

207 805 229 833 6
244 803 312 844 (ein
336 803 530 841 Landsmun)
546 801 682 832 Freinsh.
704 800 816 832 civium
834 806 903 832 tuo-

209 855 274 875 rum
291 845 353 874 dux
369 846 452 881 xviii,
468 848 500 880 7,
516 847 557 876 12

251 887 368 919 Civitas
381 888 412 918 in
428 888 557 924 civibus,
572 896 635 916 non
650 885 788 916 aedificiis
803 885 904 926 posita

207 929 241 965 ii,
259 932 310 965 12,
328 933 368 961 14
383 930 434 971 (et
443 931 503 960 hoc
518 929 747 970 praetenderunt
756 927 903 966 Romani,

207 981 277 1002 cum
294 972 510 1013 Carthaginem
525 972 627 1002 delere
651 970 775 1001 vellent.
798 976 904 1001 auctor

207 1014 372 1054 Appianus
388 1015 420 1044 in
447 1015 487 1045 de
510 1014 592 1045 Bell.
620 1013 699 1044 Pun.
725 1023 796 1054 pag.
812 1016 865 1045 52.
879 1013 902 1044 f.

206 1055 288 1086 Vide
298 1062 330 1086 et
341 1057 521 1087 Strabonem
535 1057 588 1086 lib.
600 1056 662 1086 viii.
676 1065 746 1096 pag.
761 1058 836 1087 246.
849 1056 903 1096 qui

207 1098 317 1138 poetas
340 1099 426 1135 citat,
443 1100 496 1140 qui
516 1103 596 1129 totas
620 1098 759 1138 regiones
783 1102 792 1115 ‘
806 1098 903 1128 urbis'

208 1141 332 1171 nomine
345 1141 568 1181 appellarunt).
580 1141 735 1171 civitatem
747 1140 903 1181 percipere

207 1183 285 1222 (hoc
300 1188 357 1218 est,
370 1183 424 1223 jus
450 1183 582 1214 civitatis
597 1183 753 1222 accipere)
770 1183 845 1219 xliii,
871 1187 902 1219 5,

209 1227 248 1256 13
273 1225 412 1256 civitates
427 1226 500 1266 (pro
525 1225 666 1265 populis)
693 1225 784 1261 xxxii,
813 1228 844 1260 1,
871 1229 902 1256 2.

207 1267 260 1303 xli,
275 1270 308 1303 4,
324 1270 354 1298 8.
390 1268 454 1304 xlii,
470 1273 501 1303 5,
517 1272 535 1298 5
555 1268 615 1308 (ita
628 1268 730 1298 Caesar
752 1277 791 1297 11.
820 1268 902 1298 Bell.

208 1308 291 1339 Gall.
306 1310 362 1339 sub
377 1310 432 1340 fin.
455 1315 463 1328 ‘
477 1311 639 1346 Carnutes,
656 1309 777 1346 Andes,
804 1309 902 1340 Turo—

206 1361 273 1387 nes,
289 1362 358 1392 quae
373 1352 537 1388 civitates,'
552 1352 610 1382 &c.
633 1357 663 1382 et
683 1352 754 1382 alibi
779 1352 902 1392 saepius.

206 1393 288 1425 Vide
308 1395 421 1435 Scalig.
446 1395 480 1425 in
513 1394 626 1425 Euseb.
658 1404 729 1435 pag.
760 1396 834 1431 136,
864 1394 901 1437 1)

207 1436 343 1467 Freinsh.

250 1479 362 1510 Clades
376 1478 507 1509 virorum
534 1479 567 1515 ii,
583 1482 615 1515 4,
642 1481 683 1509 27
708 1477 901 1509 dominorum

205 1521 290 1557 xviii,
304 1524 336 1557 4,
351 1525 371 1552 2
394 1521 514 1552 cladem
529 1526 687 1560 acceptam
702 1531 783 1550 nova
804 1521 901 1551 victo-

205 1564 249 1593 ria
264 1563 385 1594 abolere
405 1564 484 1599 xxxi,
497 1567 529 1600 6,
545 1567 565 1595 8
588 1564 706 1594 cladem
722 1573 832 1602 augere
847 1564 902 1594 de-

207 1606 318 1636 decore
333 1606 519 1646 captivitatis
534 1606 578 1647 iv,
593 1609 626 1644 5,
642 1609 677 1637 11
705 1605 844 1636 cladibus
856 1606 902 1636 in-

208 1648 309 1689 signes
324 1649 367 1687 vi,
382 1651 413 1684 8,
430 1651 448 1679 3

249 1690 339 1721 Clam
354 1691 541 1731 interceptus
555 1690 656 1726 xxxvi,
672 1692 705 1728 2,
720 1693 741 1721 6

249 1733 373 1764 Clamor
387 1733 526 1763 horridus
542 1733 644 1769 xxxiii,
665 1735 697 1771 2,
712 1735 732 1763 2
768 1732 903 1763 hostium

205 1775 312 1815 xxxiii,
332 1779 364 1811 2,
380 1778 401 1806 4
434 1775 565 1806 clamore
590 1775 680 1805 solito
706 1785 792 1805 sacra
817 1775 899 1805 cele-

205 1818 289 1848 brare
314 1816 348 1855 ii,
375 1820 407 1854 8,
436 1821 455 1849 2
488 1818 650 1848 clamorem
679 1818 769 1847 edere
794 1817 899 1858 xxxiii,

203 1862 237 1899 2,
252 1861 274 1890 4

247 1901 449 1933 clandestina
463 1901 634 1943 conjuratio
655 1912 707 1937 xx,
722 1903 754 1937 4,
771 1903 812 1932 14

248 1944 374 1976 Clarent
388 1944 513 1985 Scythae
534 1945 664 1974 virorum
686 1943 826 1984 irnperio,
842 1943 897 1974 foe-

206 1986 355 2016 minarum
370 1986 532 2017 virtutibus
546 1987 580 2022 ii,
597 1990 627 2022 1,
643 1989 663 2017 2

246 2028 392 2060 Claritate
403 2029 534 2059 nominis
549 2028 596 2059 sui
609 2028 738 2069 patriam
750 2027 898 2059 illustrem

204 2071 338 2102 reddidit
352 2082 423 2109 xxv,
435 2075 466 2109 5,
480 2074 502 2102 6

245 2113 366 2144 Clarius
379 2114 482 2149 xxxiii,
500 2117 530 2148 1,
547 2116 564 2144 1

246 2156 354 2186 Clarus
369 2156 453 2186 domi
472 2155 652 2186 Alcibiades
677 2155 754 2196 (hoc
770 2160 829 2195 est,
841 2165 898 2185 no—

206 2203 268 2237 tus,
283 2198 407 2234 nobilis,
432 2199 524 2229 etiam
543 2198 670 2239 potens)
687 2209 716 2239 v,
730 2201 762 2234 2,
777 2200 796 2229 3
819 2198 899 2239 (Ce-

204 2245 300 2270 terum
315 2240 366 2271 hic
380 2240 571 2279 Alcibiades,
593 2240 617 2270 si
632 2241 690 2271 hoc
715 2250 828 2270 nomen
843 2250 898 2280 pro

203 2282 308 2312 Scauri
319 2293 428 2323 ponas,
440 2293 458 2313 a
467 2283 609 2313 Sallustio
621 2282 640 2313 J
645 2293 694 2322 ug.
710 2286 762 2318 15,
778 2285 809 2313 6.
832 2283 899 2322 pla-

202 2324 327 2355 nissime
356 2325 545 2355 describitur.
597 2325 692 2355 Porro
729 2325 900 2364 elegantius

205 2367 264 2397 hoc
291 2367 359 2398 loco
382 2367 516 2407 loquitur
540 2366 692 2402 Justinus,
717 2376 808 2407 quam
834 2367 899 2407 ipse

203 2409 330 2439 fortasse
356 2410 536 2440 crediderat.
559 2409 638 2438 inter
666 2415 674 2427 ‘
686 2408 793 2439 claros'
818 2410 898 2439 enim

204 2451 302 2492 magis
326 2456 391 2481 erat
409 2451 460 2482 hic
484 2451 673 2489 Alcibiades,
706 2460 798 2490 quam
822 2451 900 2481 inter

204 2497 212 2509 ‘
227 2493 346 2529 bonos‚'
364 2498 396 2523 ut
412 2493 547 2534 loquitur
556 2493 680 2523 Tacitus
696 2493 739 2522 Η.
750 2493 783 2530 ii,
800 2496 853 2532 10,
868 2496 900 2523 2.

205 2535 366 2566 Sallustius
387 2535 530 2575 Jugurth.
546 2539 577 2571 S,
593 2539 620 2566 1.
650 2535 754 2565 Livius
769 2535 832 2570 viii,
846 2538 899 2571 27,

205 2577 243 2617 8)
259 2577 395 2608 Freinsh.
419 2579 517 2608 clarus
543 2578 588 2607 vir
608 2578 630 2617 i,
643 2580 676 2615 4,
693 2580 723 2608 4.
756 2587 807 2613 xv,
822 2580 855 2616 4,
879 2581 898 2609 3

207 2620 296 2660 cujus
311 2619 405 2650 virtus
417 2620 499 2650 bello
516 2620 597 2650 clara
612 2620 695 2657 xviii,
708 2622 741 2659 6,
755 2622 796 2650 10
819 2620 900 2649 clara

206 2662 330 2692 foemina
351 2663 444 2702 patris
469 2662 592 2692 nomine
616 2662 677 2701 xiV‚
692 2665 724 2698 6,
740 2664 759 2692 3
792 2661 901 2692 clarior

204 2704 369 2745 majoribus
385 2705 445 2734 suis
460 2705 561 2743 xxxvi,
572 2708 604 2740 2,
626 2707 646 2735 4
678 2704 809 2734 colluvie
824 2714 900 2734 con·

206 2757 350 2777 venarum
365 2747 486 2783 xxxviii,
500 2750 531 2782 7,
551 2751 562 2777 l
591 2748 672 2777 fama
687 2757 784 2777 rerum
800 2752 900 2786 gesta·

202 2799 269 2818 rum
285 2788 466 2820 clarissimus
489 2789 542 2824 xii,
554 2792 586 2830 2,
599 2792 618 2820 7
654 2788 808 2820 clarissimi
831 2789 899 2819 vin-

202 2832 287 2862 dices
303 2831 384 2862 urbis
398 2832 452 2867 vii,
467 2835 498 2871 1,
513 2836 531 2862 5

247 2873 360 2904 Classis
370 2873 477 2904 Xerxis
492 2874 525 2913 ii,
535 2876 586 2910 10,
596 2875 636 2904 20
659 2873 786 2904 classem
799 2873 899 2904 facere

203 2916 243 2952 iv,
261 2919 295 2953 3,
310 2921 328 2948 5
356 2916 455 2957 (Vide
471 2917 563 2947 etiam
576 2916 608 2946 in
625 2915 765 2959 Facere).
788 2916 900 2948 classes

244 2969 358 3010 Delph.
373 2972 405 3000 ot
423 2969 494 3001 γαν.
512 2969 596 3001 Clas.

1552 364 1644 395 XXV

951 462 1108 504 acquisitae
1133 472 1164 498 v,-
1178 463 1210 498 4,
1234 462 1275 493 17
1322 458 1432 492 classes
1459 470 1497 490 ex
1519 461 1646 493 adverso

951 511 1034 536 stant
1049 505 1081 541 ii,
1099 507 1151 541 14,
1168 506 1188 534 8

995 547 1147 579 Claudere
1162 545 1254 576 alicui
1269 550 1373 586 portas
1397 545 1439 582 ix,
1462 548 1492 584 1,
1507 548 1528 576 2
1560 545 1645 578 clau-

952 589 1025 620 dere
1039 599 1072 619 se
1087 589 1231 629 Daphnae
1247 588 1339 624 xxvii,
1354 590 1387 627 1,
1400 591 1420 619 4
1457 588 1543 618 vallis
1559 599 1646 620 mon-

952 632 1034 662 tibus
1060 630 1213 661 clauditur
1248 630 1348 666 xxxvi,
1371 633 1403 666 3,
1419 632 1439 661 2
1471 630 1591 662 0130505
1614 634 1646 663 111

951 683 1046 705 cavea
1059 684 1110 713 xv,
1124 676 1157 712 3,
1172 677 1190 704 5
1214 672 1246 701 in
1260 673 1334 702 urbe
1349 683 1419 709 xxv,
1435 675 1466 708 5,
1481 676 1497 704 1
1521 672 1552 702 in
1566 675 1648 715 regia

951 715 1056 756 xxviii,
1071 719 1104 755 3,
1121 718 1160 747 11
1185 714 1304 745 clausos
1329 714 1533 745 intercludere
1557 716 1600 753 iv,
1614 721 1647 757 4,

951 762 970 789 5
995 757 1139 789 clausain
1151 757 1222 788 luco
1237 757 1314 796 xliii,
1327 759 1360 796 2,
1371 759 1390 787 3
1413 756 1524 787 clausae
1537 759 1648 790 domus

950 800 1013 841 xix,
1026 803 1058 837 2,
1073 803 1094 832 9
1115 800 1220 831 clausa
1241 798 1380 829 Deorum
1402 799 1517 839 templa
1539 801 1600 840 xix,
1613 805 1648 837 2,

951 845 972 874 9
995 843 1133 874 clausurn
1147 841 1323 872 vehiculum
1338 841 1415 882 (hoc
1429 847 1486 876 est,
1508 843 1647 883 undique

951 884 1084 925 tectum)
1107 885 1151 924 xi,
1181 886 1236 925 15,
1260 886 1279 915 3
1296 883 1433 914 Freinsh.
1465 883 1559 914 clausi
1575 887 1647 926 (pro

950 927 1099 968 obsessis)
1114 927 1176 963 xvi,
1193 930 1224 962 5,
1240 929 1258 957 7
1276 925 1380 956 Vorst.

994 970 1176 1001 Claudicare
1188 969 1310 999 incessu
1335 968 1376 1005 vi,
1392 970 1424 1005 2,
1439 970 1460 1000 6
1493 968 1647 1001 claudicat

950 1023 1078 1053 regnum
1089 1012 1230 1053 imperio,
1243 1011 1320 1041 ibid.

995 1055 1133 1086 claudus
1150 1055 1231 1095 pede
1245 1054 1291 1092 iii,
1307 1056 1338 1089 5,
1354 1056 1385 1084 5.
1411 1052 1454 1091 vi,
1471 1056 1502 1089 2,
1519 1057 1537 1084 5

994 1098 1121 1129 Cleadae
1132 1096 1271 1128 Thebani
1283 1095 1379 1126 oratio
1391 1096 1431 1126 ad
1439 1096 1577 1126 Alexand
1583 1107 1647 1127 rum

950 1139 994 1179 xi,
1009 1144 1028 1172 4
1056 1143 1073 1171 1

994 1164 1160 1214 Cl'earchus
1170 1180 1414 1212 Heracliensium
1427 1185 1574 1222 tyrannus
1585 1183 1647 1218 xri,

949 1227 982 1265 4,
996 1228 1017 1256 4
1040 1224 1190 1256 occiditur
1204 1225 1267 1263 xvi,
1279 1227 1312 1263 5,
1328 1226 1369 1254 10

992 1267 1165 1298 Clementia
1191 1266 1266 1307 Cyri
1295 1266 1327 1295 in
1357 1265 1495 1296 Croesum
1525 1267 1645 1307 utrique

948 1308 1032 1340 utilis
1048 1310 1069 1347 i,
1085 1312 1117 1350 7,
1138 1312 1158 1340 8
1194 1308 1358 1340 clementia
1372 1309 1453 1339 mitis
1475 1309 1597 1345 xxxviii,
1613 1314 1645 1346 9,

992 1393 1176 1425 Cleomenes
1201 1403 1252 1424 rex
1287 1393 1504 1434 Spartanorum
1542 1394 1646 1430 xxviii,

947 1438 980 1473 4,
996 1439 1015 1468 7

991 1478 1175 1509 Cleomenes
1186 1476 1355 1509 Alexandri
1362 1475 1449 1518 jussu
1463 1477 1647 1509 Alexandri-

949 1530 998 1550 am
1013 1522 1146 1552 aedificat
1161 1521 1225 1556 xiii,
1241 1523 1273 1561 4,
1289 1523 1328 1552 11

993 1563 1159 1604 Cleopatra
1170 1563 1310 1603 Philippi
1323 1560 1401 1602 regis
1417 1561 1528 1602 conjux
1541 1573 1646 1603 super-

948 1605 1076 1637 inducta
1092 1605 1272 1647 Olympiadi
1296 1604 1338 1641 ix,
1354 1608 1386 1640 7,
1402 1607 1422 1636 2
1445 1605 1484 1634 ab
1504 1606 1570 1646 ipsa
1591 1617 1646 1636 ne-

950 1652 1036 1678 catur
1050 1648 1091 1685 ix,
1107 1651 1138 1688 7,
1154 1651 1194 1679 12

993 1690 1159 1731 Cleopatra
1198 1689 1337 1731 Philippi
1374 1689 1448 1726 filia,
1478 1688 1646 1720 Alexandri

950 1731 1038 1773 Epiri
1052 1733 1131 1773 regis
1145 1742 1221 1762 uxor
1242 1732 1283 1767 ix,
1299 1735 1330 1771 6,
1347 1734 1363 1762 1
1399 1741 1417 1761 a
1440 1731 1589 1762 Perdicca
1613 1734 1644 1763 in

947 1775 1172 1805 matrimonium
1183 1774 1297 1815 petitur
1312 1773 1375 1812 xiii,
1390 1777 1421 1808 6,
1438 1776 1457 1804 4
1481 1774 1548 1814 ejus
1561 1777 1644 1815 apud

945 1817 1139 1847 Macedonas
1154 1816 1319 1847 auctoritas
1335 1816 1394 1851 xiV,
1414 1819 1443 1851 1,
1459 1819 1477 1847 7

990 1859 1155 1899 Cleopatra
1168 1859 1320 1889 Demetrii
1348 1858 1549 1900 (Nicatoris),
1575 1870 1645 1890 mox

945 1901 1044 1931 fratris
1061 1901 1127 1942 ejus
1143 1901 1256 1941 conjux
1272 1901 1371 1936 xxxvi,
1389 1904 1418 1935 1,
1433 1903 1453 1930 9

991 1943 1158 1984 Cleopatra
1184 1943 1375 1974 Mithridatis
1405 1942 1480 1981 filia,
1505 1943 1644 1984 Tigranis

946 1995 1022 2016 uxor
1039 1986 1163 2026 xxxviii,
1178 1988 1209 2023 3,
1225 1988 1245 2016 2

989 2028 1156 2068 Cleopatra
1184 2027 1339 2069 AEgyptia
1363 2027 1493 2057 duorum
1518 2028 1643 2059 fratrum

946 2080 1023 2101 uxor
1044 2071 1170 2109 xxxviii,
1186 2074 1216 2107 8,
1232 2073 1252 2101 2
1276 2080 1293 2099 3
1308 2071 1475 2110 posteriore
1501 2071 1645 2110 repudia-

946 2117 994 2143 tur
1012 2113 1137 2150 xxxviii,
1152 2117 1183 2148 8,
1199 2115 1220 2144 9
1242 2113 1281 2143 ad
1297 2122 1441 2153 generum
1458 2123 1545 2142 suuni
1570 2124 1645 2143 con-

946 2155 1027 2195 fugit
1041 2156 1140 2191 xxxix,
1157 2159 1187 2192 1,
1205 2159 1223 2186 5

990 2198 1155 2238 Cleopatra
1165 2197 1327 2239 (proximae
1338 2196 1418 2236 filia)
1431 2197 1532 2227 matris
1544 2197 1643 2237 pellex

945 2240 1068 2276 xxxviii,
1085 2243 1116 2276 9,
1133 2243 1150 2272 1
1184 2250 1278 2280 regno
1293 2239 1482 2280 praeponitur
1495 2240 1595 2277 xxxix,
1611 2244 1643 2277 3,

948 2285 964 2313 1
1001 2282 1147 2321 majorem
1169 2282 1264 2312 filiurn
1286 2282 1375 2321 pellit
1400 2282 1500 2317 xxxix,
1524 2285 1556 2318 4,
1586 2287 1598 2313 1
1626 2295 1643 2312 a

946 2323 1056 2354 minori
1070 2330 1196 2355 necatur
1210 2325 1309 2359 xxxix,
1325 2327 1357 2360 4,
1374 2326 1392 2353 7

992 2366 1158 2407 Cleopatra
1172 2366 1264 2406 hujus
1279 2366 1343 2395 filia
1371 2365 1530 2406 Cyziceno
1554 2367 1643 2396 nubit

947 2409 1047 2448 xxxix,
1055 2412 1086 2446 3,
1094 2412 1113 2440 4
1137 2408 1339 2449 sororisjussu
1350 2407 1529 2438 interficitur
1539 2409 1626 2438 xxxix
1634 2433 1642 2449 ,

971 2474 980 2491 ’
991 2492 1140 2532 Cleophis
1154 2503 1279 2533 regnum
1293 2491 1459 2523 concubitu
1474 2491 1641 2523 Alexandri

947 2535 1070 2565 redimit
1083 2535 1136 2570 xii,
1153 2538 1184 2570 7,
1202 2538 1240 2566 11

991 2577 1144 2608 Clientela
1167 2578 1240 2619 (pro
1267 2575 1447 2616 clientibus)
1473 2575 1537 2616 viii,
1564 2580 1594 2613 4.
1621 2581 1640 2608 8

948 2618 1085 2648 Freinsh.

991 2661 1127 2692 Clientes
1143 2661 1203 2700 xvi,
1219 2665 1250 2697 5,
1267 2663 1307 2692 13

991 2703 1088 2734 Clitos
1101 2704 1139 2733 ab
1154 2704 1330 2734 Alexandro
1345 2703 1424 2734 inter
1439 2703 1550 2744 pocula
1559 2705 1641 2734 occi-

947 2745 1029 2775 ditur
1042 2745 1096 2785 xii,
1111 2749 1143 2784 6,
1159 2748 1178 2777 3

991 2788 1090 2819 Clitos
1104 2788 1218 2819 amicus
1234 2787 1400 2818 Alexandri
1412 2787 1575 2818 dimittitur
1590 2788 1641 2826 xii,

946 2832 1027 2866 12,ss
1051 2831 1133 2861 Clito
1143 2840 1215 2861 cura
1227 2830 1330 2860 classis
1342 2831 1469 2860 traditur
1484 2830 1583 2866 xiii,6,
1598 2833 1639 2861 16

990 2872 1123 2904 Cludere
1137 2873 1318 2914 sanguinem
1341 2873 1414 2915 (pro
1439 2872 1560 2911 sistere)
1589 2884 1639 2908 xv,

946 2917 977 2951 3,
995 2918 1034 2947 13
1049 2915 1184 2947 Freinsh.

834 2968 906 3000 Iud.
920 2968 1005 2999 Just.
1574 2970 1594 2997 d
