2101 3419
495 336 579 378 970

494 440 594 478 tabat,
608 437 724 478 infuso]
755 437 809 468 Ita
825 446 903 468 sane
928 436 1005 468 edd.
1022 441 1092 468 tam
1108 440 1192 467 vett.

496 500 594 531 quani
625 489 846 520 recentiores,
891 489 965 528 Ego
993 492 1106 519 tamen
1137 486 1193 517 vix

494 539 660 576 dubitem,
678 539 758 580 quin
781 538 916 578 legend.
942 538 986 569 sit
1014 538 1065 568 ve!
1080 537 1194 567 statuis

492 589 553 627 ins.
572 590 625 620 vel
648 590 681 620 in
702 592 821 619 statuas
843 588 901 626 inf.
942 588 1054 619 Vorst.
1098 586 1192 618 Libri

495 650 610 671 omnes
626 640 752 671 habent
775 639 808 670 in
826 639 951 678 statuis,
973 647 1082 678 neque
1099 637 1192 678 quid-

494 700 594 732 quam
610 693 662 721 est
679 688 831 720 mutand.
875 688 955 719 Dixi
971 687 1050 718 alibi
1067 687 1109 717 de
1130 687 1191 717 hac

494 739 749 772 constructione
771 748 879 780 praep.
899 739 944 779 in,
971 748 1045 779 quae
1069 738 1192 777 legitur

493 800 584 831 saepe
606 790 640 821 in
656 790 741 821 Mss.
757 789 860 821 etiam
872 799 926 829 ap.
942 789 1118 827 Nostrum,
1131 788 1190 819 sed

494 841 574 872 dein
603 845 733 872 mutata
766 841 800 871 iu
827 840 927 872 editis
963 849 1025 882 per
1060 840 1191 871 sciolos.

499 891 606 930 Schef.

538 942 556 982 ς
585 944 606 972 6
630 941 720 971 Novo
746 939 927 980 commento]
980 940 1193 979 Strategema

495 991 561 1022 hoc
577 991 701 1022 imitati
717 990 851 1031 Atreni‚
869 1000 946 1022 cum
961 990 1193 1021 obsiderentur

495 1053 516 1074 a
531 1043 734 1083 Severianis,
754 1052 833 1073 vasa
854 1041 984 1080 fictilia,
1000 1041 1191 1072 volucribus

492 1093 692 1135 quibusdam
707 1093 950 1133 venenatisque
961 1091 1114 1122 bestiolis
1131 1100 1191 1130 op-

493 1142 599 1184 pleta,
633 1142 834 1183 dejecerunt
871 1142 907 1172 in
943 1145 1193 1182 oppugnantes,

495 1203 585 1234 quae,
601 1202 677 1224 cum
695 1196 754 1223 aut
769 1191 876 1223 oculis
892 1191 1123 1231 involitarent‚
1135 1195 1194 1221 aut

493 1243 528 1274 in
545 1247 680 1284 apertas
695 1242 846 1283 corporis
862 1246 977 1282 partes
992 1241 1112 1271 sensim
1136 1239 1194 1270 ob·

496 1297 673 1334 reperent,
710 1292 859 1333 graviter
892 1301 951 1323 eos
986 1290 1194 1323 sauciabant.

494 1343 682 1376 Herodian.
695 1352 752 1374 111.
765 1345 819 1374 28.
840 1342 939 1373 Bern.

536 1392 662 1432 Mittit]
708 1393 785 1423 Non
824 1391 956 1432 dubito,
991 1391 1073 1432 quin
1102 1391 1194 1423 Just.

495 1443 674 1484 scripserit
691 1442 788 1482 mitti,
807 1446 843 1473 et
866 1441 1023 1472 retulerit
1037 1441 1079 1472 ad
1100 1445 1194 1472 ante-

494 1494 620 1525 cedens
643 1492 792 1533 ‘jussit.’
835 1492 976 1523 Factum
1000 1496 1112 1523 autem
1143 1496 1195 1523 est

493 1544 604 1585 mittit,
619 1548 758 1586 propter
773 1552 921 1585 sequens
944 1543 953 1558 ‘
972 1541 1033 1583 id‚’
1058 1541 1147 1584 quod
1163 1542 1195 1573 ei

957 343 1098 374 NOTAE
1133 342 1395 373 VAmORUM
1431 343 1482 373 IN

1246 435 1556 476 adglutinavernnt.
1606 434 1710 473 Sches.
1776 434 1942 467 Schefferi

1247 487 1336 527 conj.
1351 485 1461 518 firmat
1476 487 1572 519 Junt.
1593 486 1627 517 in
1653 496 1719 528 qua
1733 485 1819 518 mitti
1834 490 1943 518 extat.

1250 538 1357 568 Groev.

1291 588 1308 628 ς
1336 589 1356 617 9
1386 586 1526 626 Insignis
1549 586 1599 617 hic
1622 587 1732 627 annus]
1760 585 1848 618 Add.
1870 586 1944 618 Liv.

1249 645 1379 668 xxmx.
1394 640 1446 668 50.
1463 640 1515 668 10.
1559 637 1689 668 Similia
1705 637 1749 668 id.
1765 645 1824 668 XL.
1839 639 1893 668 37.
1909 639 1941 669 1.

1245 688 1324 719 Tac.
1341 696 1408 718 ΧΠ.
1420 690 1473 718 64.
1486 690 1516 719 3.
1550 687 1618 719 1)ἰο
1633 696 1688 718 Lx.
1704 687 1762 718 fin.
1797 688 1898 718 Ber-n.

1289 738 1305 778 ς
1328 740 1368 768 10
1392 738 1458 768 Nec
1474 741 1538 768 tum
1553 747 1621 768 cum
1636 738 1773 768 Romano
1789 740 1944 768 tonantem

1245 787 1322 819 bello
1350 789 1447 819 Italia
1479 788 1679 828 contremuit]
1726 787 1835 819 Scrib.
1866 797 1942 818 cum

1244 838 1342 870 Junt.
1365 849 1421 870 nec
1439 849 1507 869 cum
1527 840 1571 870 It.
1594 839 1637 869 R.
1659 842 1784 870 tonante
1810 838 1840 870 b.
1863 841 1943 870 cont.

1245 890 1380 920 Bellum
1402 889 1490 920 enim
1504 893 1614 929 tonat,
1631 898 1698 920 non
1712 889 1944 929 imperatores,

1245 939 1302 979 qui
1327 937 1469 969 fulmina
1495 938 1630 979 quidem
1661 938 1740 969 belli
1769 938 1942 969 dicuntur.

1246 997 1352 1019 xxix.
1367 991 1398 1019 3.
1441 989 1450 1004 ‘
1468 988 1595 1019 Videre
1624 992 1798 1019 tonantem
1824 997 1864 1019 ac
1880 987 1944 1018 ful-

1245 1039 1427 1070 minantem
1442 1039 1484 1070 ab
1495 1048 1617 1069 occasu
1629 1037 1837 1078 procellam-⁷
1854 1038 1943 1070 Flor.

1247 1098 1288 1121 11.
1321 1089 1331 1105 ⁴
1349 1089 1461 1119 Prima
1476 1088 1555 1119 belli
1567 1092 1754 1128 tempestas
1764 1087 1943 1119 detonuit.'

1250 1138 1358 1170 Graev.
1403 1138 1425 1171 J
1430 1143 1500 1169 unt.
1513 1147 1567 1169 nec
1577 1148 1642 1169 cum
1658 1138 1702 1169 It.
1719 1138 1762 1169 R.
1777 1141 1901 1169 tonante
1916 1138 1944 1169 b.

1247 1199 1275 1220 c.
1319 1187 1426 1219 Nobis
1449 1189 1557 1219 altera
1571 1188 1721 1220 illalect.
1735 1187 1941 1230 praeferend.

1247 1237 1395 1269 videtur.
1423 1238 1495 1269 Vor.

1291 1291 1308 1330 ᾗ
1340 1292 1380 1321 12
1412 1290 1519 1330 Neque
1539 1289 1663 1320 insidiis
1687 1289 1826 1330 suorum]
1857 1290 1943 1323 Ead.

1248 1338 1322 1371 Liv.
1338 1348 1473 1371 xxvm.
1492 1341 1543 1370 12.
1559 1342 1591 1371 3.
1636 1339 1814 1371 Rationem
1830 1339 1945 1372 reddit

1246 1390 1327 1422 Tac.
1355 1390 1402 1422 H.
1429 1399 1470 1421 11.
1497 1393 1551 1422 37.
1619 1390 1708 1423 Quia
1738 1389 1748 1406 ‘
1772 1390 1944 1422 exercitus

1246 1440 1370 1481 linguis
1406 1441 1622 1482 moribusque
1652 1439 1798 1480 dissoni,’
1827 1442 1944 1481 quales

1247 1491 1433 1523 Hannibali
1460 1490 1613 1531 fuerunt,
1649 1492 1660 1508 ‘
1682 1491 1716 1522 in
1744 1500 1944 1523 consensum

1248 1551 1316 1574 non
1327 1541 1429 1574 facile
1445 1540 1661 1574 coalescunt!
1691 1541 1789 1575 Ber-n.

944 1812 1163 1862 LIBER
1207 1811 1481 1861 XXXIII.

537 1939 624 1970 CAP.
641 1945 665 1968 1.
696 1937 714 1977 ς
739 1938 755 1967 1
784 1934 1033 1975 Macedonicum]
1072 1934 1127 1965 De
1156 1933 1190 1967 h.

495 1988 585 2020 bello
611 1988 703 2018 Plut.
720 1986 754 2017 in
777 1986 887 2017 Paun.
904 1985 1012 2016 AEmil.
1031 1985 1102 2016 Liv.
1120 1994 1192 2017 xm.

494 2044 530 2071 et
556 2048 650 2080 seqq.
675 2038 763 2068 Flor.
788 2045 829 2067 11.
854 2039 905 2067 12.
952 2036 1092 2067 Patere.
1115 2045 1138 2066 1.
1158 2038 1190 2067 9.

493 2090 596 2120 Pans.
611 2087 779 2126 Achaicis,
792 2086 896 2118 Diod.
910 2094 1012 2116 xxxi.
1028 2085 1121 2126 cnjus
1137 2085 1191 2116 ha-

492 2139 609 2171 bemus
629 2142 759 2169 tantum
776 2140 951 2176 excerpta.
976 2136 1079 2174 Bong.

539 2189 639 2220 Tanto
663 2186 792 2226 clarius]
831 2186 884 2218 ld.
917 2185 1001 2217 Livii
1025 2185 1190 2226 judicium

495 2247 600 2270 xxxi.
619 2241 648 2268 1.
663 2241 696 2268 5.
726 2237 825 2268 Ber-n.

539 2288 676 2321 Auxiliis
691 2288 824 2318 onmium
838 2286 958 2326 regum]
987 2285 1060 2318 Liv,
1074 2286 1133 2317 lib.
1149 2295 1190 2318 11.

493 2339 570 2371 dec.
584 2349 616 2370 v.
639 2339 686 2369 ait
702 2339 898 2373 Eumenem,
920 2337 1139 2376 Antiochum,
1155 2341 1191 2368 et

494 2389 718 2421 Ptolemaeum
735 2399 755 2419 a
766 2388 891 2419 Perseo
906 2388 1114 2426 sollicitatos,
1131 2387 1190 2419 sed

494 2448 570 2470 cum
584 2439 744 2469 Romanis
759 2438 919 2469 mansisse
931 2438 963 2468 in
974 2437 1052 2469 fide.
1079 2438 1130 2470 Id.
1147 2438 1190 2469 de

495 2487 673 2520 Ariarathe
697 2492 732 2518 et
748 2488 958 2526 Masanissa3
982 2492 1190 2529 quapropter

494 2540 619 2571 rectius
635 2537 778 2569 dixisset
797 2538 926 2578 aliquot,
943 2542 1000 2569 ant
1012 2547 1190 2578 paucorum,

494 2599 556 2631 pro
572 2589 717 2628 omnium,
731 2587 899 2620 sustinus.
929 2588 1080 2620 Glarean.

537 2641 554 2680 ς
581 2643 601 2671 2
627 2639 778 2678 Legiones
800 2639 903 2679 plures
927 2639 1067 2679 numero]
1111 2639 1189 2670 Non

493 2691 608 2732 plures
632 2698 771 2720 numero
793 2688 952 2729 legiones,
973 2689 1030 2719 sed
1046 2693 1190 2730 quatuor

494 2745 624 2771 tantuin
655 2737 924 2778 conscripserant
952 2738 1109 2776 Romani,
1133 2747 1191 2768 nu-

495 2800 621 2822 merum
635 2794 746 2820 autem
759 2788 901 2818 militum
915 2788 948 2818 in
962 2787 1096 2828 singulis
1106 2788 1190 2828 legi-

495 2841 614 2871 onibus
644 2843 818 2870 auxerant.
874 2838 975 2877 Nam,
995 2848 1070 2870 cnm
1095 2841 1189 2870 5200.

495 2889 628 2931 pedites
644 2898 686 2920 ex
704 2888 810 2920 veteri
834 2888 989 2920 instituto
1004 2889 1116 2930 legere
1139 2898 1190 2920 so-

1245 1935 1366 1973 lerent,
1383 1935 1415 1966 in
1440 1935 1497 1967 has
1517 1935 1668 1976 legiones
1689 1944 1767 1966 sena
1782 1935 1833 1966 M.
1850 1934 1944 1976 pedi·

1247 1989 1316 2016 tum
1330 1985 1577 2026 conscripsere,
1590 1990 1626 2017 ut
1638 1995 1680 2016 ex
1693 1985 1768 2017 Liv.
1785 1993 1875 2016 XLu.
1890 1987 1943 2017 31.

1247 2035 1391 2066 tradidit
1421 2035 1633 2074 Perizonius,
1662 2035 1720 2076 qui
1750 2035 1940 2067 oscitantiae

1244 2085 1299 2116 hic
1316 2089 1454 2116 accusat
1468 2085 1639 2117 Justinum
1657 2085 1748 2116 Hist.
1760 2084 1941 2116 Animadv.

1245 2138 1296 2166 ll.
1320 2135 1458 2166 Mallem
1474 2135 1506 2166 h.
1517 2135 1549 2166 in
1563 2136 1583 2166 l.
1596 2136 1840 2176 negligentiam
1855 2136 1943 2167 hanc

1243 2185 1277 2216 in
1303 2185 1456 2216 librarios
1481 2185 1649 2224 derivare,
1673 2186 1729 2227 qni
1755 2195 1942 2226 corrupere

1244 2234 1463 2274 locutionem,
1478 2244 1577 2276 quam
1602 2245 1670 2266 non
1687 2235 1941 2268 intellexerunt.

1244 2284 1335 2316 Puto
1358 2285 1446 2316 enim
1462 2285 1634 2317 Justinum
1658 2286 1832 2327 reliquisse
1848 2286 1944 2326 tegio-

1242 2336 1293 2366 πίε
1315 2336 1418 2376 plures
1441 2345 1593 2368 numeros.
1636 2336 1735 2377 Saepe
1758 2337 1860 2377 euim,
1882 2346 1941 2368 nu-

1243 2386 1340 2425 meri,
1361 2390 1451 2425 sunt,
1477 2387 1644 2418 cohortes.
1688 2387 1772 2419 Tac.
1791 2396 1816 2419 1.
1844 2387 1890 2419 H.
1907 2389 1939 2418 6.

1244 2439 1253 2454 ‘
1271 2436 1373 2467 Multi
1399 2436 1441 2467 ad
1465 2437 1527 2468 hoc
1544 2437 1672 2467 numeri
1702 2447 1721 2468 e
1745 2437 1942 2476 Germania,

1244 2496 1284 2517 ac
1314 2486 1503 2526 Britannia,
1540 2491 1576 2518 et
1607 2486 1770 2527 Illyrico,’
1792 2489 1855 2519 ἃς.
1881 2487 1939 2519 ubi

1243 2535 1311 2567 vid.
1330 2536 1422 2577 Lips.
1466 2536 1554 2568 Nam
1577 2541 1612 2567 et
1638 2536 1685 2567 ibi
1712 2537 1800 2568 hanc
1821 2545 1939 2569 vocem

1243 2590 1467 2626 corruperant
1481 2586 1588 2618 scioli.
1628 2586 1735 2618 Groev.

1285 2637 1302 2677 ᾧ
1331 2639 1352 2668 2
1381 2635 1582 2676 Acciverunt]
1624 2636 1733 2675 Bong.
1762 2635 1862 2668 codd.
1892 2646 1941 2667 ac-

1241 2689 1397 2727 ceperunt.
1433 2687 1542 2719 Quam
1559 2686 1640 2718 lect.
1654 2690 1736 2726 puto
1751 2686 1942 2726 rectiorem,

1244 2745 1281 2770 ut
1301 2738 1610 2770 convenientiorem
1628 2737 1763 2768 veritati
1787 2741 1822 2768 et
1837 2737 1940 2768 histo-

1244 2790 1314 2821 riae.
1357 2788 1546 2819 Masinissae
1563 2786 1719 2827 profecto
1735 2797 1801 2819 non
1817 2787 1882 2818 fuit
1897 2797 1939 2819 ea

1244 2844 1315 2871 tum
1343 2838 1506 2877 conditio,
1532 2842 1570 2868 nt
1599 2837 1739 2868 Romani
1767 2837 1848 2869 talia
1878 2837 1938 2868 im-

1243 2899 1363 2931 perare
1391 2889 1436 2919 illi
1461 2892 1598 2930 possent
1626 2893 1684 2920 ant
1707 2888 1846 2929 vellent,
1870 2897 1937 2930 quo
