2101 3419
431 370 573 411 xxxvi

429 479 470 513 xi,
487 481 517 512 6,
531 480 551 508 8
575 476 724 507 exercitus
740 475 835 516 primo
851 475 956 516 praelio
980 476 1021 512 xi,
1036 479 1068 512 6,
1085 480 1100 508 l
1111 480 1126 508 l

428 520 565 549 secundo
589 519 630 554 xi,
647 522 677 553 9,
698 522 712 549 1
738 519 827 548 tertio
850 519 891 555 xi,
909 521 959 554 12,
976 523 994 550 5
1021 519 1128 549 indus-

427 561 484 591 tria
503 562 534 590 in
551 561 721 591 ordinando
737 561 871 591 exercitu
896 561 936 596 xi,
953 564 983 596 9,
1001 564 1020 592 8
1053 572 1128 602 opes

428 603 469 638 xi,
487 607 538 638 10,
558 607 573 634 1
612 603 725 633 Darius
754 603 851 634 aureis
881 603 997 633 catenis
1022 614 1040 633 a
1067 605 1128 634 suis

428 646 560 675 vincitur
582 646 622 681 xi,
640 649 692 681 15,
708 649 725 676 1
750 651 781 675 et
796 645 946 676 occiditur
975 646 1015 681 xi,
1038 650 1090 681 15,
1107 651 1125 678 5

428 688 574 727 sepelitur
590 689 628 718 ab
651 687 828 718 Alexandro
862 688 904 724 xi,
922 692 973 724 15,
992 691 1030 718 16
1061 688 1128 728 ejus

427 740 506 759 mors
524 730 694 760 vindicatur
716 730 768 765 xii,
785 734 815 766 5,
834 733 874 762 10
905 730 968 760 filia
993 731 1129 760 Alexan-

429 773 482 801 dro
499 772 588 802 nubit
608 773 660 808 xii,
677 775 728 807 10,
745 776 765 803 9
789 778 883 803 mater
898 773 1018 813 capitur
1039 774 1079 808 xi,
1096 777 1127 808 9,

429 818 469 845 12
493 820 524 844 et
550 816 654 844 audito
679 814 848 845 Alexandri
876 816 973 851 obitu,
1003 821 1129 846 mortem

428 857 484 886 sibi
500 858 666 888 consciscit
687 857 751 893 xiii,
767 861 796 893 1,
813 861 831 888 5

471 900 596 934 (Dativi
606 900 651 929 vis
667 898 690 939 :)
700 899 818 930 vincere
826 899 1007 939 sibi‚patriae
1021 899 1053 936 ii,
1066 902 1097 936 8,
1110 903 1130 931 6

427 940 478 980 (id
491 946 547 976 est,
564 942 596 971 in
609 943 802 972 commodum
815 952 913 977 suum,
929 942 1063 981 patriae).
1077 953 1130 982 ge-

429 985 572 1014 nerandis
587 985 708 1024 ignibus
723 984 850 1014 materia
871 984 912 1019 iv,
930 987 960 1019 1,
976 987 994 1015 3
1024 984 1129 1016 Vorst.

472 1025 522 1056 De
538 1037 632 1066 regno
649 1027 724 1067 (hoc
739 1031 796 1061 est,
813 1036 850 1056 ex
873 1026 984 1066 regno)
1018 1027 1050 1062 ii,
1077 1030 1130 1062 10,

430 1071 470 1099 18
495 1069 534 1098 de
550 1080 610 1099 uno
628 1068 744 1109 populo
761 1069 837 1109 (hoc
853 1073 909 1103 est,
925 1079 962 1098 ex
980 1070 1058 1109 uno)
1085 1069 1129 1105 iii,

429 1113 460 1145 2,
478 1113 497 1141 2
520 1111 572 1147 ita,
589 1112 627 1140 de
643 1111 764 1147 Siculis,
787 1112 827 1141 de
852 1110 956 1140 Poenis
981 1111 1053 1152 (pro
1083 1111 1130 1141 Si-

429 1153 579 1189 culorum,
606 1151 787 1192 Poenorum)
812 1153 884 1188 xxii,
900 1156 932 1188 6,
948 1156 968 1183 6
1004 1154 1044 1184 de
1059 1163 1130 1194 rege

427 1195 583 1234 captivum
601 1196 700 1225 facere
723 1195 776 1230 vii,
792 1197 823 1230 2,
841 1197 879 1225 11
904 1195 943 1225 de
975 1201 1127 1235 spectato-

427 1237 509 1266 ribus
532 1238 647 1277 captivi
663 1238 737 1268 facti
758 1237 858 1273 xxxiv,
876 1240 907 1272 2,
924 1241 942 1267 5
978 1239 1017 1268 de
1043 1243 1128 1279 tergo

426 1280 507 1319 (pro,
522 1290 538 1309 a
553 1280 654 1320 tergo)
671 1291 718 1315 xx,
736 1284 766 1314 5,
781 1284 799 1310 5
815 1280 854 1309 de
870 1279 998 1319 piratica
1014 1280 1096 1321 (pro,
1112 1291 1130 1310 a

428 1321 572 1361 piratica)
596 1322 635 1358 ix,
653 1325 684 1357 1,
700 1325 719 1353 7
744 1321 880 1351 Freinsh.
910 1322 949 1351 de
976 1323 1129 1362 ergastulo

428 1374 532 1394 semus
555 1364 575 1399 ἰ,
592 1368 623 1400 6,
640 1367 660 1395 2
684 1364 745 1393 duo
762 1364 799 1393 de
812 1363 979 1404 conjuratis
1001 1365 1022 1400 i,
1039 1367 1071 1400 9,
1088 1368 1127 1396 21

428 1416 507 1435 uuus
530 1407 569 1436 de
599 1405 844 1437 interfectoribus
868 1408 890 1442 i,
917 1410 969 1442 10,
1001 1410 1040 1438 15
1069 1408 1130 1447 (ita

429 1448 586 1488 partitioni
615 1448 756 1488 inservit)
783 1453 920 1479 trecenta
959 1449 1054 1479 millia
1090 1451 1130 1480 de

429 1491 548 1520 auxiliis
568 1491 695 1521 armavit
716 1491 750 1527 ii,
766 1494 818 1526 10,
835 1494 875 1522 18
897 1491 1002 1522 Vorst.

473 1533 543 1563 Dea
557 1534 754 1563 sanctissimae
767 1533 923 1574 religionis
945 1533 1045 1568 xxxvi,
1062 1536 1093 1570 2,
1108 1536 1128 1565 2

427 1575 505 1605 Deae
521 1576 714 1606 simulacrum
748 1576 846 1611 xxxix,
863 1579 894 1612 3,
916 1579 968 1608 11.
1004 1576 1079 1613 xliii,
1095 1580 1127 1613 5,

430 1622 450 1649 6
476 1628 528 1656 pro
544 1618 614 1648 Dea
629 1618 711 1649 culta
734 1618 817 1655 xviii,
833 1622 865 1653 6,
881 1621 900 1648 8

471 1660 611 1690 Debetur
624 1661 686 1690 vita
702 1660 807 1701 patriae
829 1660 912 1696 xviii,
928 1663 959 1697 6,
975 1662 996 1691 4
1019 1661 1127 1701 patriae

428 1703 466 1732 ab
488 1703 605 1742 optimo
634 1713 757 1743 quoque
783 1703 905 1744 spiritus
940 1703 1021 1739 xxxi,
1049 1706 1081 1740 4,
1105 1707 1125 1735 7

428 1750 543 1773 naturre
569 1745 720 1775 debentur
753 1745 805 1781 xii,
822 1748 874 1781 13,
890 1749 908 1776 5
945 1755 1072 1786 regnum
1098 1746 1127 1776 ei

426 1787 595 1817 debebatur
619 1788 639 1823 i,
655 1792 685 1823 9,
703 1791 723 1819 9
746 1788 814 1827 plus
826 1788 908 1828 regio
921 1798 1012 1828 quam
1025 1788 1123 1828 patrio

427 1830 543 1858 nomini
559 1830 663 1859 deberi
678 1835 757 1859 ratus
770 1830 822 1866 xli,
837 1835 868 1865 5,
886 1834 926 1861 10
942 1831 1122 1871 obsequium

427 1872 541 1902 debita·
557 1872 679 1911 pietatis
694 1872 819 1912 implere
842 1873 925 1908 xxiii,
940 1875 972 1908 2,
989 1876 1008 1903 8

470 1914 623 1944 Debilitas
647 1925 676 1949 V,
693 1918 724 1950 7,
742 1919 759 1945 5

468 1956 648 1986 Debilitatae
660 1957 736 1986 vires
760 1955 861 1992 xxxiv,
878 1960 908 1992 1,
922 1960 938 1988 l

470 1998 602 2028 Debitor
618 1999 814 2029 maximorum
839 1999 1056 2030 beneficiorum
1082 1999 1123 2036 xi,

469 2083 629 2113 Decedere
654 2082 724 2123 (pro
749 2082 841 2121 mori)
864 2082 885 2118 i,
901 2085 931 2119 1,
948 2086 999 2114 10.
1022 2084 1054 2119 ii,
1072 2087 1125 2120 10,

430 2128 458 2156 l.
482 2125 522 2159 iv,
539 2128 569 2160 2,
588 2129 620 2155 5.
642 2127 682 2160 vi,
699 2128 730 2161 8,
749 2129 776 2156 1.
800 2126 851 2160 vii,
867 2127 898 2161 4,
916 2129 946 2157 8.
975 2126 1014 2161 ix,
1037 2129 1068 2161 8,
1096 2130 1125 2157 l.

428 2168 479 2202 xii,
500 2171 549 2202 12,
567 2170 617 2197 ll.
641 2168 723 2202 xviii,
740 2171 770 2202 4,
787 2171 817 2198 3.
833 2168 913 2203 xxvi,
930 2171 962 2203 3,
976 2171 1007 2199 2.
1022 2169 1125 2205 xxviii,

426 2214 457 2243 3,
475 2213 494 2240 2
507 2215 538 2239 et
553 2213 582 2240 9.
597 2210 698 2245 xxviii,
713 2212 744 2244 4,
763 2213 811 2240 16.
826 2210 924 2245 xxxiv,
936 2213 967 2246 3,
980 2214 1009 2241 5.
1026 2211 1125 2247 xxxvi,

426 2255 458 2286 2,
473 2256 490 2282 5
515 2251 652 2281 Freinsh.
672 2253 932 2292 (subaudiendum
945 2258 1047 2283 autem
1063 2256 1072 2271 ‘
1086 2254 1125 2284 de

427 2295 489 2323 vita
504 2294 521 2323 :¹
538 2295 620 2334 quod
636 2294 746 2324 diserte
762 2295 849 2324 addit
864 2294 972 2325 Cicero
996 2295 1027 2324 in
1040 2295 1126 2326 Orat.

426 2347 480 2377 pro
494 2335 572 2366 Rab.
588 2337 667 2366 Vide
683 2342 714 2366 et
730 2336 849 2366 Vallam
866 2348 894 2366 V.
908 2337 980 2376 95).
993 2338 1127 2368 decessit

426 2379 542 2407 imidia
565 2379 807 2414 obtrectationis,
832 2379 923 2409 Praef.
948 2384 968 2411 6
1004 2380 1128 2411 decedit

425 2421 537 2450 Darius
553 2421 582 2450 in
601 2421 666 2461 ipso
691 2427 840 2461 apparatu
869 2421 941 2451 belli
969 2422 1000 2458 ii,
1028 2426 1079 2458 10,
1108 2427 1124 2455 1

426 2474 487 2492 non
502 2464 650 2493 decedere
667 2474 684 2493 a
710 2465 799 2494 rebus
822 2464 915 2504 gestis
937 2464 1069 2505 alicujus
1096 2470 1128 2496 et

426 2506 589 2545 splendore
606 2506 708 2545 gloriae
731 2505 771 2542 vi,
787 2509 818 2542 3,
835 2510 854 2537 8
878 2506 980 2537 Vorst.
1003 2517 1057 2547 per
1079 2508 1125 2537 di-

428 2549 557 2578 vortium
582 2549 620 2578 ab
648 2549 750 2589 AEgeo
775 2549 929 2580 decedens
952 2550 1068 2580 Medea
1092 2550 1126 2587 ii,

428 2595 459 2626 6,
482 2593 520 2620 14

471 2632 588 2663 Decem
604 2632 727 2672 tyranni
742 2632 873 2664 Athenis
896 2644 926 2670 ν,
944 2637 995 2669 10,
1013 2637 1032 2665 4
1061 2639 1092 2665 et
1106 2638 1125 2666 7

425 2676 532 2704 decem
549 2675 645 2704 millia
659 2675 772 2705 civium
795 2676 827 2711 ii,
842 2679 873 2711 9,
891 2679 912 2706 9
950 2677 1126 2708 Graecorum

425 2728 453 2753 v,
473 2720 522 2752 11,
542 2721 581 2748 10
603 2718 741 2757 equitum
767 2718 805 2753 xi,
821 2721 852 2754 9,
873 2721 913 2749 10

469 2760 626 2789 Decennis
642 2760 711 2789 belli
730 2765 845 2789 sumtus
872 2760 978 2797 xxxiii,
995 2765 1025 2797 1,
1042 2764 1061 2793 3

473 2801 606 2831 Decere:
624 2802 746 2832 miseros
762 2803 901 2833 convicia
924 2814 986 2834 non
1013 2805 1126 2835 decent

426 2844 485 2878 xiv,
506 2847 538 2879 4,
557 2847 576 2874 4

470 2886 641 2915 Dccerncre
657 2886 760 2925 praelio
784 2886 848 2922 xiii,
865 2889 896 2922 8,
913 2890 944 2918 4.
968 2888 1049 2925 xxxi,
1061 2892 1093 2925 6,
1107 2892 1126 2920 8

426 2928 596 2957 decernitur
611 2928 713 2957 classis
727 2929 834 2968 ingens
857 2928 897 2964 iv,
912 2933 943 2964 4,
962 2933 980 2961 3
1020 2932 1126 2961 decer-

429 2975 505 3001 nunt
519 2969 669 3001 fortunam
685 2971 773 3002 maris
785 2971 1000 3012 experiendam
1037 2984 1066 3010 v,
1093 2977 1125 3011 6,

1073 380 1231 411 INDEX

1181 479 1200 507 7
1224 477 1394 507 decernunt
1408 475 1611 507 revocandum
1625 475 1803 517 Agesilaum
1832 479 1877 516 vi,

1180 522 1211 554 2,
1230 522 1268 550 17
1293 520 1455 549 decernere
1469 519 1534 549 acie.
1556 519 1598 553 vi,
1614 522 1646 555 7,
1663 522 1703 550 10
1737 521 1877 551 decerni-

1180 566 1228 590 tur
1243 561 1335 591 alicui
1352 562 1464 591 bellum
1480 562 1624 590 adversus
1649 561 1783 601 aliquem
1803 564 1876 604 (pro

1181 604 1326 639 defertur,
1342 602 1560 642 demandatur)
1572 603 1636 638 xiii,
1650 606 1681 639 8,
1698 607 1748 635 10.
1771 605 1832 641 xiV,
1845 608 1876 642 1,

1183 649 1198 676 l
1230 645 1366 676 Freinsh.
1397 647 1560 676 decernere
1589 646 1792 677 occidendum
1821 647 1877 677 ali-

1180 699 1270 728 quem
1294 689 1355 724 xiV,
1370 691 1402 724 6,
1418 691 1436 719 7
1461 689 1624 719 decernere
1640 688 1781 718 omnibus
1806 689 1877 719 viri-

1179 731 1236 760 bus
1273 730 1354 766 xxiii,
1371 733 1403 767 3,
1429 734 1449 762 8
1484 731 1657 761 decernitur
1684 730 1776 762 alicui
1801 731 1877 762 Asia

1179 773 1280 808 xxxvi,
1292 776 1323 808 4,
1335 776 1354 804 7

1221 815 1375 845 Decidere
1389 827 1395 845 :
1414 825 1482 845 cum
1497 825 1636 856 praeceps
1650 815 1683 845 in
1698 819 1806 846 terram
1821 815 1877 846 de·

1179 858 1304 888 cidisset
1327 858 1378 894 xii,
1394 861 1425 894 8,
1441 861 1460 889 4

1222 900 1337 931 Decidi
1349 901 1388 930 de
1399 900 1468 940 jure
1483 900 1589 940 patriae
1601 910 1664 930 non
1677 904 1780 940 potest
1794 899 1876 937 xxxi,

1179 945 1210 978 7,
1227 945 1247 972 6

1221 984 1360 1014 Decimae
1377 984 1488 1023 praedae
1499 984 1593 1025 Tyrio
1609 983 1736 1015 Herculi
1749 985 1877 1015 mittun-

1179 1031 1228 1056 tur
1270 1037 1288 1056 a
1327 1027 1630 1066 Carthaginiensibus
1676 1027 1760 1062 xviii,
1789 1030 1820 1063 7,
1856 1030 1876 1058 7

1178 1069 1319 1109 Apollini
1334 1068 1490 1109 Delphico
1513 1074 1663 1099 voventur
1685 1079 1704 1099 a
1733 1069 1877 1100 Crotoni-

1178 1111 1302 1142 ensibus
1324 1122 1373 1147 xx,
1389 1114 1420 1147 3,
1437 1115 1454 1142 3

1222 1154 1375 1194 Decipere
1398 1154 1530 1194 aliquem
1556 1153 1698 1183 inanibus
1722 1153 1878 1194 promissis

1179 1196 1239 1232 xiv,
1256 1199 1286 1232 3,
1303 1200 1323 1227 9
1346 1196 1450 1236 decipi
1464 1195 1640 1226 insidiarum
1656 1197 1763 1226 fraude
1778 1196 1831 1232 vii,
1844 1200 1877 1232 5,

1178 1241 1199 1269 6
1221 1238 1354 1278 perjurio
1377 1239 1457 1275 xxiv,
1475 1242 1506 1274 2,
1523 1242 1543 1269 6
1566 1239 1716 1279 deceptus
1731 1239 1816 1279 pacis
1835 1238 1877 1268 si-

1178 1281 1345 1311 mulatione
1368 1282 1468 1318 xxxvi,
1487 1284 1516 1317 1,
1538 1285 1557 1312 5
1595 1282 1727 1322 decepta
1756 1281 1876 1311 somnio

1178 1323 1232 1358 xii,
1249 1327 1299 1359 16,
1317 1327 1336 1354 2

1222 1365 1387 1396 Declinare
1413 1366 1543 1396 fatorum
1570 1365 1708 1406 pericula
1730 1365 1784 1402 xii,
1807 1368 1839 1400 2,
1854 1369 1876 1398 4

1178 1407 1326 1448 impetum
1356 1408 1480 1438 invidiae
1517 1408 1561 1444 iii,
1577 1412 1609 1444 7,
1630 1412 1650 1439 9
1687 1408 1874 1439 declinatum

1178 1456 1225 1479 est
1236 1450 1364 1486 facinus,
1383 1461 1443 1480 non
1458 1451 1646 1480 vindicatum
1669 1451 1730 1487 xxi,
1741 1454 1772 1487 4,
1787 1454 1806 1482 4
1820 1451 1875 1481 de·

1177 1493 1290 1523 clinare
1305 1494 1449 1524 victorem
1464 1493 1597 1524 hostium
1612 1494 1777 1524 exercitum
1793 1493 1875 1530 xxvi,

1176 1537 1208 1570 2,
1223 1538 1241 1563 7

1219 1577 1386 1607 Decretum
1404 1588 1566 1608 commune
1581 1577 1750 1608 civitatium
1780 1577 1824 1613 iii,
1841 1580 1875 1613 4,

1178 1622 1218 1650 12
1242 1620 1398 1650 decretum
1415 1627 1538 1651 senatus
1560 1620 1653 1657 xxxii,
1668 1623 1700 1656 2,
1716 1624 1747 1651 5.
1772 1619 1875 1656 xxxiv,

1178 1665 1208 1696 l,
1225 1665 1256 1692 6.
1294 1662 1393 1698 xxxiv,
1410 1666 1442 1699 3,
1458 1666 1476 1694 3
1514 1664 1638 1693 decreta
1662 1663 1875 1693 Macedonum

1177 1705 1237 1740 xiv,
1259 1707 1286 1740 Ι,
1302 1709 1320 1736 5
1345 1705 1489 1745 majestas
1517 1704 1683 1736 Alexandri
1710 1705 1794 1735 testis
1820 1705 1875 1735 de-

1176 1753 1325 1777 cretorum
1342 1748 1405 1784 xiii,
1421 1751 1453 1784 4,
1469 1751 1489 1780 4
1504 1748 1693 1779 decretorum
1705 1747 1875 1778 amaritudo

1175 1789 1298 1824 xxxviii,
1320 1794 1351 1826 5,
1373 1794 1391 1821 5

1216 1832 1385 1862 Decurrere
1408 1832 1446 1862 ad
1473 1832 1606 1873 aliquem
1634 1831 1718 1873 (pro,
1745 1831 1875 1872 alicuju}

1174 1885 1265 1914 opem
1289 1875 1467 1915 implorare)
1494 1875 1555 1911 xiV,
1581 1878 1614 1910 2,
1638 1878 1668 1906 6.
1703 1875 1763 1910 xvi,
1789 1878 1820 1910 3,
1843 1877 1875 1905 -1,

1175 1917 1236 1952 xvi,
1249 1920 1280 1950 4.
1296 1919 1315 1948 4
1353 1918 1455 1947 Vorst.
1481 1929 1530 1954 xx,
1545 1921 1576 1954 2,
1601 1920 1652 1948 11.
1688 1917 1779 1951 xxvii,
1796 1920 1827 1953 3,
1843 1919 1874 1947 9.

1175 1959 1278 1995 xxviii,
1297 1963 1326 1995 1,
1344 1963 1359 1990 1
1400 1961 1558 1990 decurrere
1588 1970 1640 2000 per
1668 1959 1795 2000 vestigia
1819 1968 1874 1998 pa·

1175 2006 1268 2031 terna:
1298 2002 1414 2031 virtutis
1438 2002 1498 2037 xix,
1515 2006 1542 2038 1,
1559 2006 1578 2033 2
1601 2012 1663 2042 quo
1688 2002 1793 2032 habitu
1808 2001 1874 2031 Ro-

1176 2054 1232 2073 rnae
1249 2043 1467 2083 Lupercalibus
1482 2045 1650 2074 decurritur
1672 2044 1746 2079 xliii,
1765 2047 1793 2079 1,
1809 2047 1829 2075 7

1218 2085 1324 2115 Decus
1352 2087 1468 2126 regium
1505 2087 1556 2122 xii,
1584 2090 1633 2122 12,
1673 2090 1714 2117 12
1761 2087 1873 2117 decora

1176 2127 1249 2158 belli
1272 2129 1331 2164 xix,
1348 2131 1378 2164 3,
1396 2131 1414 2159 3
1439 2128 1586 2168 majorum
1609 2140 1684 2165 xxx,
1698 2131 1730 2164 4,
1746 2131 1784 2159 13

1219 2170 1366 2201 Dedecus
1378 2172 1563 2211 captivitatis
1586 2172 1626 2207 iv,
1642 2175 1674 2207 5,
1691 2175 1730 2203 11
1757 2171 1872 2211 majore

1175 2212 1327 2243 dedecore
1343 2223 1432 2253 quam
1446 2214 1581 2253 periculo
1603 2214 1683 2250 xxxi,
1699 2217 1730 2250 8,
1744 2217 1764 2245 6

1220 2255 1342 2285 Dedere
1359 2266 1390 2286 se
1409 2262 1498 2295 pacta
1513 2256 1609 2286 salute
1634 2256 1697 2292 viii,
1714 2260 1745 2292 5,
1762 2259 1780 2287 3
1818 2256 1872 2285 de-

1176 2297 1247 2328 dere
1272 2308 1302 2327 se
1327 2298 1463 2327 hostibus
1486 2299 1549 2335 xlii,
1567 2303 1597 2334 5.
1614 2302 1633 2329 8
1657 2298 1779 2329 deditus
1802 2298 1873 2339 (qui

1176 2339 1301 2370 dedidit
1313 2340 1360 2380 se)
1382 2351 1451 2375 xxv,
1467 2345 1497 2376 5,
1514 2345 1533 2373 2
1558 2341 1660 2371 Vorst.

1219 2382 1380 2423 Dedignor
1394 2383 1510 2423 aliquid
1526 2384 1626 2414 facere
1647 2382 1701 2419 vii,
1716 2385 1748 2420 3,
1764 2385 1784 2414 8
1818 2377 1873 2413 de—

1176 2425 1296 2465 dignari
1312 2426 1466 2456 connubia
1488 2426 1564 2462 xliii,
1581 2429 1611 2462 3,
1628 2429 1647 2457 2

1219 2467 1348 2497 Deditio
1365 2479 1370 2496 :
1388 2467 1419 2497 in
1443 2469 1633 2499 deditionem
1658 2467 1797 2507 accipere
1819 2466 1873 2504 xii,

1177 2513 1208 2545 6,
1223 2513 1272 2541 18.
1296 2510 1347 2545 xii,
1364 2513 1395 2545 7,
1416 2513 1463 2541 13.
1479 2511 1529 2547 xii,
1546 2515 1578 2547 9,
1594 2515 1626 2542 2.
1642 2521 1710 2546 xxv,
1726 2513 1757 2546 3,
1774 2514 1795 2541 6
1819 2520 1874 2550 per

1177 2553 1366 2582 deditionem
1382 2553 1546 2583 exercitum
1554 2553 1644 2584 alicui
1655 2553 1800 2588 traderei,
1812 2555 1873 2589 6,9

1220 2594 1383 2626 Deducere
1403 2596 1479 2636 (boc
1503 2601 1559 2633 est,
1586 2596 1726 2626 deorsum
1749 2595 1873 2632 ducere,

1176 2636 1255 2666 sicut
1270 2638 1407 2678 degredi,
1424 2643 1455 2668 et
1471 2639 1528 2669 hoc
1552 2649 1647 2679 genus
1670 2636 1746 2677 alia)
1771 2638 1803 2675 ii,
1820 2640 1873 2674 10,

1176 2682 1216 2710 25
1249 2690 1302 2719 pro
1325 2681 1452 2716 deferre,
1488 2681 1550 2711 sive
1574 2682 1683 2711 inferre
1725 2680 1788 2716 xiii,
1804 2684 1836 2716 4,
1851 2683 1872 2711 6

1176 2721 1313 2752 Freinsh.
1329 2723 1481 2753 deducere
1495 2723 1608 2753 auxilia
1629 2723 1668 2758 iv,
1685 2726 1717 2759 4,
1732 2725 1752 2754 2
1770 2723 1874 2763 praesi-

1176 2764 1227 2793 dia
1243 2765 1281 2794 ab
1297 2765 1419 2795 urbibus
1443 2765 1545 2801 xxviii,
1564 2769 1592 2801 l,
1609 2768 1629 2796 6
1661 2766 1813 2796 deductus
1838 2765 1871 2795 in

1177 2805 1303 2836 insidias
1326 2807 1442 2843 xliv,5,
1457 2811 1476 2839 4
1509 2808 1704 2838 deducuntur
1729 2808 1872 2848 praesidia

1176 2848 1308 2878 hostium
1335 2849 1374 2885 vi,
1392 2852 1422 2885 3,
1442 2853 1492 2881 11.
1515 2849 1618 2886 xxviii,
1636 2853 1665 2886 1,
1688 2853 1708 2881 6
1738 2851 1872 2881 deducta

1176 2901 1222 2920 res
1238 2897 1284 2921 est
1298 2902 1334 2922 eo
1359 2893 1399 2928 xi,
1414 2895 1446 2929 4,
1462 2895 1500 2923 ll
1526 2893 1677 2924 deductus
1704 2893 1742 2923 ad
1770 2903 1872 2934 regem

1176 2934 1298 2969 xxxviii,
1315 2937 1345 2970 9,
1361 2937 1379 2964 7

1219 2975 1317 3007 Deest
1345 2987 1395 3008 rex
1411 2977 1492 3008 solus
1508 2977 1545 3008 ad
1567 2988 1701 3020 pugnam
1724 2977 1764 3014 xi,
1782 2980 1833 3015 13,
1849 2979 1869 3011 2
