2101 3419
527 358 611 399 964

527 469 598 492 esse
614 459 813 492 scribenda:
834 469 860 490 c,
884 469 919 498 g.
943 461 968 491 t.
987 469 1020 500 p.
1040 470 1059 490 a
1077 460 1224 491 Romanis

526 512 638 551 victus,
662 513 803 541 oneratus
831 513 920 549 esset,
946 510 1059 541 deleto
1084 510 1140 541 illo
1167 520 1224 550 que

528 566 609 601 post
627 560 637 577 ⁴
653 558 834 599 oneratus,’
856 558 946 600 quod
969 559 1141 599 adjecerat
1166 559 1224 599 qui

528 611 597 642 ista
618 610 684 641 duo
710 609 852 650 putabat
869 609 1005 649 juncta,
1019 618 1094 640 cum
1111 614 1224 640 tamen

529 660 627 691 victus
638 664 708 690 stet
720 668 781 700 per
789 668 824 690 se
833 670 840 689 :
849 660 948 690 victus
958 662 1004 690 est
1013 659 1223 698 oneratus,i.e.

531 720 607 741 cum
618 710 726 741 victus
741 713 844 749 esset,
857 713 915 740 aut
929 713 1105 750 postquam
1116 709 1225 739 victus

531 766 633 801 esset,
648 764 806 791 oneratus
822 763 884 791 est.
899 758 1004 797 Schef.
1038 759 1115 789 Non
1128 758 1227 788 aliter

531 812 628 843 Junt.
645 820 745 852 quam
771 813 809 840 ut
830 809 967 849 legend.
994 807 1111 839 videre
1133 817 1228 847 saga-

531 861 665 892 cissime
682 858 870 891 Schefferus
885 864 920 890 et
943 858 1064 897 Faber,
1086 867 1228 898 quorum

533 911 766 951 conjecturam
791 910 844 940 vel
867 910 939 940 sine
961 908 1058 939 libris
1082 908 1230 948 amplexi

535 966 614 991 sunt
634 960 779 992 editores
796 959 910 1000 Angli,
930 959 987 999 qui
1009 957 1138 989 addunt
1155 966 1230 988 con-

534 1010 665 1042 sulend.
682 1019 755 1041 esse
771 1009 874 1040 Diod.
890 1009 925 1039 in
941 1009 1104 1048 Excerpt.
1115 1007 1230 1038 Vales.

534 1069 568 1100 p.
585 1062 659 1091 292.
686 1060 792 1090 Graev.

577 1107 681 1148 Jovis]
702 1108 807 1139 Vides
835 1117 970 1138 sensum
996 1107 1180 1148 requirere,
1195 1111 1233 1136 ut

535 1158 669 1198 legatur
683 1157 754 1197 quia
766 1166 845 1197 sper.
868 1156 956 1187 Dein
972 1155 1140 1187 scribend.
1156 1165 1233 1186 cum

535 1209 631 1241 Junt.
655 1208 801 1248 Elymaei.
836 1207 885 1238 Ut
907 1211 943 1238 et
963 1206 1096 1247 legend.
1113 1205 1235 1237 statuit

535 1258 636 1289 Voss.
684 1256 870 1288 Confirmat
898 1260 934 1287 et
962 1256 1056 1295 Sulp.
1089 1255 1233 1286 Severus

539 1312 666 1347 praeter
687 1305 812 1345 Polyb.
835 1310 871 1337 et
895 1305 996 1336 Diod.
1015 1305 1050 1335 in
1073 1305 1236 1344 Excerpt.

537 1357 754 1397 Porphyrog.
781 1355 839 1386 lib.
864 1364 903 1386 11.
927 1355 936 1372 ‘
953 1354 1093 1386 Interea
1117 1353 1236 1384 Antio-

538 1407 634 1445 chus,
660 1416 761 1447 quem
785 1407 819 1436 in
841 1405 1016 1436 Persidem
1047 1403 1237 1444 profectum

538 1466 641 1497 supra
667 1455 938 1494 memoravimus,
966 1454 1128 1495 oppidum
1158 1453 1237 1493 Ely-

539 1516 638 1546 mam,
659 1506 805 1547 regionis
825 1506 913 1536 illius
934 1503 1238 1545 opulentissimum,

538 1556 722 1597 fanumque
738 1556 783 1587 ibi
798 1556 899 1587 situm
915 1555 1020 1585 multo
1036 1562 1117 1584 auro
1134 1552 1239 1584 refer-

541 1612 613 1638 tum
635 1606 784 1646 diripere
804 1610 956 1644 conatus,
972 1603 1162 1636 confluente
1183 1613 1240 1634 un-

541 1656 642 1698 dique
672 1656 715 1687 ad
738 1654 970 1686 defensionem
998 1654 1065 1685 loci
1089 1653 1240 1685 multitu—

543 1706 635 1746 dine,
674 1705 836 1746 fugatus.'
899 1705 978 1736 Non
1015 1702 1243 1734 confuderunt

542 1758 689 1788 Veteres
716 1756 916 1795 Antiochus,
940 1758 980 1786 ut
1010 1754 1242 1784 Berneccerus

543 1816 586 1837 ex
603 1806 719 1837 Strab.
731 1806 874 1837 Hieron.
886 1804 1046 1845 Josepho,
1058 1807 1093 1834 et
1107 1812 1133 1834 1.
1148 1803 1244 1835 Mac-

545 1856 620 1887 cab.
650 1859 683 1887 6.
715 1856 758 1887 ad
787 1855 916 1888 Justini
940 1855 1030 1885 bunc
1058 1854 1182 1894 locum,
1209 1858 1245 1884 et

544 1906 688 1938 Drusius
713 1906 753 1938 ad
780 1906 962 1947 Sulpitium
977 1909 1161 1942 notarunt3
1184 1904 1245 1935 sed

545 1956 734 1987 docuerunt
760 1955 883 1996 potius,
906 1959 943 1986 et
969 1959 1102 1995 patrem
1124 1953 1244 1985 Antio-

547 2008 659 2046 chum,
685 2008 847 2047 Maguum
878 2006 1048 2044 nimirum,
1078 2009 1114 2035 et
1140 2004 1246 2035 filium

546 2057 751 2089 Antiochum
779 2056 988 2096 Epiplianem
1013 2054 1118 2084 fuisse
1145 2054 1248 2084 sacri-

546 2108 662 2146 legos:
700 2111 832 2146 patrem
866 2105 963 2137 Jovis
999 2114 1025 2135 s.
1062 2104 1139 2135 Beli
1169 2104 1247 2144 Ely-

546 2157 637 2196 maei,
649 2155 755 2187 filium
776 2156 894 2186 Dianae
911 2155 1071 2195 Elymaeae
1084 2153 1248 2192 templum

548 2206 761 2246 compilasse,
793 2209 831 2235 ut
864 2208 959 2235 recte
988 2203 1074 2234 vidit
1104 2203 1248 2243 Rupert.

551 2255 636 2286 obs.
674 2255 716 2286 ad
755 2255 848 2286 Hist.
885 2254 1044 2285 Univers.
1081 2262 1156 2292 cap.
1197 2255 1248 2283 10.

552 2306 660 2336 Graec.

594 2355 750 2385 Dodonoei
769 2352 872 2393 Jovis]
896 2353 1048 2393 Legend.
1072 2357 1154 2393 puto
1173 2353 1249 2393 Ely-

551 2405 623 2437 moei
645 2405 681 2435 J.
708 2405 729 2436 i.
747 2414 777 2436 e.
792 2405 881 2435 Beli.
928 2404 1031 2443 Nam,
1047 2403 1136 2444 quod
1152 2403 1250 2443 Jupi-

552 2462 605 2488 ter
629 2457 743 2487 Cretae
765 2465 825 2487 rex
855 2464 910 2495 ap.
942 2463 1019 2485 suos
1048 2457 1250 2484 consecutus

552 2512 619 2545 est,
655 2515 777 2546 nempe
814 2504 1005 2535 divinitatis
1045 2503 1251 2543 opinionem,

555 2558 663 2589 stulto
693 2556 867 2597 gentilium
897 2564 1024 2593 errore,
1052 2555 1115 2585 lioc
1149 2555 1253 2585 Belus

555 2616 608 2646 ap.
626 2607 806 2646 Elymaeos.
838 2604 966 2635 Verum
993 2613 1017 2634 1.
1046 2603 1204 2634 Machab.
1219 2605 1251 2634 6.

555 2657 599 2687 de
625 2656 794 2686 Antiocho
820 2654 999 2695 Epiphane
1026 2653 1088 2684 hoc
1119 2653 1254 2684 sacrile-

556 2707 645 2745 gium
669 2703 829 2736 refertur.
875 2702 975 2734 Unde
1002 2703 1064 2733 hoc
1089 2702 1253 2733 variatum

558 2755 697 2786 historia
722 2758 806 2795 puto
830 2758 901 2785 tum
918 2753 950 2783 in
966 2753 1114 2793 homine,
1129 2762 1203 2783 cum
1220 2752 1254 2783 in

559 2807 651 2845 Deo,
667 2805 709 2836 de
727 2804 858 2836 duobus
875 2803 1051 2836 Antiochis
1063 2810 1098 2834 et
1113 2803 1155 2835 de
1166 2803 1254 2836 Jove

559 2855 661 2886 vario.
686 2855 776 2886 Glar.

602 2905 777 2946 Didymaei]
810 2905 917 2937 Strab.
946 2913 1022 2937 xvr.
1046 2914 1078 2947 p.
1104 2906 1178 2937 512.
1203 2906 1256 2936 40.

990 366 1129 397 NOTAE
1162 365 1424 397 VARIORUM
1459 366 1510 397 IN

1269 459 1487 491 interfectum
1505 469 1525 490 a
1540 458 1702 499 barbaris,
1712 468 1788 490 cum
1801 457 1965 498 templum

1271 509 1346 540 Beli
1374 509 1520 550 spoliare
1545 513 1746 540 conaretur:
1772 507 1905 539 Auctor
1925 508 1967 539 de

1271 559 1362 590 Viris
1377 560 1507 591 Illustr.
1532 568 1551 590 a
1565 558 1750 598 sodalibus,
1766 567 1846 599 quos
1863 562 1969 589 temu-

1273 609 1383 641 lentus
1408 610 1443 641 in
1469 609 1624 641 convivio
1653 610 1860 649 pulsaverat,
1883 607 1971 638 occi-

1274 669 1346 690 sum
1370 668 1445 690 esse
1471 658 1598 690 refert:
1624 659 1667 690 D.
1691 658 1832 689 Hieron.
1858 657 1893 688 in
1919 665 1971 688 xr.

1274 710 1407 742 Daniel.
1426 719 1501 741 cum
1517 709 1677 740 adversus
1694 709 1862 749 Elymaeos
1888 716 1972 748 pug-

1275 765 1384 800 naret,
1407 770 1482 791 cum
1509 759 1599 790 omni
1629 759 1784 790 exercitu
1810 758 1971 789 deletum.

1277 812 1433 850 Bongars.
1456 810 1595 850 Joseph.
1612 808 1694 840 Ant.
1709 817 1777 839 ΧΠ.
1795 810 1844 839 13.
1858 812 1974 839 narrat

1277 860 1494 897 Antiochum,
1509 859 1672 899 templum
1695 858 1814 889 Dianae
1837 857 1873 887 in
1896 858 1974 898 Ely-

1278 911 1388 942 maide
1425 911 1570 950 spoliare
1616 913 1808 949 conantem,
1853 918 1977 949 magna

1279 962 1376 993 clade
1389 965 1543 1001 accepta,
1559 960 1765 1000 Babylonem
1777 958 1976 990 recessisse:

1278 1010 1346 1050 ubi,
1363 1020 1438 1041 cum
1461 1010 1560 1050 paulo
1583 1013 1663 1049 post
1685 1008 1874 1049 accepisset
1893 1017 1977 1038 nun-

1280 1060 1363 1090 tium
1379 1060 1422 1090 de
1437 1060 1545 1090 altera
1559 1058 1657 1089 clade
1672 1068 1691 1089 a
1703 1059 1768 1090 suis
1785 1062 1926 1098 accepta
1941 1057 1977 1088 in

1280 1109 1414 1148 Judaea,
1429 1108 1545 1140 dolore
1562 1108 1606 1139 sit
1625 1107 1816 1139 confectus.
1853 1108 1979 1139 Conso-

1281 1164 1342 1189 nat
1357 1168 1382 1189 1.
1406 1157 1564 1189 Machab.
1582 1161 1613 1189 6.
1635 1158 1724 1189 Haec
1739 1162 1914 1189 auctorum
1931 1157 1980 1188 di-

1284 1208 1424 1239 versitas
1441 1218 1461 1238 a
1472 1217 1539 1239 non
1552 1208 1719 1240 distinctis
1734 1207 1980 1240 Antiochorum

1284 1257 1515 1297 cognomentis
1539 1261 1612 1288 orta
1632 1257 1777 1289 videtur.
1820 1256 1982 1288 Antiochi

1283 1306 1414 1337 Soteris
1436 1305 1610 1337 interitum
1624 1307 1776 1346 reperies
1790 1315 1846 1346 ap.
1862 1306 1982 1338 Nostr.

1288 1364 1451 1387 xxxvm.
1479 1358 1529 1387 10.
1554 1358 1607 1387 14.
1638 1355 1738 1387 Ber-n.
1775 1355 1983 1386 Mss.Dod0-

1286 1407 1359 1447 naei,
1386 1407 1492 1448 Impr.
1530 1406 1712 1447 Dindymoei
1744 1410 1781 1438 et
1810 1406 1983 1446 Didymoei.

1288 1457 1414 1488 Omnia
1441 1456 1537 1488 falsa.
1589 1455 1740 1496 Legend.
1768 1456 1902 1486 omnino
1931 1459 1986 1487 est

1290 1507 1446 1549 Elymaei‚·
1470 1516 1568 1549 quam
1595 1507 1675 1538 lect.
1704 1506 1808 1538 miror
1830 1516 1850 1536 a
1874 1507 1984 1546 Bong.

1289 1558 1539 1590 constabilitam
1573 1567 1638 1588 non
1672 1555 1789 1596 fuisse,
1824 1559 1905 1587 ante
1940 1556 1987 1588 cl.

1287 1607 1458 1646 Vossium,
1472 1617 1546 1638 nam
1562 1607 1674 1638 omnia
1693 1607 1824 1647 legerat
1844 1605 1934 1636 unde
1952 1605 1988 1636 id

1289 1656 1400 1688 fieret.
1445 1656 1590 1688 Firmior
1615 1655 1730 1696 itaque
1753 1655 1906 1695 Vossius,
1929 1654 1988 1695 qui

1291 1716 1363 1737 rem
1388 1706 1616 1737 indubitatam
1646 1705 1756 1745 ponit,
1776 1704 1910 1745 legend.
1939 1714 1989 1737 sc.

1292 1755 1438 1796 Elymaez',
1449 1755 1537 1796 quod
1549 1754 1677 1796 liquido
1689 1759 1833 1796 apparet
1843 1754 1877 1784 in
1890 1754 1990 1787 Junt.

1292 1810 1330 1835 ut
1357 1803 1502 1836 affirmat
1527 1804 1641 1836 Graev.
1679 1803 1854 1845 Oppidum
1877 1808 1990 1834 autem

1293 1855 1388 1895 illud,
1403 1854 1492 1886 unde
1513 1854 1650 1895 Jupiter
1665 1853 1789 1885 dicitur
1806 1854 1993 1894 Elymaeus,

1293 1905 1327 1935 in
1357 1904 1500 1936 Perside
1530 1908 1615 1936 erat.
1654 1903 1765 1935 Faber.
1812 1902 1992 1934 Scribend.

1293 1954 1427 1985 omnino
1443 1954 1589 1994 Elymaez'.
1624 1952 1736 1984 Strab.
1760 1961 1837 1983 xvr.
1860 1962 1894 1993 p.
1916 1954 1992 1983 744.

1294 2006 1449 2042 Ἐλυμαῖοι
1464 2003 1496 2035 δὲ
1518 2003 1568 2035 καὶ
1582 2003 1675 2044 μείζω
1695 2003 1811 2034 τούτων
1831 2001 1994 2040 κέκτηνται

1295 2054 1410 2095 χώραν,
1427 2056 1492 2085 &c.
1514 2054 1673 2092 Ἀντίοχον
1685 2052 1740 2092 μὲν
1754 2052 1806 2083 οὖν
1818 2052 1873 2083 τὸν
1887 2052 1995 2091 Μέγαν

1294 2104 1331 2134 τὸ
1345 2105 1401 2134 τοῦ
1422 2102 1524 2140 Βήλου
1538 2105 1637 2144 συλᾷν
1658 2103 1736 2143 ἱερὸν
1757 2101 1995 2142 ἐπιχειρήσαντα

1296 2155 1419 2186 ἀνεῖλον
1434 2153 1600 2192 ἐπιθέμενοι
1615 2154 1678 2184 καθ’
1695 2152 1805 2184 αὑτοὺς
1820 2153 1848 2183 οἳ
1862 2150 1995 2189 πλησίον

1296 2203 1456 2244 βάρβαροι.
1495 2205 1616 2244 Neque
1643 2203 1763 2233 mirum
1793 2207 1846 2233 est
1873 2202 1994 2232 Belum

1298 2255 1414 2285 vocari
1427 2254 1600 2293 Straboni,
1616 2253 1674 2294 qui
1691 2252 1828 2285 Justino
1845 2251 1996 2291 Jupiter.

1297 2304 1399 2335 Diod.
1425 2312 1467 2335 11.
1495 2314 1529 2344 p.
1550 2306 1605 2334 97.
1640 2302 1700 2333 Τὸν
1719 2302 1778 2333 Δία
1802 2302 1948 2332 καλοῦσιν
1969 2300 1998 2332 οἱ

1298 2353 1484 2389 Βαβυλώνιοι
1521 2354 1634 2390 Βῆλον.
1682 2352 1817 2383 Gronov.
1875 2350 1998 2382 Editur

1301 2403 1398 2443 vulgo
1431 2402 1613 2443 Didymoei:
1662 2400 1722 2432 sed
1758 2399 1890 2441 legend.
1923 2408 1998 2431 esse

1301 2452 1436 2494 Elymaei
1465 2462 1508 2483 ex
1538 2451 1659 2492 Polyb.
1689 2455 1724 2482 et
1752 2450 1858 2482 Diod.
1883 2453 1999 2481 monet

1300 2504 1400 2534 Voss.
1432 2503 1547 2544 Atque
1570 2503 1619 2533 ita
1641 2500 1820 2533 manifeste
1843 2501 1877 2531 in
1900 2499 2000 2532 Junt.

1301 2562 1374 2584 esse
1391 2553 1485 2584 testis
1509 2556 1561 2583 est
1577 2552 1691 2583 Graev.
1723 2551 1852 2582 Scribit
1866 2554 1902 2582 et
1917 2549 2000 2582 Hie-

1302 2614 1372 2635 ron.
1399 2604 1431 2633 in
1462 2611 1512 2634 xr.
1534 2602 1670 2633 Daniel.
1694 2601 1908 2640 Antiochum,
1923 2609 2001 2640 cum

1302 2652 1461 2684 adversus
1473 2652 1639 2691 Elymaeos
1652 2656 1832 2691 pugnaret,
1842 2660 1918 2682 curn
1933 2659 2002 2682 om-

1303 2703 1337 2733 ni
1353 2702 1505 2733 exercitu
1522 2702 1673 2732 deletum
1689 2700 1803 2732 fuisse.
1825 2701 1923 2731 Facit
1936 2700 2002 2730 huc

1304 2753 1385 2784 item
1399 2752 1486 2793 qnod
1503 2761 1527 2782 1.
1543 2752 1658 2782 Mace.
1677 2753 1709 2782 6.
1728 2750 1849 2790 legitur
1865 2750 1898 2780 ἐν
1911 2749 2002 2780 Ἐλυ-

1303 2802 1394 2842 μαῒδι,
1411 2803 1420 2820 ‘
1434 2801 1633 2842 Elymaide‚’
1649 2801 1812 2841 templum
1828 2799 1932 2831 fuisse
1947 2798 2004 2830 ad-

1304 2852 1438 2884 modum
1461 2851 1672 2893 opulentum,
1699 2850 1789 2892 quod
1817 2849 2000 2883 Antiochus

1305 2903 1453 2945 spoliare
1469 2906 1609 2934 conatus
1625 2900 1738 2933 fuerit.
1765 2900 1864 2933 Vorst.
