2174 3424
507 351 592 391 779.

508 462 598 484 xv11.
614 455 666 484 77.
689 451 745 493 qui
768 451 875 493 addit,
891 453 980 484 hunc
994 455 1127 484 tautum
1144 462 1203 484 nu-

505 513 634 534 merum
649 503 761 543 (Curt.
779 511 831 534 vr.
847 506 877 534 2.
889 507 920 534 2.
948 504 958 520 ‘
975 503 1127 544 gregem’
1143 512 1201 541 ap-

505 552 628 594 pellat)
644 562 702 583 eos
718 552 793 583 ideo
811 552 1049 593 affectasse‚ut
1061 553 1202 584 accede—

506 607 584 634 rent
599 603 640 633 ad
657 612 832 634 numerum
849 603 979 634 dierum
1003 603 1092 634 anni.
1138 603 1202 634 Ce-

506 658 618 685 terum
641 653 771 684 Ioniam
799 653 871 694 regi
897 654 1035 685 Persico
1059 656 1111 683 tot
1132 653 1202 693 pel-

505 703 589 733 lices
619 702 854 743 suppeditasse
894 704 1003 735 tradit
1031 702 1202 734 Maximus

505 753 587 793 Tyr.
603 752 710 783 Serm.
725 755 777 785 33.
800 753 898 785 Bern.

551 803 687 840 Darius,
714 803 891 842 Ariarates,
921 805 951 834 et
982 802 1099 842 Ochus]
1121 803 1202 834 Tres

506 851 608 884 hosce
622 851 709 883 filios
725 853 822 893 justo
837 853 1050 884 matrimonio
1065 863 1203 893 suscep-

507 908 560 934 tos
577 903 698 934 asserit
712 902 863 935 Auctor:
888 914 962 935 cum
987 903 1079 934 Plut.
1105 912 1203 944 quar-

507 957 577 984 tum
592 953 734 993 adjiciat
747 956 756 971 ‘
769 953 971 993 Arsamem,’
984 953 1093 984 ultimi
1109 953 1204 984 Darii

507 1008 652 1045 patrem.
700 1005 806 1035 Porro
834 1004 923 1036 Just.
953 1004 1107 1034 ultimum
1134 1003 1203 1034 Da·

506 1052 593 1083 rium
623 1052 873 1084 Codomannnm
903 1052 1070 1094 quendam
1106 1062 1206 1083 voca-

507 1107 579 1134 tum
595 1104 652 1143 ait,
675 1108 710 1134 et
733 1113 847 1143 regem
872 1108 988 1143 postea
1010 1101 1139 1134 factum
1159 1103 1203 1134 ob

506 1152 662 1192 pristinae
680 1153 811 1184 virtutis
827 1153 1022 1183 memoriam
1036 1163 1045 1190 ;
1061 1153 1203 1183 Darium

507 1206 621 1232 autern
646 1206 815 1242 vocatum,
837 1211 879 1232 ne
906 1201 985 1243 quid
1012 1202 1114 1241 regite
1138 1211 1205 1232 ma-

502 1253 625 1293 jestati
654 1253 801 1285 deesset.
846 1252 937 1286 Quid
978 1252 1067 1283 aliud
1099 1252 1206 1283 voluit

508 1313 610 1343 quam
642 1303 823 1334 obscurum
866 1311 992 1343 genere
1026 1300 1141 1340 fuisse,
1171 1305 1206 1332 et

507 1353 661 1392 proxime
678 1357 756 1392 post
773 1362 888 1392 regem
905 1352 1037 1383 Ochum
1054 1352 1204 1383 rexisse?

508 1413 586 1434 cum
609 1403 794 1443 Diodorus,
818 1408 896 1443 post
919 1403 1051 1434 Ochum
1074 1412 1205 1434 veneno

508 1452 690 1492 sublatum,
702 1452 812 1483 Arsen
827 1453 956 1493 aliquot
972 1462 1074 1483 annos
1091 1462 1207 1493 regem

508 1502 612 1534 fuisse
636 1503 778 1543 scribat,
802 1513 841 1534 ac
864 1508 942 1544 post
965 1513 1039 1534 eum
1067 1503 1208 1534 Darium

508 1554 661 1585 Arsamis
677 1554 796 1593 filium,
811 1554 854 1584 de
870 1562 935 1594 quo
951 1553 1119 1593 singulare
1135 1562 1208 1584 cer-

508 1608 622 1634 tamen
639 1604 671 1634 in
689 1603 844 1635 Cadusiis
868 1603 997 1634 factum
1021 1601 1138 1641 refert,
1161 1603 1209 1633 ni-

508 1654 554 1685 hil
572 1655 613 1685 de
631 1654 847 1685 Codomauno
864 1663 1064 1684 memorans.
1092 1653 1184 1684 Glar.

553 1704 732 1744 Ariarates]
767 1705 864 1735 vett.
893 1705 1069 1735 Aralratus.
1115 1703 1209 1735 Plut.

508 1755 542 1786 in
560 1754 680 1787 Artax.
707 1765 782 1796 cap.
802 1758 854 1787 48.
880 1755 889 1772 ‘
907 1753 1089 1795 Ariaspes.'
1124 1755 1210 1785 Βοη-

506 1815 594 1845 gars.
638 1806 736 1838 Junt.
767 1805 951 1836 Ariarchus.
998 1806 1076 1836 Non
1111 1806 1210 1845 longe

511 1855 640 1886 abeunt
666 1856 752 1886 Mss.
777 1856 810 1886 in
834 1855 953 1896 quibus
975 1855 1160 1886 Aralractus
1176 1859 1212 1886 et

509 1905 691 1936 Aratratus.
722 1905 871 1936 Vindob.
886 1905 1078 1936 Ariaractos.
1093 1905 1209 1936 Graev.

510 1955 551 1985 In
579 1956 632 1986 ed.
655 1956 754 1987 Junt.
782 1956 964 1986 Ariarchus.
998 1956 1061 1986 Ed.
1088 1957 1211 1988 Vienn.

509 2006 702 2036 Arinractos.
750 2006 835 2036 Mss.
864 2006 998 2047 quidam
1031 2005 1210 2046 Aralratus,

509 2055 704 2087 Arulractus.
751 2056 872 2095 Nugae.
907 2056 1058 2086 Barbara
1075 2056 1210 2087 nomina

511 2110 603 2145 sunt,
619 2110 655 2137 et
671 2115 737 2136 non
755 2105 841 2137 tanti
868 2110 906 2136 ut
927 2106 1158 2136 examinentur
1175 2107 1209 2137 in

511 2160 640 2187 statera
657 2155 816 2195 aurificis,
832 2155 890 2186 sed
908 2156 941 2186 in
959 2155 1086 2186 trutina
1104 2165 1209 2196 popu-

511 2207 587 2237 lari.
631 2206 817 2238 Ariarathes
832 2205 967 2246 quidem
984 2206 1062 2236 mihi
1078 2207 1210 2247 Cappa-

512 2256 665 2287 docicum
690 2265 810 2287 nomen
834 2255 983 2294 videtur,
1010 2256 1067 2286 sed
1094 2260 1208 2287 tamen

512 2312 547 2338 et
565 2308 739 2338 Persicum
754 2317 828 2338 esse
845 2312 970 2348 potest.
997 2308 1072 2339 Fal).

555 2360 573 2399 ξ
597 2362 616 2389 2
641 2358 957 2398 Perindulgentiam]
987 2359 1092 2389 Simul
1108 2358 1209 2389 etiam

512 2419 555 2439 ue
587 2418 621 2439 se
653 2413 785 2440 mortuo
816 2419 956 2447 regnum
992 2409 1086 2439 novis
1113 2409 1209 2440 bellis

512 2458 722 2500 fratrumque
748 2459 989 2490 certaminibus
1020 2459 1209 2499 implicare-

513 2513 578 2538 tur.
624 2508 717 2539 Plut.
743 2508 776 2539 in
804 2507 924 2539 Artax.
943 2518 1018 2549 cap.
1035 2511 1087 2540 41.
1113 2509 1210 2539 Cohi-

511 2558 636 2588 beutur
660 2567 773 2597 pravae
801 2558 942 2588 aliorum
966 2568 1057 2598 spes,
1081 2559 1108 2588 si
1135 2568 1210 2589 suc-

513 2617 625 2638 cessor
651 2616 717 2637 nou
746 2607 778 2637 in
805 2607 936 2639 incerto
963 2607 1021 2638 sit.
1064 2608 1142 2639 Tac.
1167 2606 1210 2639 A.

514 2667 570 2689 111.
586 2661 639 2688 56.
663 2658 761 2687 Rern.

558 2708 656 2738 Pater
671 2716 786 2747 regem,
809 2707 877 2747 ξφα]
913 2706 990 2737 Hoc
1016 2709 1106 2747 pater
1131 2706 1211 2737 mihi

515 2764 568 2789 est
597 2763 803 2798 suspectum,
845 2757 1119 2799 glossatorisque,
1145 2766 1211 2788 non

514 2808 657 2846 „lus-tini,
673 2808 816 2839 videtur.
841 2808 945 2846 Scleef.

561 2858 772 2894 [regom-irus
786 2858 882 2898 fucit]
908 2859 1113 2889 Inconsulta
1135 2858 1213 2889 vid.

516 2908 703 2946 sapienti-ss.
725 2908 922 2947 Syn-aculem
940 2917 1072 2940 xxxiii.
1098 2911 1150 2940 20.
1179 2913 1214 2939 et

963 360 1102 391 NOTAE
1137 353 1409 391 VARIORUM'
1441 360 1491 390 IN

1251 462 1346 494 seqq.
1361 453 1527 485 Feliciore
1540 456 1653 484 tamen
1662 461 1822 484 successu
1833 452 1950 484 Ptole-

1251 512 1368 542 maeuS‚
1382 502 1442 534 inf.
1459 512 1535 535 Χνι.
1551 505 1582 534 2.
1600 506 1632 534 8.
1657 505 1757 534 Bern.

1295 553 1312 592 ξ
1335 554 1354 582 3
1382 552 1594 592 Existimans]
1620 553 1705 583 Mss.
1721 552 1850 583 habent
1865 551 1951 582 aesti-

1250 611 1350 640 mans,
1364 601 1452 642 quod
1466 601 1662 632 notandum.
1684 601 1805 633 Solent
1821 601 1949 641 quippe

1252 651 1308 681 alii
1325 660 1457 691 quoque
1472 651 1521 681 ita
1544 651 1649 691 loqui,
1665 651 1803 691 ipseque
1820 651 1952 682 Noster

1252 700 1389 732 alicubi.
1431 700 1511 731 Vid.
1529 710 1602 740 sup.
1617 709 1667 732 1v.
1683 703 1714 732 7.
1737 699 1846 738 Schef.

1287 751 1443 782 Gaudium
1459 761 1499 782 ex
1511 752 1735 791 procreatione,
1747 751 1816 792 ἔξω]
1840 750 1953 791 Apoll.

1251 801 1360 832 Rhod.
1388 811 1412 832 1.
1435 804 1509 832 973.
1549 799 1713 832 Παίδεσσιν
1739 800 1952 840 ἀγαλλόμενος

1250 851 1413 891 μεμόρητο.
1461 852 1507 882 Et
1524 851 1595 882 Cic.
1612 860 1646 883 v.
1661 851 1704 882 de
1722 852 1794 883 Fin.
1810 854 1864 882 23.
1892 852 1900 868 ‘
1918 851 1951 882 A

1251 900 1525 941 procreatoribus
1539 899 1727 940 diliguntur
1737 900 1832 932 nati!
1847 902 1855 918 ‘
1867 901 1951 932 Pro-

1251 949 1397 981 creatio'
1421 950 1557 981 Platoni
1583 950 1626 981 de
1648 951 1754 992 Legg.
1777 954 1831 982 est
1854 951 1954 982 ἐπιτε-

1251 1000 1372 1032 λείωσις
1387 1000 1511 1033 παίδων.
1534 1001 1633 1032 Gron.

1295 1053 1311 1092 ς
1335 1054 1355 1082 6
1380 1051 1504 1082 Ostentz·
1530 1060 1658 1091 prorsus
1684 1060 1794 1090 genus,
1828 1050 1882 1082 ubi
1919 1050 1954 1081 in

1251 1105 1340 1133 tanto
1361 1103 1473 1142 populo
1497 1102 1584 1133 sileri
1608 1101 1812 1141 parricidium
1835 1101 1958 1142 potuit]

1252 1151 1500 1182 Freinshemius
1516 1152 1548 1182 in
1572 1152 1672 1182 Notis
1690 1151 1732 1182 ad
1757 1152 1854 1184 Curt.
1872 1161 1956 1184 vm.

1253 1204 1284 1232 6.
1303 1204 1353 1233 12.
1377 1201 1511 1242 legend.
1530 1206 1628 1242 putat
1643 1201 1689 1232 uli
1703 1202 1850 1242 potuerit.
1872 1202 1955 1232 Vul-

1253 1252 1340 1292 garis
1370 1252 1529 1293 loquendi
1558 1251 1645 1282 ratio
1672 1255 1783 1283 esset:
1815 1251 1956 1283 Ostenti

1255 1313 1359 1343 genus
1389 1307 1454 1342 est,
1484 1303 1572 1344 quod
1606 1303 1826 1344 parricidium
1861 1303 1955 1335 sileri

1255 1353 1380 1394 potuit.
1424 1354 1501 1385 Jam
1517 1358 1634 1384 notum
1647 1353 1783 1394 quidem
1797 1357 1864 1393 est,
1879 1354 1888 1370 ‘
1900 1352 1955 1384 ut'

1255 1403 1334 1442 poni
1360 1403 1531 1434 interdum
1559 1412 1633 1443 pro,
1662 1402 1777 1444 quod3
1813 1403 1957 1444 ejusque

1257 1454 1306 1484 rei
1327 1454 1485 1493 exempla
1509 1463 1582 1493 sup.
1607 1452 1649 1484 ad
1668 1462 1702 1483 v.
1719 1456 1751 1484 3.
1769 1455 1800 1483 3.
1825 1462 1868 1483 ex
1884 1453 1958 1493 ipso

1257 1503 1384 1534 Nostro
1402 1507 1564 1543 congesta
1577 1506 1676 1533 sunt:
1701 1502 1763 1533 sed
1778 1502 1893 1533 nescio
1909 1506 1959 1533 ta-

1257 1562 1348 1592 men,
1373 1562 1414 1584 au
1438 1552 1604 1583 retinend.
1625 1552 1679 1583 hic
1696 1551 1809 1592 potius
1825 1553 1869 1584 sit
1883 1552 1958 1584 ubi:

1258 1602 1337 1643 quia
1359 1606 1395 1633 et
1419 1612 1534 1633 omnes
1560 1602 1658 1634 codd.
1686 1602 1735 1633 ita
1756 1602 1896 1642 habent,
1919 1606 1958 1634 et

1259 1652 1398 1684 verbum
1422 1662 1487 1683 non
1512 1651 1722 1692 conjunctivi
1744 1651 1806 1683 sed
1830 1652 1959 1683 indica-

1259 1704 1320 1735 tivi
1341 1703 1431 1735 modi
1454 1704 1671 1744 subjunctum
1695 1708 1762 1742 est,
1787 1708 1823 1735 et
1846 1704 1959 1745 ipsum

1261 1754 1406 1795 deniqne
1422 1756 1430 1772 ‘
1449 1753 1502 1785 ut'
1519 1754 1684 1796 sequitur.
1731 1754 1890 1786 Ceterum
1905 1755 1960 1786 ubi

1260 1815 1335 1846 pro,
1351 1805 1377 1835 si
1401 1811 1459 1836 aut
1481 1805 1571 1846 quia,
1593 1815 1659 1836 non
1684 1805 1842 1837 insolens.
1889 1806 1961 1838 Cae·

1261 1855 1336 1886 cina
1352 1855 1384 1885 in
1398 1856 1463 1895 Ep.
1481 1854 1522 1885 ad
1541 1855 1611 1886 Cic.
1625 1865 1700 1896 quae
1715 1860 1768 1886 est
1783 1859 1814 1887 7,
1837 1855 1897 1888 lib.
1910 1866 1959 1889 Vl.

1261 1906 1270 1922 ‘
1290 1905 1358 1936 Ubi
1374 1906 1436 1936 hoc
1461 1910 1497 1936 tu
1520 1905 1667 1936 omnium
1686 1910 1848 1945 patronus
1863 1904 1978 1946 facis,‘

1261 1956 1340 1996 quid
1367 1965 1419 1986 me
1443 1954 1568 1986 sentire
1594 1954 1774 1995 oportet?’
1807 1955 1882 1986 Val.
1906 1956 1958 1987 M.

1259 2015 1294 2036 v.
1324 2008 1355 2036 3.
1394 2007 1472 2036 Ext.
1499 2008 1531 2036 2.
1577 2005 1695 2037 ‘Quid
1726 2004 1801 2036 aliae
1831 2004 1960 2038 faciant

1260 2055 1372 2093 urbes,
1388 2055 1447 2086 ubi
1469 2055 1571 2086 etiam
1589 2054 1645 2085 illa
1660 2058 1728 2085 tam
1744 2055 1878 2095 ingrata
1901 2065 1959 2086 ex-

1259 2105 1371 2137 titit?’
1400 2106 1503 2136 Vorst.
1527 2104 1616 2135 Illud
1629 2105 1680 2135 ubz'
1693 2105 1867 2145 explicant
1884 2116 1960 2146 per,

1258 2158 1286 2189 si
1305 2158 1357 2188 vel
1376 2157 1463 2198 quia.
1487 2157 1573 2187 Mihi
1587 2161 1700 2187 tamen
1713 2157 1807 2188 locus
1822 2157 1960 2189 videtur

1258 2212 1452 2247 corruptus,
1485 2216 1629 2248 cumque
1659 2206 1812 2238 Freinsh.
1848 2207 1959 2240 scribo

1257 2260 1316 2297 uti,
1334 2260 1386 2290 vel
1411 2259 1523 2300 potius
1547 2263 1592 2298 ut,
1611 2269 1687 2290 cum
1703 2259 1784 2290 illud
1801 2259 1813 2289 z·
1829 2269 1871 2290 ex
1887 2269 1959 2300 seq.

1259 2320 1340 2341 voce
1358 2311 1433 2341 huic
1451 2310 1643 2342 adhaeserit.
1688 2311 1850 2341 Ceterum
1875 2310 1959 2341 illud

1256 2363 1372 2390 utnon
1390 2365 1472 2400 puto
1495 2361 1640 2401 positum
1667 2370 1742 2400 pro,
1771 2360 1875 2401 quod,
1897 2360 1959 2391 sed

1258 2415 1457 2450 usurpatum
1488 2420 1563 2450 pro,
1599 2411 1781 2451 quomodo,
1812 2421 1877 2451 qua
1907 2420 1960 2441 ra-

1259 2460 1363 2491 tione.
1407 2461 1454 2491 Ut
1476 2470 1550 2500 sup.
1569 2469 1593 2491 1.
1611 2464 1642 2491 5.
1676 2462 1685 2477 ‘
1702 2461 1830 2492 Scribit
1857 2461 1899 2500 ei,
1921 2465 1960 2492 ut

1260 2510 1433 2549 ablegatus
1451 2511 1483 2540 iu
1501 2511 1624 2541 Persas
1642 2511 1684 2541 ab
1702 2520 1765 2541 avo
1781 2510 1898 2550 fuerit,
1921 2515 1960 2542 ut

1260 2560 1371 2592 occidi
1399 2570 1474 2591 eum
1502 2561 1678 2600 parvulum
1705 2570 1785 2591 avus
1803 2560 1962 2600 jusserit,

1260 2616 1298 2642 ut
1322 2610 1486 2641 beneficio
1511 2620 1571 2641 suo
1597 2615 1753 2641 servatus
1779 2609 1847 2640 sit.'
1893 2610 1961 2642 Qui

1259 2660 1352 2691 locus
1375 2660 1451 2690 huic
1474 2663 1526 2690 est
1551 2669 1687 2699 prorsus
1712 2659 1840 2699 similis,
1863 2659 1961 2699 cujus

1260 2710 1416 2749 exemplo
1430 2709 1530 2739 etiam
1546 2719 1623 2740 mox
1634 2709 1771 2749 potuerit
1784 2719 1845 2750 pro
1858 2710 1962 2750 potuit

1261 2759 1431 2790 scribend.
1455 2758 1560 2797 Schef.

1308 2809 1344 2839 Ῑιι
1363 2812 1450 2839 lunio
1462 2808 1586 2849 populo]
1612 2809 1659 2839 H.
1677 2819 1706 2840 (⁸.
1725 2808 1756 2838 in
1774 2813 1867 2840 lanta
1880 2809 1963 2840 mul-

1265 2858 1410 2890 titudine
1427 2857 1585 2897 filiorum,
1609 2858 1727 2889 audaci
1752 2859 1832 2889 satis
1859 2864 1962 2889 meta-

1264 2909 1379 2948 phora,
1395 2908 1500 2948 qualis
1517 2913 1568 2939 cst
1584 2908 1685 2939 eti-<nn
1703 2918 1757 2949 ap.
1773 2908 1961 2948 Gregoram
