2174 3424
516 352 599 393 700

514 457 614 488 Samo
632 456 700 487 vita
716 456 897 488 excessisse
910 457 1113 498 Lycurgum,
1128 468 1206 490 auc-

515 511 570 537 tor
603 512 654 537 est
689 506 904 541 Heraclides.
966 508 1137 548 Λυκοῦργος
1172 509 1205 539 ἐν

515 555 606 595 Σάμῳ
644 555 840 596 ἐτελεύτησε,
884 556 933 587 καὶ
969 557 1027 595 τὴν
1072 558 1205 599 “Ομήρου

512 605 647 646 ποίησιν,
667 606 747 646 παρὰ
768 608 828 637 τῶν
855 606 1012 646 ἀπογόνων
1031 609 1087 639 τοῦ
1107 613 1204 650 Κρεω-

513 657 612 696 φύλου
646 657 762 697 λαβὼν,
806 659 922 697 πρῶτος
957 657 1121 696 διεκόμισεν
1162 658 1203 690 εἷς

513 705 754 744 Πελοπόννησον.
797 707 875 738 Scio
891 708 1026 748 quidem
1049 714 1203 739 auctores

511 757 690 787 dissentire
714 757 755 787 de
784 757 857 787 loco
886 757 1003 787 mortis
1030 761 1065 788 et
1093 759 1203 798 sepul-

511 811 596 838 turae
611 807 774 847 Lycurgi:
800 807 832 836 in
845 807 945 837 Samo
960 811 1068 837 tamen
1081 808 1201 839 obiisse

510 866 608 887 nemo
624 856 718 888 dixit.
742 857 832 889 Quin
848 861 883 887 et
900 866 994 897 seqq.
1009 858 1202 898 reclamant,

510 907 568 938 ubi
586 907 722 947 dicitnr,
738 907 842 937 libros
860 907 998 937 Homeri
1016 917 1034 938 a
1058 909 1200 948 posteri-

510 962 582 988 tate
612 957 794 997 Creophyli
826 956 929 998 (male
959 967 1012 997 ap.
1047 958 1138 990 Plut.
1165 959 1199 989 in

510 1008 655 1048 Lycurg.
672 1008 795 1047 legitur
812 1005 1010 1047 Κλεοφύλου)
1026 1012 1198 1048 acceptos,

508 1058 634 1098 primns
651 1058 683 1088 in
701 1058 970 1098 Peloponnesum
993 1058 1199 1098 deportasse.

509 1108 653 1140 Omnino
671 1108 783 1149 itaque
796 1107 897 1138 scrib.
921 1107 952 1137 ἐν
964 1106 1052 1146 Σάμῳ
1066 1107 1198 1148 ἐγένετο,

507 1163 544 1189 ut
560 1164 609 1190 est
627 1159 659 1190 in
676 1160 741 1190 Ms.
775 1159 865 1190 Sarni
882 1160 969 1189 enim
994 1160 1197 1200 aliquamdiu

506 1209 587 1248 egit.
604 1209 682 1240 Vid.
696 1210 785 1240 Plut.
806 1209 890 1240 Voss.
916 1209 1024 1239 Nicol.
1036 1209 1197 1240 Damasc.

505 1258 538 1288 in
566 1260 726 1299 Excerpt.
766 1259 976 1298 Porpliyrog.
1008 1268 1041 1298 p.
1057 1261 1129 1290 448.
1152 1259 1195 1290 de

505 1307 663 1347 Lycurgo
690 1309 759 1339 ait:
788 1308 934 1343 Καταβὰς
960 1307 992 1338 δὲ
1015 1307 1055 1339 εἰς
1082 1309 1196 1349 Κρῖσαν

504 1356 658 1398 (Κρίσσαν
680 1358 772 1388 Snid.
792 1367 822 1388 v.
843 1357 1003 1398 Λυκούργῳ
1017 1360 1060 1397 τῷ
1078 1358 1195 1400 νομοθ.)

504 1407 608 1438 ἑαυτὸν
623 1406 824 1448 διεργάζεται.
859 1409 952 1439 ΡΙιιῑ.
968 1410 1036 1440 vit.
1052 1411 1195 1450 Lycnrg.

502 1458 528 1488 f.
559 1461 744 1496 Τελευτῆσαι
760 1458 791 1489 δὲ
806 1458 859 1489 τὸν
873 1460 1044 1500 Λυκοῦργον
1058 1460 1085 1490 οἱ
1095 1459 1150 1498 μὲν
1164 1461 1196 1491 ἐν

502 1509 596 1550 Κίῤῥᾳ
623 1508 777 1548 λέγουσιν.
835 1509 1052 1548 Ἀπολλόθεμις
1090 1510 1123 1541 δὲ
1154 1509 1195 1541 εἷς

497 1558 587 1590 ’Ἦλιν
612 1558 800 1598 κομισθέντα.
834 1559 955 1598 Τίμαιος
971 1559 1002 1590 δὲ
1026 1559 1075 1590 καὶ
1095 1560 1194 1601 Ἀρισ-

499 1610 618 1648 τόξενος
654 1609 686 1640 ἐν
726 1608 827 1650 Κρήτῃ
863 1609 1110 1649 καταβιώσαντα,
1145 1610 1194 1641 καὶ

500 1660 598 1700 τάφον
606 1661 811 1702 Ἀριστόξενος
824 1662 916 1692 αὐτοῦ
927 1662 1095 1693 δείκνυσθαί
1102 1671 1195 1702 φησιν

500 1711 557 1741 ὑπὸ
572 1714 694 1752 Κρητῶν
709 1714 764 1750 τῆς
780 1712 953 1753 nemausas
967 1712 1033 1753 περὶ
1048 1713 1106 1750 τὴν
1121 1716 1194 1752 ξενι-

499 1762 555 1799 κὴν
570 1762 648 1794 ὁδόν.

538 1814 644 1854 Ibique
655 1817 845 1854 perpetuum,
860 1813 928 1853 esu]
952 1814 1006 1844 De
1019 1814 1092 1845 loco
1108 1824 1192 1845 mor-

498 1864 540 1894 tis
555 1874 592 1895 ac
606 1865 788 1905 sepulturae
813 1865 999 1895 dissensum
1015 1869 1191 1895 auctorum

498 1914 647 1944 ostendit
665 1914 756 1944 Pnn.
773 1915 927 1954 Lycurgo
944 1919 1014 1945 ext.
1040 1915 1135 1946 Rern.

539 1963 710 2003 Abjicique,
746 1963 814 2002 aya]
849 1964 1053 1994 Gnalterns:
1092 1965 1100 1980 ‘
1119 1964 1190 1994 Mo-

495 2013 655 2053 riensque
692 2013 811 2053 projici
842 2022 918 2043 ossa
946 2023 1005 2044 sna
1036 2013 1069 2044 in
1098 2023 1189 2045 mare

489 2061 619 2101 jussit.'

539 2112 625 2143 CAP.
643 2120 691 2142 iv.
716 2112 732 2151 ξ
752 2114 765 2141 l
795 2112 871 2142 Cum
888 2112 1048 2143 Messeniis
1062 2117 1188 2153 propter

493 2161 667 2201 stulu-atas]
691 2162 801 2193 Strab.
815 2162 871 2192 lib.
883 2171 930 2193 vr.
945 2167 979 2193 et
990 2172 1067 2194 vni.
1084 2164 1187 2195 Pans.

494 2210 551 2241 lib.
582 2220 636 2243 111.
661 2216 695 2242 et
720 2220 770 2242 ιν.
829 2212 931 2243 Oros.
959 2222 983 2243 1.
1006 2217 1059 2245 21.
1086 2214 1188 2245 habet

494 2261 659 2301 ‘propter
687 2266 818 2301 spretas
848 2262 1022 2301 virginesz'
1055 2264 1188 2296 vitiose.

493 2310 606 2341 Strab.
622 2311 709 2341 enim
734 2310 805 2351 ὑπὲρ
818 2313 930 2351 φθορᾶς
946 2314 1005 2343 τῶν
1022 2313 1187 2354 παρθένων.

494 2361 548 2392 De
565 2362 625 2392 hoc
640 2361 725 2392 bello
742 2363 832 2393 varie
853 2364 949 2393 Serv.
974 2364 1011 2395 l’.
1031 2365 1185 2395 Danielis

493 2412 525 2441 in
542 2411 734 2443 111.]Eneid.
750 2413 902 2451 Bongnrs.
927 2412 1016 2444 Add.
1030 2415 1185 2446 Lactant.

492 2470 515 2492 1.
532 2464 583 2492 20.
596 2461 649 2502 qui
667 2462 814 2492 nonnihil
832 2463 949 2494 variat.
973 2464 1071 2494 Rern.

535 2512 735 2551 Messeniam]
759 2513 861 2543 Error
876 2519 939 2545 est.
985 2515 1064 2555 Legi
1082 2515 1184 2547 debet

491 2562 674 2600 Messenam,
691 2562 744 2592 vel
772 2563 940 2594 Messenen.
985 2565 1072 2595 Nam
1097 2566 1184 2596 Mes-

489 2613 582 2644 senia
598 2618 648 2644 est
665 2622 744 2652 ager
757 2623 814 2644 seu
834 2615 1040 2646 territorium
1058 2617 1183 2648 Messe-

490 2662 631 2701 niorum,
663 2669 697 2692 at
725 2663 893 2703 Messena,
914 2674 939 2694 s.
965 2665 1133 2705 Messana,
1157 2676 1182 2698 s.

490 2713 590 2743 etiam
617 2713 784 2753 Messene,
811 2719 864 2745 est
883 2716 961 2745 urbs
986 2716 1059 2756 ipsa
1087 2717 1183 2747 terri-

489 2762 567 2792 torii
594 2762 762 2802 princeps,
787 2769 856 2803 aut,
877 2765 902 2795 si
927 2766 974 2795 ita
995 2767 1091 2805 velis,
1115 2776 1181 2797 me-

492 2812 641 2851 tropolis.
668 2813 706 2842 In
722 2814 803 2844 Mss.
817 2819 869 2845 est
885 2816 1070 2857 Messenwn,
1081 2817 1182 2857 qnod,

487 2870 675 2902 quanquam
692 2869 899 2903 corruptum,
916 2866 1039 2896 veteris
1067 2872 1180 2897 tamen

488 2911 663 2952 scripturae
700 2914 843 2954 vestigia
880 2916 1015 2948 retinet.
1070 2917 1180 2949 Faber.

966 365 1107 394 NOTAE
1140 365 1404 396 VARIORUM
1438 366 1488 396 1N

1254 458 1342 490 Ptin.
1356 467 1404 490 tv.
1420 459 1464 490 N.
1481 458 1526 489 H.
1541 461 1571 490 5.
1585 458 1594 476 ‘
1607 457 1658 489 Ibi
1674 458 1768 499 regio
1781 458 1954 490 Messenia

1254 507 1775 548 duodevigintimontium‚amnis
1786 508 1954 541 Pamisus.

1253 557 1350 587 Intus
1381 562 1494 588 autem
1520 557 1594 598 ipsa
1623 558 1804 589 Messene.’
1858 558 1952 589 Add.

1254 607 1379 637 Melam
1396 616 1436 637 11.
1453 610 1484 637 3.
1499 612 1535 638 et
1551 607 1669 647 Steph.
1687 608 1729 638 de
1742 608 1826 639 Urb.
1849 608 1952 645 Schef.

1296 656 1313 695 ἑ)
1328 658 1345 686 3
1370 656 1409 686 In
1424 656 1595 696 obsidione]
1619 657 1685 688 Ms.
1701 657 1734 688 in
1747 658 1930 688 obsidionem
1942 667 1954 688 .-

1253 714 1315 736 nec
1327 705 1496 746 displicet.
1541 706 1620 737 Vid.
1639 717 1713 748 quae
1727 708 1843 738 notavi
1858 716 1952 749 supr.

1252 763 1293 786 11.
1312 758 1360 786 13.
1390 756 1441 785 Id.

1295 805 1346 844 §4
1384 804 1552 835 Mulierum
1572 804 1770 842 fecunditate
1799 806 1950 848 suppleri]

1252 856 1328 886 Sen.
1345 856 1485 896 Hippoi.
1510 859 1584 888 469.
1607 859 1615 874 ‘
1635 858 1782 888 Excidat
1805 859 1949 898 agedum

1250 906 1349 937 rebus
1372 906 1521 936 humanis
1541 907 1671 947 Venus,
1697 908 1782 940 Quae
1811 908 1950 948 supplet

1250 966 1290 987 ac
1306 956 1456 987 restituit
1471 956 1650 987 humanum
1665 957 1794 996 genus?
1820 958 1920 990 Gron.

1291 1005 1360 1036 Sibi
1376 1009 1405 1036 et
1421 1006 1490 1036 belli
1506 1007 1616 1037 damna
1631 1007 1767 1048 assidua]
1783 1009 1848 1040 Ms.
1863 1018 1949 1040 unns

1249 1055 1347 1095 longe
1375 1056 1522 1095 optimus
1552 1056 1694 1087 insidua:
1727 1057 1816 1098 qnod
1839 1058 1903 1089 nisi
1929 1068 1950 1090 a

1248 1107 1337 1136 mala
1351 1115 1450 1136 mann
1467 1111 1531 1142 est,
1550 1106 1631 1147 quid
1648 1107 1712 1137 sibi
1728 1108 1822 1147 velit,
1845 1107 1950 1139 demi-

1247 1165 1304 1186 ror
1333 1156 1510 1197 equidem:
1549 1157 1695 1187 maxime
1722 1166 1797 1187 cum
1820 1157 1855 1187 in
1882 1167 1948 1189 nno

1247 1206 1349 1236 etiam
1373 1215 1431 1236 suo
1451 1205 1533 1237 Cod.
1551 1211 1616 1237 vet.
1644 1207 1812 1247 repererit
1837 1207 1949 1248 Bong.

1245 1266 1268 1287 s.
1286 1260 1316 1287 et
1331 1256 1358 1288 b.
1374 1258 1519 1288 z'ndamna
1530 1258 1665 1297 assidua,
1682 1259 1733 1297 ²3⁴⁶·
1777 1258 1886 1289 Porro
1902 1258 1946 1289 de

1246 1306 1437 1337 Partheniis
1453 1306 1517 1336 vid.
1535 1307 1628 1337 Serv.
1643 1307 1683 1337 ad
1699 1307 1779 1338 illud
1796 1318 1838 1339 ex
1852 1308 1948 1348 Virg.

1244 1356 1296 1387 ΗΞ.
1311 1365 1366 1387 111.
1390 1356 1398 1372 ‘
1415 1356 1504 1387 Hinc
1517 1357 1607 1386 sinus
1626 1357 1788 1388 Herculei
1804 1357 1849 1398 (si
1866 1367 1947 1389 vera

1245 1410 1298 1436 est
1311 1405 1416 1446 fama)
1428 1406 1570 1436 Tarenti
1586 1406 1770 1437 Cernitur!
1808 1407 1945 1438 Medius.

1246 1456 1328 1487 Mss.
1348 1456 1498 1496 plerique
1515 1456 1637 1487 habent
1653 1456 1747 1487 bellis.
1791 1457 1827 1488 F.
1842 1457 1947 1498 scrip-

1245 1506 1290 1536 sit
1317 1505 1443 1536 Noster
1468 1508 1498 1536 εἰ
1515 1515 1554 1536 ex
1571 1505 1656 1536 bellis
1681 1507 1792 1537 damna
1812 1507 1948 1547 assidua,

1245 1560 1279 1586 et
1294 1564 1354 1595 per
1370 1555 1445 1585 bellu
1462 1556 1640 1596 intellexit,
1655 1557 1796 1596 praelia:
1812 1562 1847 1588 nt
1863 1556 1948 1589 fecit

1244 1605 1326 1636 loeis
1344 1605 1426 1635 aliis.
1450 1605 1554 1643 Schef.

1287 1656 1337 1695 §7
1363 1654 1559 1694 Partheniae]
1584 1655 1640 1686 Ita
1651 1656 1744 1687 Vett.
1763 1659 1798 1687 et
1814 1655 1944 1696 Graeci,

1242 1715 1309 1736 non
1322 1705 1499 1743 Parthenii,
1517 1711 1554 1736 ut
1569 1706 1678 1746 vulgo.
1722 1705 1800 1737 vid.
1816 1710 1944 1746 praeter

1243 1760 1326 1787 cett.
1343 1756 1557 1786 Eustathium
1573 1755 1604 1785 in
1623 1756 1765 1795 Dionys.
1787 1756 1943 1795 Bongars.

1241 1805 1332 1836 Add.
1359 1806 1455 1835 Serv.
1481 1805 1513 1835 in
1537 1806 1654 1845 Virgil.
1676 1815 1730 1836 111.
1747 1805 1799 1837 ΖΕ.
1822 1806 1877 1836 ubi
1895 1811 1943 1838 ta-

1241 1864 1316 1885 men
1332 1855 1447 1894 inepte
1462 1856 1470 1871 ‘
1482 1854 1724 1885 Partlieniatas
1735 1854 1743 1867 '
1760 1855 1818 1886 lios
1830 1855 1940 1888 dictos

1241 1906 1299 1936 ait.
1323 1905 1359 1935 ‘O
1375 1903 1533 1943 παρθενίας
1551 1905 1648 1944 plane
1666 1905 1849 1944 respondet
1865 1915 1941 1937 nos-

1241 1958 1333 1998 tran,
1369 1948 1428 1988 rin
1449 1947 1784 1997 'ffunqtramsum
1816 1957 1851 1987 ‘H
1865 1969 1939 1998 παρ.

1239 2007 1335 2046 θένος,
1352 2008 1447 2046 virgo.
1491 2006 1649 2045 ‘spurios
1663 2005 1670 2018 '
1699 2006 1758 2037 lios
1789 2008 1939 2047 appellat

1238 2058 1370 2089 Auctor
1387 2066 1446 2088 xx.
1462 2059 1491 2087 l.
1511 2060 1559 2086 15.
1603 2056 1725 2095 Scalig.
1752 2056 1785 2086 in
1813 2057 1936 2088 Euseb.

1240 2119 1272 2149 p.
1288 2111 1340 2139 73.
1362 2107 1385 2138 f.
1410 2111 1437 2138 l.
1474 2107 1605 2137 Bernec.
1662 2107 1731 2138 Pro
1756 2107 1939 2140 Partltem’ae

1239 2160 1338 2199 vulgo
1364 2159 1489 2198 legitur
1519 2157 1714 2194 Pur-themu
1750 2168 1824 2199 quae
1856 2159 1935 2191 lect.

1232 2209 1312 2249 jure
1329 2207 1480 2238 damnari
1505 2216 1569 2236 non
1597 2212 1734 2246 potest;
1758 2217 1832 2238 nam
1853 2218 1938 2249 puer

1239 2269 1258 2289 e
1276 2259 1387 2299 puella
1403 2262 1511 2296 natus,
1533 2256 1589 2296 qui
1617 2261 1745 2296 patrem
1763 2259 1938 2298 appellare

1237 2318 1303 2340 non
1326 2308 1441 2348 possit.
1470 2307 1618 2337 Homero
1636 2307 1838 2338 Parthenios
1854 2308 1936 2340 dici-

1238 2365 1303 2399 tur,
1327 2359 1409 2389 alias
1433 2357 1657 2395 Parthenias3
1680 2367 1783 2397 qnare
1805 2362 1933 2388 utrum-

1236 2420 1301 2451 que
1331 2410 1473 2450 probum
1503 2412 1555 2438 est
1582 2407 1690 2448 (locus
1722 2407 1864 2439 Homeri
1890 2409 1934 2440 11.

1236 2469 1311 2491 xvi.
1340 2462 1391 2490 18.
1419 2457 1570 2497 legitur).
1625 2457 1690 2487 Sed
1721 2467 1810 2488 nunc
1840 2458 1933 2489 aliud

1234 2511 1355 2549 dicam,
1381 2509 1469 2550 qnod
1487 2508 1528 2538 ad
1545 2508 1635 2539 Just.
1659 2508 1781 2547 ipsum,
1810 2507 1934 2548 fateor,

1233 2570 1298 2591 non
1315 2560 1463 2601 pertinet
1487 2558 1636 2598 quidem,
1662 2557 1720 2588 sed
1744 2558 1786 2588 ad
1809 2559 1932 2599 virgil.

1232 2612 1298 2642 imo
1327 2611 1368 2641 ad
1393 2610 1547 2649 Interpp.
1573 2608 1717 2648 Virgilii,
1742 2612 1777 2639 et
1803 2609 1859 2649 qui
1875 2609 1932 2639 Vi-

1233 2666 1300 2692 tam
1318 2660 1421 2701 ipsius
1439 2659 1533 2689 nobis
1551 2658 1731 2698 reliquere.
1777 2659 1831 2689 Sic
1849 2659 1930 2690 scri-

1233 2712 1283 2743 bit
1306 2711 1494 2742 Sebastian.
1519 2710 1698 2747 Corradus,
1723 2708 1780 2739 ubi
1797 2709 1839 2740 de
1855 2709 1930 2740 Vir·

1233 2763 1302 2803 gilii
1337 2761 1470 2792 nomine
1503 2759 1592 2799 agit:
1641 2761 1650 2776 ‘
1673 2758 1741 2789 Nos
1776 2758 1927 2790 Antonio

1230 2812 1384 2852 Thylesio
1422 2808 1627 2850 praeceptori
1664 2812 1779 2839 nostro
1815 2809 1925 2848 potius

1231 2863 1452 2900 assentimur;
1477 2860 1532 2901 qui
1561 2859 1702 2900 putabat
1729 2868 1748 2888 a
1771 2858 1926 2898 virginali

1230 2913 1397 2946 modestia
1433 2916 1468 2942 et
1503 2909 1708 2941 verecundia
1746 2907 1923 2948 Virgilium
