2174 3424
559 314 644 356 786

560 419 657 460 gibus
673 428 716 450 ex
732 419 866 460 Europa
880 419 914 450 in
930 419 1043 450 Asiam
1066 420 1254 461 trajecisse,

559 470 726 511 quomodo
741 476 839 510 pater
850 470 922 510 ejus
938 470 1083 502 Gordius
1096 471 1130 501 in
1151 472 1253 512 Phry-

560 520 615 560 gia
641 519 790 551 Asiatica
816 530 957 561 regnare
982 521 1154 561 potuerit?
1184 522 1254 553 Aut

559 571 726 611 quomodo
755 572 908 612 Phryges
943 576 1021 602 ante
1055 572 1185 602 Midam
1219 573 1253 602 in

558 619 659 651 Asia?
682 621 760 651 Nou
776 626 888 652 tamen
904 622 968 652 hoc
986 631 1069 652 unus
1084 622 1252 662 Justinus,

558 670 618 701 sed
631 676 667 702 et
681 671 842 702 Arrianus
859 676 893 703 et
907 672 962 702 alii
980 672 1139 712 produnt.
1167 673 1252 703 Voss.

556 720 653 750 Voss.
670 720 804 760 legend.
821 726 937 752 censet
960 722 1142 753 Telmisinae.
1178 723 1252 753 Nec

557 770 663 800 multo
691 771 788 801 aliter
812 771 992 802 Blancard.
1018 772 1160 802 Telmissi
1182 772 1250 802 urb.

557 819 658 849 Hauc
681 821 770 851 enim
792 821 873 852 lect.
898 821 1031 852 firmare
1057 821 1252 861 Arriauum,

558 869 616 909 qui
630 869 901 901 Telmissensium
926 876 1038 902 vatum
1060 871 1114 902 hic
1137 871 1252 903 memi-

556 920 658 959 nerit,
682 924 718 952 et
739 922 874 962 puellae,
897 932 970 963 quae
988 932 1030 953 ex
1047 927 1159 952 vatum
1176 932 1251 962 pro-

559 971 670 1010 genie,
687 978 721 1003 et
744 973 863 1013 oppidi
886 974 918 1004 in
943 983 1008 1014 quo
1030 973 1108 1005 Jovi
1126 972 1252 1004 sacrifi-

555 1021 787 1061 carijusserit.
822 1023 936 1054 Verba
949 1023 1084 1054 Arriani
1099 1033 1140 1055 11.
1153 1028 1251 1054 suut:

556 1070 645 1101 Ἰέναι
667 1071 735 1112 [τὸν
753 1072 885 1113 Γόρδιον]
909 1073 1092 1104 κοινώσοντα
1109 1073 1182 1114 ὑπὲρ
1195 1075 1253 1104 τοῦ

556 1119 636 1151 θείου
649 1122 730 1161 παρὰ
743 1122 814 1153 τοὺς
828 1123 1017 1161 Τελμισσέας
1031 1123 1101 1155 τοὺς
1115 1123 1250 1162 μάντεις·

556 1169 630 1201 εἶναι
643 1171 704 1211 ’γὰρ
715 1171 786 1203 τοὺς
799 1172 990 1211 Τελμισσέας
1005 1173 1119 1213 σοφοὺς
1133 1174 1174 1205 τὰ
1189 1176 1253 1205 θεῖα

557 1221 737 1259 ἐξηγεῖσθαι.
784 1223 943 1254 Ceterum
972 1225 1154 1255 Telmissus
1185 1235 1251 1256 non

555 1271 666 1301 vicina
678 1271 820 1308 Gordio,
833 1279 871 1304 ut
882 1274 1066 1305 secundum
1082 1275 1252 1314 vulgarem

555 1320 635 1351 lect.
658 1321 778 1352 Nostri
807 1323 1022 1353 statuendum
1050 1328 1163 1362 esset3
1191 1324 1252 1354 sed

555 1369 591 1400 in
617 1371 778 1401 extremis
808 1373 921 1412 Lyciae
952 1373 995 1403 ad
1020 1383 1113 1404 mare
1140 1374 1253 1414 posita

555 1419 632 1459 fuit,
646 1425 684 1451 nt
699 1430 740 1451 ex
756 1422 945 1453 Ptolemaeo
959 1428 993 1453 et
1006 1423 1098 1454 Mela
1114 1423 1251 1454 demon-

557 1474 641 1501 strat
657 1471 879 1502 Blancardus.
908 1472 996 1503 I'ors.

597 1521 613 1560 ξ
639 1523 658 1549 8
684 1521 761 1551 Tam
774 1522 880 1561 pulcra
893 1522 1039 1561 conditio,
1049 1522 1119 1562 «ἒς-0.]
1143 1523 1152 1541 ‘
1165 1523 1253 1555 Con-

555 1569 656 1600 ditio’
678 1570 731 1601 hic
753 1576 934 1610 usurpatur
950 1582 1008 1611 pro
1026 1573 1252 1613 matrimonio,

555 1624 594 1650 ut
609 1620 721 1651 Plaut.
746 1621 862 1660 Stych.
880 1631 905 1651 1.
921 1624 952 1652 2.
970 1624 1021 1652 81.
1059 1624 1067 1639 ‘
1083 1623 1173 1654 Quin
1195 1621 1253 1654 vos

555 1670 678 1710 capitis
701 1671 928 1702 conditionem
952 1681 993 1702 ex
1015 1681 1169 1712 pessuma
1186 1674 1252 1714 pri-

554 1721 693 1751 mariam
703 1720 724 1750 ?’
750 1721 803 1751 Id.
815 1722 915 1752 Truc.
931 1731 979 1753 ιν.
992 1724 1022 1752 3.
1035 1725 1087 1753 75.
1109 1724 1118 1739 ‘
1130 1723 1251 1754 Dicam

554 1776 593 1801 ut
620 1771 718 1801 aliam
744 1771 973 1803 conditionem
1003 1772 1072 1804 filio
1101 1772 1253 1804 inveniat

555 1820 646 1852 suo:'
669 1827 703 1852 et
725 1823 874 1853 Trinum.
902 1832 927 1853 1.
955 1826 985 1854 2.
1012 1826 1085 1854 122.
1109 1823 1252 1855 ‘Habeo

554 1871 667 1902 dotem
691 1872 779 1903 unde
806 1872 894 1913 dem,
917 1873 965 1903 Ut
987 1882 1060 1903 eam
1077 1873 1110 1903 in
1127 1882 1161 1903 se
1179 1873 1251 1913 dig-

554 1930 631 1951 nam
657 1922 881 1952 conditionem
908 1922 1092 1953 collocem.’
1117 1922 1251 1952 Gronov.

554 1970 700 2010 Proprie
716 1971 874 2011 loquitur.
920 1971 1006 2002 Inde
1022 1971 1163 2001 formula
1180 1981 1253 2011 per·

553 2024 659 2060 petua
681 2020 894 2051 renuntiandi
918 2021 1143 2060 sponsalibus,
1167 2030 1252 2051 cou-

554 2078 707 2100 D1T10N13
721 2079 793 2100 TUA
818 2078 890 2100 NON
916 2079 1022 2100 υτοῐι.
1067 2071 1128 2100 Est
1148 2070 1252 2109 igitur

553 2122 562 2138 ‘
578 2121 745 2152 conditio'
769 2121 815 2152 nil
831 2120 921 2152 aliud
937 2131 1035 2162 quam
1058 2122 1252 2162 nuptiarum

554 2170 681 2211 pactio.
706 2170 820 2201 Faber.

598 2221 614 2260 ς
639 2222 678 2250 10
696 2220 814 2258 Regem
824 2220 989 2250 discordiis
999 2230 1074 2261 opus
1086 2220 1162 2260 csse]
1180 2221 1251 2252 Cic.

552 2269 595 2300 ad
609 2268 684 2300 Att.
700 2279 762 2300 xv.
775 2274 828 2301 20.
851 2271 859 2286 ‘
874 2270 981 2300 Video
993 2270 1073 2300 mihi
1085 2280 1167 2310 opus
1180 2280 1251 2301 esse

554 2320 737 2351 viaticuni.'
760 2321 838 2352 Vid.
856 2322 944 2352 Nou.
962 2321 1028 2353 Hic
1046 2323 1147 2361 vulgo
1163 2332 1249 2361 rege.

554 2370 720 2410 Bongars.

554 2422 714 2461 phraseos
746 2422 948 2461 ignorantia.
992 2422 1107 2453 Plaut.
1145 2422 1249 2453 Truc.

553 2472 563 2488 ‘
578 2472 668 2504 Quid
690 2472 744 2502 isti
768 2472 978 2512 suppositum
1002 2481 1142 2511 puerum
1166 2482 1250 2513 opus

555 2522 706 2562 pessimae
719 2522 740 2553 ?’
763 2523 900 2554 Lueret.
914 2532 949 2553 v.
962 2525 1038 2554 235.
1070 2523 1079 2539 ‘
1093 2522 1168 2554 Nec
1182 2532 1252 2554 cre·

552 2571 703 2611 pitacula
719 2572 765 2602 eis
782 2582 865 2612 opus
882 2571 959 2603 est!
983 2572 1060 2603 Vid.
1080 2572 1171 2604 Nou.
1197 2572 1251 2604 Ad

552 2630 623 2651 rem
638 2620 725 2652 facit
739 2622 821 2652 illud
835 2623 919 2653 Tac.
933 2621 976 2654 A.
990 2631 1015 2653 1.
1027 2625 1059 2653 9.
1072 2625 1124 2653 11.
1148 2623 1157 2640 ‘
1173 2623 1250 2654 Non

551 2670 641 2701 aliud
662 2670 887 2702 discordantis
912 2673 1032 2712 patriae
1057 2672 1252 2713 remedium,

553 2730 649 2761 quam
667 2726 703 2752 ut
720 2721 762 2752 ab
779 2731 844 2752 uno
861 2722 1019 2762 regatur.'
1056 2724 1099 2754 Et
1117 2723 1209 2754 Hist.
1226 2733 1251 2755 1.

554 2772 583 2799 l.
599 2773 630 2801 2.
655 2772 664 2787 ‘
679 2770 732 2801 Ad
752 2781 852 2802 unum
869 2773 980 2803 omnia
1005 2773 1136 2809 referri,
1160 2773 1251 2813 pacis

552 2819 715 2851 interest)
732 2821 863 2853 Bernec.
887 2822 1251 2864 Antiquioresquidazn

554 2869 642 2908 typis
673 2871 838 2910 expressi,
865 2876 899 2902 et
929 2872 1051 2913 aliquis
1076 2872 1158 2904 item
1182 2873 1249 2903 ΜΒ.

765 2372 874 2411 Vulgo
894 2381 978 2410 rege,
1005 2381 1070 2401 non
1095 2372 1249 2411 protritae

1015 327 1040 357 N
1050 328 1152 358 OTAE
1186 329 1246 358 VA
1256 328 1407 360 RlORU
1416 330 1445 359 M
1481 331 1532 361 ΙΝ

1300 432 1384 461 rege.
1433 423 1502 454 Sed
1539 424 1645 464 Bong.
1680 433 1722 455 ex
1756 423 1855 455 codd.
1890 424 1994 456 credo

1303 471 1389 503 Mss.
1406 473 1513 504 edidit
1525 484 1639 512 regem.
1665 474 1830 504 Bernecc.
1847 483 1945 514 porro
1959 478 1995 506 et

1302 522 1453 552 Freinsh.
1471 523 1596 564 aliquid
1614 523 1773 563 phraseos
1790 533 1856 554 non
1872 523 1994 563 protri-

1303 578 1347 604 tae
1363 574 1416 605 hic
1432 584 1506 605 esse
1523 575 1683 614 credunt;
1702 575 1790 616 quod
1804 575 1906 606 videl.
1921 583 1996 614 opus

1302 633 1368 654 nou
1389 625 1489 655 modo
1513 625 1675 664 dativum,
1699 625 1760 656 sed
1776 630 1811 656 et
1828 624 1995 656 accusati-

1303 685 1392 713 vum,
1421 675 1598 706 adsciscat.
1652 675 1739 706 Mihi
1765 685 1845 706 vero
1872 684 1914 705 ex
1943 674 1994 705 his

1302 725 1435 765 quidem
1458 725 1584 757 Justini
1607 726 1640 756 id
1665 726 1798 766 probari
1814 734 1912 766 posse
1927 734 1993 755 nou

1302 773 1448 812 videtur,
1463 774 1522 804 sed
1537 784 1637 813 reg-em
1657 784 1730 805 esse
1753 775 1996 813 accusativum,

1302 823 1358 863 qui
1370 823 1508 853 verbum
1522 833 1586 854 esse
1598 824 1790 854 antecedat.
1816 823 1994 856 Quomodo

1302 872 1448 903 dicitur:
1476 873 1576 903 ‘Dux
1603 877 1638 903 et
1667 878 1783 904 auctor
1810 883 1893 913 opus
1920 873 1994 913 est,’

1302 920 1350 951 ita
1376 921 1475 961 plane
1502 927 1538 952 et
1565 922 1638 952 Rex
1662 932 1736 962 opus
1760 925 1816 953 est.
1859 922 1994 953 Deinde

1302 972 1381 1012 quia
1403 981 1457 1012 ap.
1483 972 1571 1003 Just.
1599 973 1762 1012 praecedit
1790 972 1996 1013 ‘responde-

1302 1020 1403 1060 runt,’
1421 1031 1486 1052 non
1502 1022 1621 1052 mirum
1637 1021 1726 1062 quod
1750 1022 1825 1052 loco
1847 1022 1996 1053 nomina-

1302 1070 1362 1101 tivi
1385 1071 1521 1110 ponitur
1545 1072 1769 1111 accusativus,
1794 1072 1997 1113 diciturque,

1300 1123 1519 1160 responderunt
1532 1132 1634 1161 regem
1645 1132 1707 1153 esse
1720 1132 1803 1162 opus.
1829 1122 1996 1154 Nimirum

1302 1177 1379 1212 post
1396 1172 1532 1203 verbum
1549 1173 1696 1213 dicendi,
1713 1174 1879 1215 quomodo
1900 1174 1998 1214 alias,

1300 1221 1350 1251 ita
1365 1231 1454 1252 nunc
1469 1232 1611 1263 quoque,
1629 1225 1765 1263 ponitur
1780 1224 1996 1255 accusativus

1302 1280 1378 1301 cum
1391 1270 1568 1302 infinitivo.
1600 1271 1654 1303 Ad
1667 1273 1829 1303 discordiis
1840 1273 1996 1314 subaudi,

1302 1321 1469 1359 tollendis,
1483 1322 1537 1352 vel
1553 1322 1658 1353 simile
1675 1323 1858 1363 quippiam.
1894 1324 1997 1355 Vorst.

1301 1371 1393 1403 Quid
1416 1372 1488 1402 vult
1512 1372 1593 1402 illud
1618 1371 1803 1404 discordiis?
1827 1383 1881 1411 an,
1907 1373 1996 1414 quod

1302 1420 1480 1452 discordiae
1503 1423 1725 1462 postularent,
1748 1429 1908 1465 tanquam
1932 1425 1997 1456 sibi

1302 1472 1549 1502 necessarium?
1569 1473 1669 1503 Hunc
1683 1483 1763 1505 sane
1773 1484 1904 1505 sensum
1915 1475 1997 1506 alias

1301 1520 1404 1551 habet
1426 1521 1500 1552 haec
1526 1522 1665 1561 locutio,
1698 1528 1736 1554 ut
1760 1533 1834 1554 cum
1861 1524 1997 1565 dicitur,

1303 1572 1400 1612 Opus
1413 1572 1492 1602 1111111
1504 1574 1659 1613 pecunia,
1672 1573 1769 1613 Opus
1783 1573 1844 1605 tibi
1854 1579 1906 1605 est
1920 1584 1999 1605 con-

1302 1622 1388 1653 silio.
1433 1621 1482 1652 At
1499 1632 1578 1653 vero
1595 1623 1666 1654 haec
1681 1623 1806 1655 Justini
1822 1633 1916 1655 mens
1930 1633 1997 1655 non

1303 1676 1415 1711 potest
1431 1682 1516 1704 esse.
1562 1673 1683 1714 Itaque
1707 1674 1757 1704 vir
1783 1674 1873 1706 doct.
1897 1680 1998 1715 putat

1301 1723 1385 1753 illud
1401 1724 1563 1754 discordiis
1577 1724 1771 1764 explicand.
1791 1725 1850 1764 ita,
1866 1730 1902 1756 ut
1919 1725 1998 1757 sub-

1302 1773 1473 1812 audiatur,
1499 1773 1668 1812 tollendis,
1693 1774 1746 1804 vel
1771 1774 1849 1815 quid
1876 1775 1996 1807 simile.

1303 1822 1370 1852 Sed
1396 1822 1429 1852 iu
1453 1823 1511 1853 tali
1536 1821 1681 1853 formula
1703 1823 1892 1864 hujusmodi
1915 1825 1997 1866 quid

1303 1871 1426 1911 omitti,
1453 1871 1542 1912 quod
1568 1872 1739 1903 subaudiri
1767 1874 1901 1913 debeat,
1929 1885 1996 1906 non

1303 1926 1384 1961 puto
1407 1930 1505 1962 posse
1528 1922 1594 1952 ullo
1617 1923 1681 1953 3110
1704 1924 1859 1963 exemplo
1875 1924 1998 1955 confir-

1302 1971 1395 2001 mari.
1442 1972 1556 2004 Quare
1571 1977 1684 2003 certus
1699 1982 1770 2003 sum
1785 1973 1867 2004 illud
1883 1975 1998 2005 discor-

1302 2021 1363 2051 diis
1383 2030 1447 2051 non
1470 2021 1596 2053 Justini
1623 2031 1710 2062 esse,
1733 2032 1846 2053 verum
1870 2024 1996 2063 glossa-

1303 2071 1395 2102 toris.
1427 2071 1544 2111 Schtff'.
1592 2072 1710 2111 Regem
1732 2073 1896 2104 discordiis
1921 2084 1996 2115 opus

1301 2133 1366 2155 esse
1388 2124 1470 2154 1111111
1493 2124 1583 2155 aliud
1608 2130 1659 2155 est
1682 2135 1792 2166 quam,
1812 2126 1998 2158 discordias

1302 2174 1477 2213 requirere
1495 2183 1620 2213 regem,
1641 2175 1731 2215 quod
1755 2175 1842 2205 idem
1867 2180 1921 2206 est
1944 2185 1997 2216 ac,

1303 2223 1487 2254 discordias
1501 2224 1604 2264 sopiri
1618 2234 1683 2254 non
1699 2234 1796 2264 posse
1809 2225 1880 2256 sine
1894 2235 1974 2266 rege
1987 2237 1997 2266 ;

1301 2272 1400 2303 sicuti
1426 2273 1578 2312 dicimus,
1608 2274 1818 2313 Reipublicae
1853 2275 1997 2306 dictato-

1301 2331 1372 2352 rem
1388 2332 1472 2362 opus
1489 2332 1571 2360 esse,
1588 2333 1614 2354 s.
1637 2322 1831 2355 desiderare
1852 2324 1996 2356 dictato-

1301 2381 1382 2403 rern.
1409 2373 1514 2403 Groev.

1343 2423 1361 2463 ξ
1387 2425 1423 2453 11
1448 2423 1499 2453 De
1521 2432 1649 2463 persona
1674 2424 1773 2464 regis]
1797 2424 1865 2455 Ms.
1890 2424 1997 2457 habet

1299 2482 1389 2512 rege:
1409 2473 1495 2503 unde
1506 2474 1626 2513 colligo
1639 2483 1754 2504 vocem
1767 2475 1852 2513 regis
1862 2484 1996 2516 quoque

1300 2522 1476 2562 irrepsisse
1492 2532 1533 2553 ex
1551 2523 1672 2563 glossa.
1689 2524 1780 2555 Just.
1795 2524 1995 2565 scripserat:

1301 2573 1422 2603 Iterato
1445 2573 1650 2612 quaerentibus
1677 2575 1715 2604 de
1738 2583 1878 2613 persona.
1909 2574 1996 2607 Post

1300 2622 1377 2652 voci
1392 2622 1400 2637 ‘
1413 2624 1569 2662 persona'
1586 2622 1718 2662 adjecta
1731 2627 1785 2653 est
1797 2624 1907 2663 glossa
1921 2633 1996 2663 rege

1300 2671 1333 2702 in
1358 2672 1484 2712 capite,
1506 2673 1600 2713 quasi
1626 2673 1742 2713 vellet,
1764 2673 1997 2714 quaerentibus

1301 2721 1343 2752 de
1359 2731 1450 2762 rege.
1495 2723 1580 2753 Tum
1604 2732 1679 2753 cuin
1704 2723 1788 2754 alius
1812 2724 1997 2764 recepisset

1299 2771 1362 2802 hoc
1379 2771 1411 2801 in
1429 2775 1572 2810 textum,
1588 2772 1843 2814 scripsissetque
1859 2783 1994 2813 quaeren-

1300 2821 1381 2851 tibus
1410 2822 1446 2851 dc
1474 2831 1604 2861 persona
1632 2833 1715 2862 rege,
1745 2824 1829 2855 alius
1860 2823 1995 2865 putavit

1301 2873 1502 2905 emendanti.
1519 2874 1551 2904 in
1567 2876 1603 2905 de
1616 2883 1743 2914 persona
1757 2875 1851 2913 τεεί-ς.
1897 2874 1995 2906 Glos-
