2101 3419
865 297 914 328 {N
938 296 1209 329 JUSTiNUM.

302 392 368 429 xlii,
384 396 416 429 2,
433 395 473 425 10
498 393 592 434 pelles
608 392 723 430 ferinae,
740 394 866 425 murinae
890 394 922 430 ii,
935 397 967 431 2,
979 398 1000 426 9

346 437 514 477 Pelopidas
528 436 692 466 Thebanus
714 437 755 472 vi,
771 440 803 473 6,
820 440 839 468 7

345 479 598 519 Peloponnenses
642 479 755 509 bellum
791 484 900 520 gerunt
929 490 998 510 cum

301 522 543 552 Atheniensibus
559 531 612 561 pro
628 521 784 561 Spartanis
808 522 851 557 iii,
864 525 896 557 6,
909 526 926 552 5
943 532 998 562 pro

300 564 412 595 Siculis
435 563 476 598 iv,
492 566 523 599 4,
541 566 579 594 12
607 574 662 603 per
677 563 880 604 proditionem
907 563 999 593 Anti-

301 617 382 647 gono
399 605 542 645 (ultimo)
559 606 718 636 traduntur
733 607 812 642 xxvi,
825 610 854 641 1,
870 609 890 637 2
906 606 998 636 Pelo-

298 648 440 689 ponnesii
462 648 502 683 iv,
517 652 549 684 4,
566 651 605 679 12

342 691 504 720 Penatium
561 695 746 730 conspectus
789 690 999 720 subministrat

299 733 417 763 animos
439 733 480 767 vi,
502 735 534 768 7,
558 736 576 763 5
602 739 728 773 penates
755 732 872 773 publici
901 733 999 774 priva-

301 776 386 816 tique
408 775 473 809 viii,
490 777 522 810 3,
536 777 557 806 4

345 818 486 848 Pendere
502 818 532 846 in
549 827 639 847 cruce
662 815 702 852 ix,
715 819 746 851 7,
764 820 804 848 10

342 860 483 890 Pendere
500 869 604 899 poenas
627 859 775 898 sanguine
797 864 830 889 et
858 859 995 890 caedibus

298 902 359 932 suis
374 902 450 943 (hoc
466 907 522 936 est,
538 902 621 936 dare,
638 901 738 939 luere)
761 902 824 938 viii,
841 904 872 937 2,
887 904 919 932 4.
945 913 995 938 xv,

297 947 329 979 3,
345 948 376 976 6.
413 944 505 980 xxxii,
522 947 552 979 1,
566 946 618 975 14.
640 943 740 979 xxxvi,
752 947 784 980 4,
801 948 820 975 2
843 943 996 984 supplicia

295 985 412 1027 (idem)
428 986 470 1021 xi,
486 990 518 1021 4,
535 990 555 1017 2
577 986 689 1016 tributa
704 986 780 1024 (hoc
792 991 849 1022 est,
861 985 996 1027 solvere)

296 1029 329 1065 ii,
346 1032 378 1063 3,
395 1032 444 1060 18.
468 1039 497 1064 v,
513 1031 545 1064 2,
558 1031 578 1059 9
601 1027 740 1058 Freinsh.

340 1072 441 1101 Penes
457 1070 590 1111 aliquem
605 1075 651 1100 est
670 1070 831 1111 imperium
853 1070 875 1106 i,
901 1073 932 1106 1,
965 1073 993 1101 l.

295 1114 356 1149 xxi,
373 1116 403 1149 1,
418 1116 437 1144 2
462 1113 588 1143 victoria
610 1112 663 1148 xli,
679 1115 712 1148 6,
725 1116 746 1144 6

338 1155 542 1186 Penetrabilis
572 1160 650 1185 terra
672 1155 759 1194 (quae
783 1154 873 1185 facile
903 1165 995 1194 pene-

294 1199 363 1228 trari
380 1197 499 1239 potest)
522 1197 564 1233 iv,
581 1200 611 1233 l,
626 1200 646 1228 2
670 1196 818 1235 (Diversa
840 1197 994 1237 significa-

296 1241 380 1271 tione
395 1240 545 1280 reperitur
566 1240 650 1279 apud
676 1239 838 1279 Virgilium
863 1240 939 1270 AEn.
963 1251 992 1275 x,

292 1286 368 1314 780.
391 1293 446 1322 pro
461 1293 498 1312 eo
521 1282 605 1323 quod
628 1286 789 1322 penetrat:
816 1282 895 1312 sicut
910 1282 993 1321 apud

291 1326 447 1355 Ammian.
463 1325 522 1360 xiv,
533 1327 575 1356 26
587 1329 595 1342 ‘
609 1324 877 1365 impenetrabilis’)
890 1323 993 1355 Frein-

290 1369 387 1398 shem.

334 1410 518 1440 Penetrare:
542 1413 685 1449 penetrat
709 1408 748 1438 ad
772 1419 893 1438 omnem
916 1413 988 1438 aeta-

291 1456 353 1482 tem
370 1452 461 1492 hujus
477 1451 548 1481 mali
563 1462 669 1481 sensus
691 1462 720 1488 v,
736 1454 768 1486 7,
785 1455 802 1482 5
827 1456 991 1490 penetrant

291 1505 412 1525 omnem
437 1493 620 1534 Hispaniam
654 1493 725 1529 xliv,
753 1497 783 1530 1,
814 1497 853 1524 10
887 1494 988 1534 portio

290 1536 450 1567 Gallorum
465 1535 607 1577 Illyricos
623 1536 706 1566 sinus
722 1546 776 1576 per
787 1540 900 1576 strages
921 1536 988 1566 bar-

291 1580 429 1609 barorum
446 1578 617 1619 penetravit
640 1580 719 1613 xxiV,
736 1582 768 1614 4,
786 1581 804 1608 3

332 1622 461 1652 Penitus
483 1622 524 1656 iv,
540 1624 570 1656 3,
588 1624 618 1651 5.
641 1621 733 1656 xxxii,
744 1624 775 1656 3,
794 1623 834 1651 14

332 1665 435 1694 Pensa
450 1664 529 1694 inter
544 1663 674 1703 virgines
690 1663 793 1703 partiri
814 1662 836 1698 i,
852 1666 884 1698 3,
900 1665 920 1694 2

332 1706 487 1738 Pensarei
478 1706 615 1754 imperia
620 1710 705 1745 parta
719 1716 789 1736 cum
804 1705 921 1735 amissis
937 1705 987 1746 (id

288 1754 347 1785 est,
364 1755 482 1779 tantum
498 1748 617 1787 imperii
632 1758 730 1778 rursus
746 1749 892 1788 adeptum
908 1758 988 1782 esse,

287 1797 438 1832 quantum
466 1790 617 1828 amiseris)
667 1801 696 1826 v,
727 1793 758 1825 2,
788 1793 807 1821 3
860 1800 987 1830 pensare

287 1835 399 1864 damna
423 1834 540 1863 amissae
566 1831 677 1862 Siciliae
701 1832 851 1872 acquisito
877 1833 986 1863 Mace-

287 1876 390 1906 doniae
406 1886 499 1916 regno
522 1886 590 1910 xxv,
608 1877 638 1910 3,
654 1878 675 1905 6
701 1875 804 1905 Vorst.

331 1918 527 1949 Penthesilea
541 1917 734 1947 Amazonum
758 1916 863 1957 regina
897 1917 930 1953 ii,
953 1919 986 1950 4,

329 2002 464 2032 Penuria
477 2001 628 2032 seniorum
653 1999 735 2036 xxix,
754 2004 814 2036 1,7

330 2045 388 2074 Per
415 2044 637 2074 dissensionem
661 2044 703 2079 iv,
719 2047 749 2079 3,
770 2048 784 2075 l
821 2042 985 2073 divortium

285 2088 449 2118 abscedere
472 2086 505 2122 ii,
522 2089 553 2121 6,
571 2089 611 2117 14
635 2096 689 2125 per
703 2086 809 2116 dolum
847 2084 881 2122 ii,
907 2088 939 2121 8,
966 2088 986 2116 6

286 2129 510 2170 indulgentiam
534 2140 565 2164 x,
579 2132 609 2164 1,
626 2132 645 2159 2
683 2128 826 2168 injuriam
850 2128 891 2163 ix,
907 2130 938 2162 4,
955 2131 986 2158 8.

285 2173 326 2207 ix,
341 2175 373 2207 6,
391 2176 408 2203 5
434 2170 559 2201 insidias
584 2171 617 2205 ii,
634 2174 664 2206 4,
682 2173 712 2201 3.
737 2171 782 2206 iii,
796 2175 827 2205 5,
846 2174 861 2201 1
898 2170 987 2200 lasci-

284 2215 364 2244 viam
388 2214 410 2249 i,
427 2217 458 2247 5,
474 2216 494 2244 2
526 2213 764 2243 misericordiam
797 2212 862 2247 viii,
888 2216 919 2247 3,
946 2215 986 2243 10

286 2261 408 2286 noctem
445 2256 466 2291 i,
483 2258 514 2290 8,
531 2258 561 2285 8.
599 2255 640 2289 xi,
658 2258 710 2289 15,
727 2258 745 2285 3
779 2254 880 2295 plures
907 2254 986 2284 viros

285 2298 523 2338 conceptionem
539 2297 669 2336 experiri
691 2296 736 2331 iii,
753 2299 784 2330 4,
800 2300 821 2328 6
850 2296 987 2336 quietern

284 2341 307 2377 i,
323 2344 355 2376 9,
371 2343 402 2371 4.
426 2340 477 2373 xil,
495 2342 547 2374 10,
567 2342 599 2370 3.
640 2339 715 2374 xliii,
731 2343 762 2374 5,
779 2343 797 2368 5
836 2343 988 2368 tormenta

285 2383 356 2424 cogi
380 2382 412 2418 ii,
429 2385 460 2417 9,
477 2384 496 2412 3
520 2381 619 2411 varios
643 2391 730 2410 casus
750 2380 861 2420 jactari
884 2381 928 2415 iii,
954 2384 987 2416 4,

284 2429 323 2457 11
361 2435 415 2465 per
429 2424 525 2454 otium
550 2424 599 2464 (in
624 2424 717 2461 otio),
743 2423 834 2453 Praef.
857 2425 877 2453 4
914 2422 986 2453 Sic:

283 2478 339 2508 per
353 2467 498 2508 quietem,
516 2476 569 2505 per
583 2476 722 2495 somnum
739 2465 842 2494 videre
855 2465 939 2504 (pro,
955 2465 988 2495 in

283 2510 401 2550 quiete,
425 2509 459 2538 in
485 2508 612 2546 somno)
636 2508 658 2543 i,
674 2510 705 2542 4,
731 2510 750 2538 2
783 2517 838 2546 per
863 2512 988 2537 noctem

281 2554 356 2593 (pro
372 2550 485 2590 noctu)
510 2549 531 2584 i,
546 2553 578 2586 8,
591 2553 610 2581 8
634 2560 688 2590 per
703 2549 807 2580 omnia
822 2555 988 2579 contumax

282 2595 332 2636 (id
349 2599 406 2628 est,
421 2594 453 2623 in
469 2593 628 2631 omnibus)
652 2593 713 2627 xix,
732 2595 760 2626 l,
791 2594 829 2622 13
868 2602 923 2632 per
949 2591 989 2621 si-

283 2637 484 2667 mulationem
510 2635 635 2675 pietatis
667 2633 791 2670 mxxiii,
816 2636 848 2670 1,
878 2637 896 2664 3
934 2644 989 2674 per

283 2679 388 2709 omnia
417 2677 494 2708 nihil
517 2677 581 2712 xlii,
597 2681 629 2713 5,
644 2679 665 2707 9
702 2686 755 2717 per
784 2686 821 2706 ea
848 2681 990 2716 tempora

283 2721 359 2762 (pro
388 2720 426 2750 iis
455 2718 663 2759 temporibus)
686 2719 762 2754 xliii,
778 2721 809 2754 3,
826 2721 845 2749 3
884 2718 989 2748 Vorst.

285 2774 340 2803 per
354 2772 460 2792 omnes
476 2772 564 2792 casus
587 2767 723 2792 servatus
745 2761 817 2796 xliv,
834 2763 866 2796 4,
882 2764 901 2792 2
933 2771 988 2801 per

282 2805 441 2836 biennium
463 2815 494 2841 v,
511 2806 541 2841 1,
560 2807 575 2835 l
594 2814 647 2844 per
673 2802 836 2834 triennium
850 2803 910 2839 xxi,
928 2807 956 2840 1,
971 2808 989 2834 5

1641 288 1747 328 xcix

1095 393 1245 434 Peragere
1262 393 1352 435 plene
1369 393 1514 425 ultionem
1530 396 1623 435 patris
1638 397 1679 432 xi,
1693 399 1747 433 11,

1051 439 1082 466 9.
1105 437 1198 472 xxxii,
1213 439 1245 472 3,
1261 440 1279 468 3
1303 438 1418 467 caedem
1444 438 1575 479 alicujus
1613 439 1684 475 xxii,
1713 442 1746 476 2,

1054 481 1093 510 12
1113 479 1283 527 peregisset
1308 480 1437 515 facinus,
1462 481 1518 510 nisi
1541 481 1631 511 amici
1653 481 1746 511 inter-

1051 521 1207 551 venissent
1228 521 1280 557 xii,
1296 525 1327 558 6,
1344 525 1363 553 8
1397 529 1583 563 peraguntur
1609 523 1747 564 reliquiae

1051 563 1124 593 belli
1146 563 1218 599 xxii,
1235 567 1265 599 8,
1279 567 1299 594 6

1093 605 1256 645 Peragrare
1271 606 1372 635 littora
1386 605 1438 641 xii,
1455 608 1507 643 10,
1520 610 1536 638 1
1561 607 1657 638 saltus
1672 606 1746 645 xliv,

1049 650 1083 684 4,
1097 650 1117 678 8
1140 653 1299 688 peragrata
1312 648 1404 678 India
1418 648 1470 684 xii,
1485 652 1517 686 7,
1534 653 1575 681 12

1092 689 1300 729 Perangustus
1323 691 1375 725 vii,
1395 693 1424 726 l,
1439 694 1459 722 2

1092 731 1238 761 Percarus
1266 732 1319 767 xii,
1337 735 1388 768 12,
1407 735 1444 763 11

1092 773 1255 814 Percipere
1269 774 1424 804 civitatem
1439 774 1516 816 (hoc
1531 779 1588 811 est,
1601 774 1653 815 jus
1669 775 1745 807 civi-

1048 816 1119 845 tatis
1142 816 1298 856 accipere)
1321 817 1396 853 xliii,
1411 821 1443 852 5,
1461 819 1497 847 11
1523 817 1659 848 Freinsh.
1683 829 1749 848 ma-

1048 858 1131 898 gicas
1142 863 1220 889 artes
1230 859 1387 900 percipere
1400 858 1633 900 solertiingenio
1647 860 1749 896 xxxvi,

1046 903 1079 935 2,
1095 904 1115 932 7
1152 907 1298 941 percepta
1321 901 1387 941 jam
1422 906 1508 942 parte
1532 913 1568 931 ex
1591 902 1747 942 promissis

1047 942 1098 983 (id
1113 948 1169 979 est,
1186 943 1331 984 accepta)
1355 943 1417 979 xiii,
1432 947 1463 979 7,
1478 947 1498 975 6
1522 944 1625 975 Vorst.
1657 946 1744 985 quod

1046 986 1204 1016 honestius
1232 996 1251 1016 a
1286 991 1414 1027 paterno
1451 987 1539 1017 hoste
1574 988 1747 1028 perceperit

1047 1028 1122 1063 xvii,
1139 1031 1170 1064 2,
1187 1031 1208 1059 9

1089 1069 1266 1101 Percontari
1294 1070 1428 1112 aliquem
1450 1070 1492 1107 xi,
1508 1074 1540 1108 7,
1556 1074 1588 1103 6.
1619 1070 1673 1107 xii,
1692 1074 1745 1108 15,

1047 1115 1080 1143 5.
1101 1113 1163 1148 xix,
1176 1116 1207 1148 2,
1225 1116 1265 1144 10

1089 1155 1259 1185 Percellere
1283 1154 1416 1195 aliquem
1449 1154 1482 1191 ii,
1500 1158 1532 1191 5,
1549 1159 1567 1186 5
1606 1156 1746 1196 perculsa

1045 1197 1185 1227 muliebri
1201 1197 1395 1228 :emulatione
1417 1197 1478 1234 xiv,
1495 1201 1526 1234 5,
1543 1200 1563 1229 2
1586 1198 1745 1238 perculsus

1045 1245 1130 1270 metu
1151 1241 1234 1275 xxxi,
1250 1243 1282 1275 2,
1299 1243 1316 1270 1

1088 1282 1252 1312 Percussor
1281 1283 1357 1322 (hoc
1387 1286 1444 1316 est,
1474 1281 1670 1324 interfector)
1698 1281 1742 1320 ix,

1045 1326 1076 1360 7,
1093 1327 1122 1355 9.
1146 1324 1207 1360 xiv,
1221 1328 1252 1360 6,
1268 1327 1299 1355 9.
1322 1324 1402 1359 xxiv,
1419 1327 1450 1359 3,
1466 1327 1486 1355 8
1509 1324 1647 1355 Freinsh.

1086 1367 1249 1397 Percutere
1264 1366 1338 1407 (hoc
1354 1372 1411 1402 est,
1440 1366 1627 1406 interficere)
1649 1366 1692 1402 iit,
1708 1369 1743 1402 7,

1044 1411 1083 1440 13
1098 1409 1199 1449 (quod
1214 1409 1306 1440 etiam
1319 1409 1349 1438 in
1363 1414 1466 1438 nostra
1479 1409 1584 1448 lingua
1598 1409 1746 1446 obtinuit,

1043 1457 1076 1481 ut
1087 1455 1107 1482 2
1129 1452 1264 1482 Samuel.
1281 1454 1311 1482 1.
1333 1451 1437 1481 David
1450 1451 1562 1491 inquit,
1578 1451 1746 1491 interprete

1040 1492 1185 1529 Lnthero,
1211 1494 1276 1531 hin,
1310 1495 1373 1524 und
1400 1494 1525 1532 schlage
1552 1493 1616 1525 ilm.
1660 1494 1747 1524 Hinc

1038 1536 1131 1566 etiam
1147 1536 1345 1566 homicidium
1371 1536 1583 1567 Mansclzlathz'
1605 1536 1746 1577 appella-

1038 1584 1108 1608 runt
1133 1578 1263 1619 majores
1288 1578 1402 1616 nostri)
1425 1578 1561 1608 Freinsh.
1585 1584 1746 1619 percutere

1038 1621 1139 1651 securi
1155 1621 1197 1657 ix,
1214 1625 1245 1657 4,
1259 1623 1278 1651 7
1303 1620 1406 1660 gladio
1423 1620 1465 1655 ix,
1481 1623 1513 1656 7,
1528 1623 1567 1652 12
1585 1626 1744 1660 percutere

1036 1663 1140 1692 foedus
1156 1674 1225 1694 cum
1241 1663 1346 1703 aliquo
1369 1662 1434 1698 xlii,
1448 1665 1479 1697 3,
1492 1665 1524 1693 4.
1536 1663 1625 1699 aiiii,
1642 1667 1675 1700 5,
1702 1666 1742 1694 ll

1080 1705 1217 1736 Perdere
1246 1705 1389 1735 virtutem
1415 1705 1573 1745 pristinam
1595 1705 1617 1741 i,
1642 1708 1674 1741 7,
1702 1708 1743 1736 13

1036 1747 1179 1778 virtutem
1195 1758 1263 1778 cum
1279 1747 1407 1787 imperio
1431 1747 1473 1782 vi,
1490 1750 1521 1782 4,
1536 1750 1556 1778 2
1581 1747 1743 1778 universos

1036 1790 1088 1825 xii,
1104 1792 1136 1826 6,
1153 1793 1192 1821 15
1223 1790 1390 1820 exercitum
1420 1789 1494 1824 xxii,
1519 1793 1551 1826 8,
1577 1793 1597 1821 7
1627 1790 1744 1820 defleta

1035 1837 1067 1861 et
1082 1842 1178 1872 prope
1192 1832 1314 1872 perdita
1330 1832 1399 1861 urbs
1416 1842 1445 1866 V,
1459 1835 1490 1866 8,
1508 1835 1524 1862 1
1550 1843 1596 1862 res
1611 1833 1743 1872 perditae

1036 1873 1078 1910 iv,
1094 1878 1125 1909 5,
1142 1878 1173 1904 2.
1195 1884 1226 1910 ν,
1241 1877 1274 1909 6,
1291 1878 1309 1905 5
1334 1874 1560 1914 perditissimus
1575 1875 1637 1910 xxi,
1654 1878 1686 1910 5,
1699 1879 1718 1906 5

1078 1916 1230 1947 Perdicca
1245 1916 1443 1946 Macedoniae
1459 1926 1509 1946 rex
1534 1917 1586 1952 vii,
1602 1919 1634 1953 2,
1651 1920 1667 1947 1

1078 1958 1227 1988 Perdicca
1257 1959 1410 1988 secundus
1447 1958 1497 1994 vii,
1525 1961 1558 1996 4,
1586 1963 1604 1990 5
1637 1959 1740 1990 matris

1035 2000 1154 2030 insidiis
1169 2001 1325 2030 occumbit
1348 2001 1399 2036 vii,
1416 2004 1447 2036 5,
1464 2003 1485 2031 6

1080 2043 1229 2073 Perdicca
1251 2042 1420 2073 Alexandri
1446 2042 1614 2073 commilito
1641 2054 1741 2074 annu-

1036 2085 1098 2115 lum
1113 2096 1131 2115 a
1145 2086 1290 2115 morituro
1303 2086 1417 2125 accipit
1433 2085 1484 2121 xii,
1496 2089 1546 2122 15,
1561 2089 1598 2116 12
1615 2096 1740 2116 summae

1035 2138 1133 2157 rerum
1172 2128 1338 2167 praeficitur
1367 2139 1384 2157 a
1414 2128 1642 2158 Macedonibus
1674 2129 1741 2165 xiii,

1034 2172 1066 2204 4,
1083 2174 1101 2200 5
1125 2170 1287 2200 seditiosos
1315 2175 1405 2200 necat
1433 2171 1495 2205 xiii,
1511 2173 1543 2205 4,
1559 2173 1578 2201 8
1616 2170 1741 2210 provin-

1035 2212 1098 2242 cias
1126 2211 1206 2242 inter
1236 2212 1389 2252 principes
1420 2212 1531 2242 dividit
1566 2212 1631 2247 xiii,
1660 2216 1692 2248 4,
1720 2216 1741 2243 9

1036 2254 1242 2294 Cappadoces
1272 2254 1370 2284 vincit
1392 2254 1457 2289 xiii,
1475 2257 1505 2289 6,
1524 2257 1539 2284 1
1570 2254 1741 2285 Alexandri

1035 2306 1168 2326 sororem
1185 2297 1217 2325 in
1233 2296 1460 2325 matrimonium
1488 2295 1567 2335 petit
1590 2296 1654 2332 xiii,
1670 2300 1703 2333 6,
1719 2300 1740 2328 4

1035 2339 1208 2378 eodemque
1224 2344 1361 2378 tempore
1376 2338 1535 2377 Antipatri
1551 2338 1644 2369 filiam
1675 2339 1741 2375 xiii,

1034 2383 1066 2415 6,
1089 2384 1109 2410 6
1132 2380 1266 2420 ideoque
1281 2386 1420 2410 neutram
1438 2381 1559 2410 obtinet
1592 2381 1656 2417 xiii,
1673 2384 1704 2417 6,
1719 2384 1740 2412 7

1036 2422 1151 2452 bellum
1180 2433 1248 2453 cum
1279 2422 1440 2462 Antigono
1468 2423 1547 2462 gerit
1575 2423 1640 2459 xiii,
1668 2427 1700 2459 6,
1720 2426 1740 2454 8

1038 2465 1214 2505 AEgyptum
1230 2465 1309 2504 petit
1325 2465 1388 2500 xiii,
1399 2468 1431 2499 6,
1451 2468 1489 2496 16
1506 2465 1659 2495 occiditur
1675 2466 1740 2501 xiii,

1037 2509 1068 2542 S,
1085 2510 1125 2537 10
1141 2508 1179 2537 ab
1191 2507 1362 2547 Argyrasp.
1386 2507 1447 2542 xiv,
1462 2509 1494 2542 4,
1513 2510 1551 2538 11
1578 2508 1740 2538 Perdiccae

1037 2549 1210 2589 arrogantia
1232 2549 1296 2584 xiii,
1315 2554 1345 2584 8,
1359 2552 1379 2580 2
1403 2549 1577 2579 constantia
1593 2550 1657 2585 xiii,
1674 2553 1705 2586 3,
1720 2554 1741 2582 8

1037 2591 1184 2621 facundia
1205 2592 1270 2626 xiii,
1287 2594 1318 2627 4,
1338 2595 1352 2622 l
1382 2592 1536 2621 sententia
1552 2592 1591 2621 de
1617 2603 1740 2623 succes-

1038 2643 1104 2663 sore
1120 2633 1291 2664 Alexandri
1313 2634 1377 2669 xiii,
1393 2637 1425 2669 2,
1441 2637 1459 2664 5

1082 2676 1260 2706 Perdiscere
1276 2676 1409 2706 siderum
1426 2680 1525 2706 motus
1548 2686 1599 2712 xx,
1614 2678 1646 2712 4,
1663 2678 1683 2707 3

1082 2718 1253 2749 Perdocere
1290 2719 1424 2760 aliquem
1460 2717 1604 2750 cultiores=
1641 2719 1741 2750 victus

1039 2760 1123 2795 xviii,
1137 2764 1169 2796 6,
1185 2764 1206 2792 2

1084 2803 1269 2835 Pei-domare
1297 2803 1457 2845 regionem
1483 2802 1617 2845 aliquam
1646 2802 1681 2841 ii,
1706 2806 1738 2840 3,
