2174 3424
535 343 733 374 JUSTlNl
769 343 864 373 mu.
899 344 962 372 lv.
994 345 1101 373 CAP.
1133 335 1172 373 l.

124 437 213 475 σὴνη.
239 437 337 468 Gran.
369 436 512 467 Memini
528 446 581 468 me
598 436 722 468 alicubi
736 437 826 478 lege-

124 498 161 519 re
193 489 203 505 ‘
219 486 516 518 Lacedaemonem’
546 496 608 527 pro
639 487 825 527 territorio,

123 547 150 568 s.
167 546 246 577 agro
261 536 443 575 Laconico,
460 536 608 575 Spartam
628 541 740 568 autem
758 546 824 567 non

123 586 271 618 memini.
317 586 455 627 Itaque,
479 586 532 627 qui
561 596 639 617 cum
665 596 764 617 sensu
787 592 823 618 et

115 636 246 677 judicio
261 636 392 676 legunt,
415 636 478 667 hoc
503 640 622 666 notare
647 640 820 677 poterunt.

123 686 261 717 Certum
282 685 372 716 enim
395 689 447 716 est
469 686 624 726 Spartan]
647 697 666 717 a
686 686 822 719 Justino

121 736 177 767 hic
189 745 250 777 pro
264 737 411 767 Laconia
422 742 620 777 usurpatam
632 747 718 768 esse.
745 736 822 768 Fab.

166 788 183 827 §
206 790 226 818 6
250 787 359 817 Pluris
373 785 476 825 fuerit
492 787 569 818 ultio
583 797 674 827 quam
686 787 820 827 injuria]

123 838 132 856 ‘
147 837 259 869 Pluris
275 837 366 868 esse’
393 847 468 878 pr0,
493 838 568 878 plus
584 837 733 877 efficere,
747 839 822 878 plus

122 891 301 928 praestare.
344 888 435 928 Nep.
455 897 515 919 xv.
540 891 592 919 10.
616 892 648 920 4.
685 889 694 905 ‘
711 889 823 919 Unum

122 938 289 969 hominem
306 938 411 978 pluris
427 948 525 979 quam
548 938 724 969 civitatem
741 937 823 969 fuis·

123 988 184 1019 se.'
206 988 320 1019 Plaut.
336 989 436 1020 Truc.
450 997 491 1019 11.
508 991 539 1020 6.
555 991 586 1019 8.
615 989 624 1005 ‘
639 988 754 1018 Pluris
770 992 824 1020 est

122 1038 276 1070 oculatus
293 1038 389 1070 testis
409 1048 492 1070 unus
517 1047 617 1080 quam
641 1039 742 1070 auriti
765 1038 824 1069 de-

122 1087 218 1120 cem.'
254 1089 357 1120 Vorst.

167 1141 185 1180 ξ
208 1142 228 1169 8
264 1140 368 1178 Hujus
381 1149 485 1179 agros,
499 1140 569 1180 ξω]
605 1139 703 1170 Idem
722 1137 825 1170 Fabio

124 1189 219 1220 Max.
243 1199 319 1220 cum
343 1189 493 1221 Annibal
517 1190 560 1220 ad
582 1189 699 1220 urbem
722 1193 824 1228 esset,

126 1239 263 1272 accidit.
299 1240 394 1271 Plut.
423 1240 457 1270 in
486 1239 614 1277 Fabio;
649 1243 685 1269 et
713 1238 824 1278 Civili,

123 1289 201 1321 Tac.
218 1299 251 1320 v.
269 1289 315 1320 H.
332 1293 386 1321 23.
404 1290 461 1330 qui
487 1293 496 1307 ⁴
508 1294 624 1320 notam
640 1294 748 1319 artem
764 1288 824 1319 du-

124 1339 220 1371 cum'
247 1345 355 1372 vocat.
378 1341 482 1380 Bong.
527 1338 617 1370 Add.
637 1343 673 1369 et
689 1339 763 1369 Liv.
781 1347 821 1369 11.

124 1391 178 1420 39.
195 1393 231 1420 et
253 1398 348 1421 xxu.
374 1393 427 1421 23.
473 1390 628 1429 Polyaen.
650 1398 690 1419 11.
716 1393 752 1419 et
775 1398 823 1420 1v.

124 1439 277 1471 Frontin.
292 1449 316 1471 1.
337 1440 444 1472 strat.
469 1443 500 1471 8.
526 1439 675 1480 Thucyd.
690 1448 730 1470 11.
745 1442 776 1470 4.
792 1442 822 1470 l.

125 1490 246 1521 Leonis
258 1491 397 1522 Tactica
414 1500 490 1530 cap.
507 1493 560 1521 20.
575 1492 629 1521 22.
656 1490 785 1520 Bemec.

169 1539 335 1580 Sper-antes
349 1542 506 1582 acquirere
520 1551 551 1572 se
561 1541 612 1572 illi
624 1539 726 1581 posse]
749 1540 828 1570 Non

126 1589 204 1621 ideo
220 1600 316 1631 agros
331 1592 472 1623 Periclis
489 1592 636 1623 intactos
652 1591 828 1632 reliquisse

126 1640 382 1682 Archidamum,
398 1646 434 1673 ut
449 1652 526 1673 eum
541 1646 736 1682 suspectum
754 1641 828 1672 red·

126 1689 225 1722 deret
241 1691 517 1732 Atheniensibus,
539 1692 598 1723 sed
622 1692 778 1733 quoniam
796 1692 828 1723 ei

127 1741 350 1773 amicissimus
390 1747 480 1782 erat,
520 1742 631 1784 inquit
672 1742 826 1783 Polyaen.

134 1790 222 1822 Voss.

1495 335 1581 375 705

914 438 931 477 ᾗ
949 439 987 467 11
1006 437 1123 467 Navali
1135 437 1261 477 proelio]
1279 436 1332 468 Ad
1346 438 1580 478 Naupactum,

878 485 964 516 duce
981 485 1198 517 Phormione.
1231 486 1383 527 Thucyd.
1407 497 1447 519 11.
1472 491 1523 520 16.
1548 491 1578 519 1.

879 537 988 575 Bong.

920 587 937 626 ξ
956 588 994 616 13
1012 585 1050 616 In
1063 595 1158 616 annos
1170 586 1414 628 quinquaginta]
1428 588 1581 629 Thucyd.

877 644 912 666 v.
922 637 954 666 4.
964 637 995 666 4.
1012 635 1110 666 Idem.
1129 635 1313 667 Contaren.
1324 637 1406 667 Var.
1419 647 1452 677 p.
1463 641 1515 669 59.
1530 649 1581 678 pr.

876 686 975 716 Rern.
996 685 1091 715 Suid.
1102 684 1207 716 Νικίας
1221 685 1378 722 Ἀθηναῖος
1390 686 1475 726 (Ms.
1488 688 1582 720 Leid.

875 736 1052 774 Ἀθηναίων)
1064 735 1249 776 στρατηγός·
1275 735 1376 768 Οὗτος
1388 736 1511 778 Κύθηρα
1525 739 1582 775 τὴν

876 787 971 822 νῆσον
983 784 1058 826 εἷλε,
1068 786 1118 816 καὶ
1130 785 1196 826 περὶ
1206 788 1263 823 τῆς
1273 785 1417 827 Σπάρτης
1431 787 1472 819 εἷς
1483 788 1582 828 φόβον

875 834 1052 873 κατέστησε
1062 835 1323 876 Λακεδαιμονίους,
1336 837 1375 869 ὡς
1386 837 1436 868 καὶ
1450 839 1583 879 φρουρὰν

877 886 986 918 αὐτοὺς
1002 887 1034 918 ἐν
1044 887 1085 928 τῇ
1098 886 1190 918 πόλει
1201 889 1407 925 καταστῆσαι·
1420 887 1538 929 εἰρήνην
1550 889 1583 920 δὲ

877 936 956 968 ὀκτὼ
977 938 1059 978 (Ms.
1084 937 1180 969 Leid.
1203 937 1411 980 πεντήκοντα)
1435 938 1492 977 ἔτη
1514 941 1583 971 ταῖς

877 988 1007 1019 πόλεσιν
1022 986 1255 1028 ἐπρυτάνευσεν.

922 1041 988 1072 Sex
1003 1041 1108 1081 armis]
1147 1041 1193 1071 Et
1220 1044 1391 1081 praeterea
1415 1044 1466 1072 10.
1491 1051 1584 1072 men-

879 1090 985 1130 sibus,
1001 1095 1089 1122 teste
1105 1090 1265 1130 Thucyd.
1282 1100 1323 1122 11.
1340 1095 1372 1122 5.
1390 1095 1441 1124 15.
1463 1092 1563 1123 Bern.

923 1142 940 1182 ξ
958 1144 998 1172 14
1014 1141 1171 1181 Inducias,
1182 1141 1251 1181 ἐξα]
1269 1140 1320 1172 An
1332 1141 1413 1182 jure
1427 1141 1502 1181 hoc,
1514 1142 1584 1175 vid.

880 1189 958 1221 Alb.
974 1190 1150 1221 Gentilem
1174 1191 1216 1222 de
1239 1191 1325 1224 Jure
1350 1192 1438 1222 Belli
1455 1192 1513 1223 lib.
1528 1202 1586 1225 111.

879 1240 936 1272 fin.
952 1250 1027 1281 cap.
1043 1243 1094 1272 18.
1117 1242 1216 1274 Idem.
1260 1242 1354 1272 Male
1377 1242 1387 1260 ‘
1401 1242 1585 1275 condicere

879 1291 1048 1322 inducias'
1080 1291 1218 1323 damnat
1248 1293 1287 1323 C.
1316 1293 1453 1333 Sciopp.
1503 1295 1584 1327 Vid.

879 1341 1028 1372 Gronov.
1044 1350 1069 1372 1.
1097 1340 1230 1374 Obs.'l.
1248 1342 1306 1373 ubi
1322 1344 1454 1374 erudite
1470 1343 1585 1376 defen-

878 1391 930 1422 dit
944 1391 1130 1423 Justinum.
1158 1393 1268 1424 Groev.

922 1442 939 1482 ᾗ
959 1445 995 1472 15
1021 1441 1057 1472 Si
1072 1441 1228 1482 ferentes]
1244 1444 1327 1474 Mss.
1345 1444 1411 1474 mei
1428 1444 1585 1486 plerique

882 1491 909 1521 si
925 1490 1061 1531 ferrent,
1089 1491 1131 1522 de
1158 1502 1223 1532 quo
1248 1502 1327 1524 sane
1351 1503 1416 1524 non
1443 1495 1585 1526 multum

883 1542 1118 1582 pugnaverim.
1140 1543 1229 1573 Mod.

927 1591 1029 1626 Quam
1057 1592 1085 1622 si
1114 1594 1238 1634 aperto]
1274 1592 1376 1633 Angl.
1407 1605 1435 1634 q.
1467 1595 1495 1625 sz’
1524 1595 1586 1636 ipsi

881 1645 998 1682 aperto.
1044 1642 1181 1681 Placet,
1199 1643 1276 1683 quia
1293 1644 1428 1683 elegans
1449 1649 1502 1676 est
1526 1655 1585 1686 op-

881 1692 1004 1732 positio
1030 1691 1121 1723 inter
1146 1694 1244 1724 socios
1267 1698 1302 1724 et
1326 1694 1400 1733 ipsi,
1423 1699 1460 1725 ut
1484 1695 1586 1734 plane

881 1743 1002 1773 vocula
1032 1743 1144 1774 omitti
1179 1753 1245 1774 non
1280 1753 1380 1784 posse
1416 1745 1584 1777 videatur.

880 1790 986 1830 Schef.

668 2061 888 2109 LIBER
938 2061 1030 2108 IV.

181 2197 266 2229 CAP.
284 2207 310 2229 1.
356 2199 374 2239 ξ
398 2200 414 2229 1
440 2197 581 2229 Siciliam
595 2197 724 2237 ferunt]
748 2196 827 2228 Vid.

125 2246 278 2288 Thucyd.
296 2256 344 2279 vr.
361 2250 390 2279 1.
407 2248 534 2278 Melam
551 2257 591 2280 11.
606 2251 638 2279 7.
662 2247 754 2278 Plin.
770 2256 826 2279 111.

127 2296 173 2328 N.
193 2296 240 2328 H.
257 2301 288 2329 8.
305 2297 409 2329 Diod.
426 2306 460 2328 v.
475 2307 528 2337 pr.
543 2307 642 2338 quem
657 2296 828 2334 νησιοτικὴν

125 2345 238 2383 βίβλον
253 2351 363 2378 vocat.
399 2348 511 2379 Strab.
526 2356 576 2378 vl.
618 2348 725 2379 Solin.
750 2357 827 2388 cap.

127 2399 180 2428 11.
204 2396 324 2437 Virgil.
342 2405 398 2427 111.
416 2396 489 2427 AEn.
504 2399 578 2428 418.
614 2397 767 2428 Eustath.
790 2397 826 2427 in

127 2445 272 2486 Dionys.
301 2447 498 2478 Lucretium
524 2456 548 2478 1.
579 2447 698 2479 Claud.
725 2456 750 2478 1.
782 2447 825 2478 de

127 2496 254 2536 Raptu.
288 2497 345 2527 De
361 2496 479 2527 incolis
495 2497 620 2528 Siciliae
637 2496 705 2528 vid.
722 2497 824 2528 Paus.

127 2545 162 2576 in
186 2546 319 2578 Eliacis.
351 2547 510 2586 Bongars.
552 2547 721 2579 Munster.
747 2547 826 2578 Cos-

127 2604 232 2636 mogr.
246 2605 271 2627 1.
285 2599 316 2627 3.
332 2597 456 2636 Scalig.
469 2598 591 2629 Exere.
605 2600 657 2629 37.
673 2600 704 2630 2.
728 2598 825 2629 Bern.

170 2646 336 2686 Direptum
345 2648 426 2677 velut
437 2657 455 2678 α
466 2647 603 2688 corpore]
618 2648 652 2679 S.
662 2648 768 2678 mavis
780 2648 826 2678 di-

127 2700 345 2737 remptamque.
369 2697 697 2738 Virg.AEn.111.417.
719 2698 826 2728 ‘Haec

127 2745 202 2777 loca
221 2746 253 2777 vi
282 2747 448 2787 quondam
475 2751 512 2779 et
538 2753 634 2779 vasta
663 2748 827 2780 convulsa

129 2795 226 2826 ruina
254 2796 453 2828 Dissiluisse
479 2796 615 2838 ferunt‚'
647 2800 710 2830 διο.
747 2798 824 2828 Vid.

129 2842 220 2875 Plin.
248 2853 290 2876 11.
316 2848 370 2877 89.
402 2845 509 2877 Diod.
534 2856 583 2878 1v.
610 2850 663 2878 87.
697 2848 828 2878 Bernec.

132 2892 277 2926 Quidam
308 2895 416 2926 Codd.
452 2897 675 2938 diremtamque
708 2895 829 2937 praefe-

216 2947 328 2988 Delph.
342 2951 371 2978 et
391 2949 463 2979 Var.
480 2949 567 2980 Cius.

799 2950 921 2982 Justin.

883 2200 975 2236 runt,
1002 2195 1092 2237 quod
1122 2196 1240 2236 probo.
1286 2196 1361 2228 Nec
1384 2196 1484 2228 aliter
1508 2198 1583 2232 Liv.

882 2254 987 2277 xxlv.
1004 2248 1037 2277 9.
1075 2246 1085 2263 ‘
1100 2245 1268 2286 Hispania
1284 2251 1426 2287 angusto
1437 2247 1585 2279 diremta

881 2294 996 2326 freto.’
1022 2295 1158 2327 Gronov.
1202 2296 1266 2326 Vel
1292 2296 1394 2328 scrib.
1412 2297 1583 2337 dereptam,

881 2350 919 2376 ut
943 2354 1019 2385 ego,
1042 2346 1096 2375 vel
1118 2346 1292 2386 diremtum,
1314 2351 1351 2377 ut
1374 2346 1443 2377 alii.
1467 2347 1582 2379 Faber.

881 2396 1027 2428 Quidam
1040 2396 1125 2426 Mss.
1138 2405 1221 2436 quos
1234 2397 1345 2436 Bong.
1355 2397 1443 2428 vidit
1453 2398 1586 2437 diremp-

880 2448 955 2476 tam.
993 2445 1061 2476 Sed
1078 2445 1223 2485 praefero
1238 2447 1403 2487 direptum.
1441 2448 1583 2479 Memini

880 2495 969 2526 enirn
1001 2495 1190 2535 ‘diripere’
1222 2496 1313 2527 idem
1343 2506 1478 2538 quoque
1506 2507 1581 2528 esse

880 2544 982 2585 qnod,
993 2544 1139 2584 eripere,
1151 2544 1362 2577 abstrahere.
1392 2546 1450 2576 Ita
1461 2546 1581 2577 dicunt

881 2594 1052 2635 ‘diripere
1076 2604 1191 2626 ensem
1215 2595 1359 2636 vagina,’
1377 2596 1386 2613 ‘
1406 2601 1534 2627 vestem
1562 2607 1582 2628 a

880 2643 1044 2685 pectore‚’
1067 2647 1076 2663 ‘
1090 2644 1291 2676 victoriam!
1322 2645 1424 2677 Vorst.

922 2694 1147 2734 Direptamque
1168 2695 1250 2725 velut
1269 2705 1289 2725 α
1308 2705 1445 2735 corpore,
1467 2695 1582 2734 majore

880 2742 1009 2783 impetu]
1043 2743 1190 2775 Servant
1218 2745 1320 2785 vulgo
1348 2754 1463 2775 omnes
1492 2746 1580 2777 hane

881 2794 1143 2826 distinctionem.
1180 2795 1229 2826 At
1247 2805 1309 2836 ego
1322 2795 1426 2827 habeo
1443 2805 1582 2836 persua-

882 2846 1047 2877 sissimum
1062 2846 1099 2876 τὺ
1123 2846 1132 2863 ‘
1145 2846 1286 2887 majore'
1302 2856 1368 2877 non
1387 2846 1428 2877 ad
1452 2847 1579 2887 ‘impe-

883 2895 936 2927 tu'
960 2897 1019 2929 sed
1051 2896 1234 2938 ‘corpore'
1260 2897 1446 2938 pertinere,
1477 2901 1578 2938 atque

1415 2953 1434 2980 2
1462 2950 1490 2980 Υ
