2101 3419
425 355 537 397 1020

422 458 480 491 fin.
502 460 511 477 4
525 460 611 491 Fata
626 461 723 493 nobis
739 472 872 495 sensum
887 470 1013 498 nostrae
1029 467 1125 498 necis

423 509 609 542 auferunt!
644 513 689 544 Et
702 514 798 546 Suet.
814 516 900 548 Caes.
917 521 947 548 5.
966 520 996 549 2.
1017 519 1026 535 ‘
1038 519 1125 551 Post

420 569 538 591 necem
552 562 705 593 Consulis
718 563 726 576 ’
745 565 881 605 Lepidi,
894 576 992 607 quem
1005 569 1124 601 morbo

421 611 612 643 extinctum
641 618 776 646 constat
803 625 845 647 ex
872 617 964 650 Flor.
984 628 1041 651 111.
1064 619 1122 651 fin.

422 660 522 691 Bern.

466 712 538 743 Rea:
551 714 766 755 constituitur]
789 717 872 749 Mss.
886 719 999 758 plures
1013 721 1121 762 Bong.

418 762 546 794 habent
564 765 730 806 statuitur,
754 777 854 808 quam
881 771 1022 809 proinde
1039 772 1119 804 lect.

417 817 502 852 puto
524 823 596 845 esse
623 825 749 848 veram.
796 819 883 849 Nam
908 825 944 851 et
968 821 1047 852 alibi
1070 823 1119 854 sic

419 861 567 902 Noster;
591 869 629 896 ut
650 873 717 897 xn.
738 869 769 898 4.
807 868 817 884 4
835 868 969 900 Parthis
996 871 1118 902 deinde

415 911 552 944 domitis
581 914 764 954 praefectus
792 917 842 947 his
872 920 1038 951 statuitur
1075 931 1118 951 ex

413 963 595 996 nobilitate
609 965 791 997 Persarum
808 966 1050 1008 Andragoras)
1077 970 1118 1001 Τὸ

412 1015 614 1045 constituitur
630 1020 681 1046 est
696 1017 902 1056 glossatori&
926 1018 1030 1056 Sches.

458 1064 475 1102 ς
491 1066 510 1093 2
527 1063 675 1095 Dolentes
685 1068 805 1096 tantum
820 1066 860 1096 iis
875 1067 1013 1107 itineris]
1034 1069 1117 1109 Leg.

413 1111 474 1142 dol.
491 1115 514 1143 t.
530 1113 590 1142 sibi
605 1113 642 1144 it.
654 1116 705 1154 &a
728 1115 849 1145 Faber.
872 1117 920 1146 Iis
939 1127 1014 1156 pro,
1030 1118 1114 1149 sibi:

411 1171 487 1201 quae
505 1164 738 1202 pronominum
757 1166 962 1204 permutatio
983 1168 1014 1197 in
1038 1176 1115 1198 auc-

411 1211 542 1241 toribus
563 1217 616 1243 est
637 1212 809 1254 frequens.
856 1216 983 1247 Contra
1006 1219 1016 1235 4
1032 1218 1115 1248 sibi'

411 1265 448 1291 et
474 1261 483 1277 ⁴
500 1262 594 1292 suus'
622 1262 740 1295 dicunt
768 1274 841 1304 pro,
871 1266 918 1296 illi
951 1272 987 1298 et
1013 1268 1114 1301 illius.

410 1311 489 1342 Vid.
506 1312 565 1342 lib.
582 1312 624 1342 de
643 1313 779 1346 Latinit.
795 1313 819 1345 f.
838 1325 928 1356 susp.
945 1320 976 1348 5.
1004 1317 1078 1350 Vor.

450 1361 468 1401 ς
492 1364 510 1391 3
536 1362 710 1402 Hymerum
737 1366 913 1405 quemdam]
945 1366 1112 1400 Athenaeo

409 1418 446 1442 x.
462 1410 654 1452 est‘Iuepos.
678 1414 761 1444 Eum
774 1415 841 1446 vid.
870 1417 952 1448 Voss.
995 1418 1111 1459 Scrip-

407 1469 516 1491 seram
542 1461 575 1492 in
604 1462 690 1493 libro
719 1474 796 1494 meo
824 1465 999 1499 Himeram.
1043 1469 1111 1501 Sed

406 1509 455 1540 ita
476 1511 581 1550 prior,
604 1512 637 1543 in
661 1522 732 1552 suo,
758 1515 912 1553 Vossius,
932 1521 967 1547 et
991 1518 1038 1548 sic
1063 1519 1111 1549 le—

405 1560 507 1599 gend.
553 1561 645 1593 Add.
663 1563 752 1604 quod
776 1564 825 1594 ita
849 1565 881 1595 in
911 1566 1017 1607 Impr.
1040 1569 1111 1609 qui-

405 1609 505 1642 busd.
522 1611 658 1652 legitur,
681 1617 717 1644 et
740 1614 864 1646 Graeca
879 1616 972 1656 origo
989 1627 1111 1659 appro-

404 1659 475 1691 bat.
501 1661 613 1693 Faber.

446 1711 600 1742 Pueritioe
623 1713 723 1753 flore]
766 1714 944 1747 Claudian.
978 1717 1010 1748 in
1042 1719 1107 1749 Eu-

401 1763 490 1800 trop.
508 1770 532 1791 1.
555 1764 629 1793 342.
663 1764 672 1779 ‘
691 1764 853 1795 Parthica
876 1765 968 1797 ferro
993 1768 1106 1800 Luxu·

401 1810 467 1840 ries
494 1812 602 1842 vetuit
627 1814 720 1844 nasci
746 1815 912 1854 lanuginis
939 1817 1103 1858 umbram,

397 1859 610 1902 Servatoque
635 1863 692 1893 diu
725 1865 847 1904 puerili
876 1864 958 1897 flore
988 1869 1103 1908 coegit

399 1908 485 1940 Arte
513 1912 719 1943 retardatam
747 1915 876 1945 Veneri
902 1918 1028 1948 servire
1045 1919 1102 1958 ju·

398 1960 558 1990 ventam)
601 1962 783 1994 Berneccer.
839 1964 913 1996 Liv.
952 1976 1032 1999 xxr.
1068 1970 1100 1999 2.

397 2010 406 2026 4
428 2010 527 2040 Flore
543 2011 654 2042 aetatis
670 2013 777 2052 primo
797 2013 860 2044 sibi
877 2016 1102 2048 conciliatus.’

396 2058 502 2089 Plura
518 2062 674 2100 exempla
697 2064 869 2102 congessit
887 2065 1037 2098 Mei-cer.
1056 2067 1098 2098 ad

398 2109 489 2139 Non.
507 2110 663 2141 Marcell.
683 2121 714 2151 p.
732 2115 786 2144 96.

438 2158 621 2198 Importune
648 2161 789 2201 vexarit]
825 2163 834 2179 ‘
852 2162 1097 2204 Importunus,'

394 2208 403 2224 ‘
422 2208 684 2248 importune‚'et
701 2212 709 2226 ‘
723 2211 975 2252 importunitas’
994 2216 1096 2246 verba

395 2264 474 2290 sunt
501 2270 574 2300 quae
599 2260 631 2290 in
658 2265 834 2301 tyrannum
858 2264 1032 2304 accidunt,
1060 2270 1095 2297 et

394 2316 557 2340 extremae
575 2315 675 2351 atque
696 2311 868 2343 effrenatae
886 2314 1093 2354 impotentia:

393 2359 530 2390 odorem
545 2360 680 2392 liabent.
704 2362 775 2392 Cic.
790 2363 860 2394 Liv.
876 2364 966 2395 Flor.
986 2365 1094 2397 Faber.

437 2410 454 2449 ξ
477 2412 496 2439 4
523 2410 591 2449 Ipse
607 2413 707 2440 autem
726 2412 901 2442 Plirahates
911 2416 1092 2455 exercitum,

388 2459 457 2498 fisa]
496 2460 573 2490 Non
590 2463 717 2491 temere
736 2462 896 2493 utendum
912 2464 1018 2495 milite
1035 2467 1090 2506 qui

390 2520 506 2542 causas
532 2511 636 2542 habet
663 2522 724 2542 cur
748 2514 858 2544 animo
885 2516 929 2546 sit
953 2527 972 2547 a
995 2518 1091 2549 nobis

388 2562 560 2593 alieniore.
606 2563 729 2602 Polyb.
759 2573 793 2594 v.
823 2567 875 2596 54.
906 2576 957 2606 pr.
983 2568 1089 2599 simile

387 2613 463 2644 huic
480 2618 595 2644 nostro
621 2616 779 2654 proponit
803 2617 994 2657 exemplum
1014 2620 1089 2650 Μο-

387 2663 651 2701 lonis‚Snsianae
675 2670 710 2695 et
734 2665 931 2706 Babyloniae
955 2670 1088 2709 populis

385 2724 503 2745 recens
520 2725 538 2745 a
554 2724 588 2745 se
605 2725 668 2746 nec
686 2717 825 2757 opinata
850 2719 994 2751 victoria
1009 2722 1086 2752 sub-

384 2766 480 2801 actis,
496 2763 678 2795 infeliciter
694 2767 820 2797 utentis
838 2768 1000 2800 adversus
1017 2770 1086 2802 An-

384 2815 534 2845 tiochum
552 2824 680 2854 regem,
703 2825 722 2846 a
744 2826 810 2858 quo
828 2817 900 2858 ipse
917 2824 1018 2851 antea
1031 2821 1088 2852 de·

387 2864 531 2895 fecerat.
556 2865 655 2895 Rern.

883 372 1026 404 NO'I'AE
1060 375 1326 408 VARIORUM
1362 379 1412 408 IN

1218 469 1236 509 ξ
1259 473 1277 500 5
1302 470 1503 512 inclinatam,
1517 472 1588 513 εγω]
1615 473 1704 504 Saxo
1719 484 1755 506 v.
1771 485 1805 516 p.
1821 479 1875 509 89.

1173 519 1227 549 40.
1258 519 1268 536 ‘
1286 519 1369 552 Incl.
1395 521 1594 553 Hunnorum
1622 533 1672 554 ac.
1699 527 1875 566 conspica-

1174 569 1252 601 tus!
1288 570 1380 603 Add.
1407 581 1474 603 vn.
1497 583 1531 614 p.
1549 576 1621 604 122.
1648 577 1701 606 30.
1737 584 1813 608 xlv.
1837 587 1875 619 p.

1174 621 1249 650 255.
1270 623 1321 652 50.

1219 670 1434 712 captivitatis,
1456 672 1525 713 &ej
1563 674 1616 705 Id.
1640 684 1689 707 1v.
1713 685 1746 716 p.
1762 678 1816 708 62.
1840 680 1872 709 1.

1172 719 1182 736 4
1201 720 1310 752 Quam
1344 721 1536 763 [ultionem]
1567 734 1603 755 se
1631 735 1750 765 parum
1782 726 1872 759 bello

1171 771 1294 811 exequi
1318 781 1414 812 posse
1437 773 1646 804 credentesz’
1678 780 1714 806 et
1735 784 1813 808 vul.
1836 787 1871 817 p.

1171 816 1244 843 156.
1259 816 1313 845 26.
1347 816 1355 831 ‘
1376 815 1574 848 Fraternam
1599 817 1661 848 ult.
1689 818 1768 859 quia
1792 819 1872 850 viri-

1169 862 1229 893 bus
1244 864 1417 905 nequibat,
1440 864 1560 897 fraude
1584 867 1706 908 exequi
1730 872 1869 908 perten-

1168 914 1288 946 tabat.'

1211 964 1300 996 CAP.
1316 973 1356 996 11.
1380 965 1396 1005 ξ
1414 968 1431 996 1
1459 966 1760 1008 Contentivictoria]
1782 968 1868 1001 Mss.

1165 1014 1232 1044 mei
1263 1014 1363 1047 Fuld.
1389 1015 1473 1045 mire
1501 1016 1586 1047 mira
1621 1019 1756 1058 syntaxi
1783 1023 1867 1051 cont.

1164 1063 1323 1095 rictoriae:
1346 1064 1388 1095 de
1416 1075 1485 1105 qua
1508 1066 1678 1098 locutione
1701 1077 1761 1099 nos
1790 1079 1867 1101 cnm

1164 1114 1242 1144 Deo
1270 1114 1362 1145 alibi.
1395 1115 1532 1147 Modius.
1578 1117 1660 1157 Hnj.
1688 1118 1867 1150 locutionis

1165 1165 1356 1204 exemplum
1385 1165 1441 1195 vix
1471 1166 1561 1196 aliud
1594 1167 1767 1200 invenias:
1803 1169 1868 1200 nisi

1165 1214 1254 1254 quod
1271 1214 1431 1245 Claudius
1453 1215 1517 1247 JC.
1541 1217 1644 1247 etiam
1667 1217 1716 1248 ita
1731 1219 1865 1250 locutus

1163 1268 1217 1294 est
1232 1265 1270 1295 L.
1288 1267 1341 1295 37.
1360 1265 1387 1304 ξ.
1402 1267 1433 1295 4.
1454 1265 1487 1294 in
1511 1265 1568 1296 fin.
1592 1267 1639 1297 D.
1665 1266 1708 1298 de
1726 1268 1865 1308 Legatis

1163 1323 1221 1345 111.
1254 1316 1264 1332 ‘
1282 1315 1450 1347 Quoniam
1476 1314 1509 1345 in
1539 1315 1589 1346 liis
1620 1318 1800 1357 expressit,
1825 1322 1866 1350 ut

1161 1369 1344 1395 contentus
1361 1369 1453 1395 esset
1470 1365 1576 1405 partis
1591 1365 1738 1397 dimidiae
1750 1366 1864 1399 dotis!

1161 1414 1262 1446 Bet-n.

1203 1465 1219 1505 ξ
1243 1467 1262 1495 2
1286 1465 1348 1496 Sed
1363 1464 1542 1496 Artabanus
1563 1465 1672 1496 bellum
1698 1466 1863 1499 Colchum-

1158 1513 1232 1554 riis]
1256 1515 1461 1546 Colchatarii
1478 1515 1535 1555 qui
1551 1515 1629 1553 sint,
1644 1525 1709 1546 non
1726 1521 1778 1547 est
1795 1517 1863 1548 cla-

1159 1574 1245 1595 rum.
1289 1565 1399 1596 Strab.
1425 1573 1475 1596 xl.
1503 1565 1739 1597 Chalachanen
1765 1568 1863 1607 ponit

1157 1619 1257 1645 extra
1281 1614 1452 1645 Armeniae
1475 1620 1618 1654 montes,
1644 1615 1685 1646 ‹le
1712 1627 1779 1657 qua
1804 1618 1860 1649 hic

1157 1673 1234 1694 eum
1250 1665 1340 1705 loqui
1356 1674 1444 1695 nunc
1459 1669 1553 1704 puto.
1599 1665 1687 1696 Item
1706 1671 1784 1706 post
1800 1667 1860 1698 ali-

1155 1718 1238 1754 quot
1275 1723 1391 1744 versus
1426 1715 1583 1746 Justinus
1620 1714 1859 1749 Armeniorum

1155 1772 1270 1803 regem
1291 1763 1513 1795 Artoadisten
1537 1765 1702 1798 nominat.
1745 1767 1857 1799 Quem

1154 1813 1359 1844 Plutarchus
1389 1813 1596 1846 Artuasden.
1641 1816 1755 1847 Strab.
1783 1817 1857 1858 jam

1153 1865 1246 1896 dicto
1261 1865 1317 1896 lib.
1334 1865 1551 1897 Artabasden
1575 1866 1732 1907 Tigranis
1748 1866 1855 1900 filium

1152 1915 1315 1955 appellat.
1358 1915 1425 1946 Sed
1457 1915 1489 1945 in
1520 1915 1673 1947 barbaris
1703 1926 1770 1948 non
1801 1922 1856 1950 est

1151 1966 1291 1995 multum
1306 1966 1480 1997 momenti.
1509 1966 1601 1997 Glar.

1193 2014 1256 2045 Sed
1280 2014 1474 2054 Artabanus]
1507 2015 1646 2045 Mallem
1677 2015 1764 2056 quod
1793 2016 1851 2047 ha-

1148 2063 1230 2095 bent
1253 2065 1337 2096 Mss.
1367 2066 1474 2105 Bong.
1499 2065 1563 2095 Sed
1585 2069 1616 2095 et
1634 2066 1674 2096 A.
1698 2071 1734 2097 ut
1751 2066 1850 2098 fieret

1148 2121 1324 2155 respectus
1347 2115 1449 2146 etiam
1475 2115 1516 2145 ad
1543 2116 1721 2147 Phrabatis
1745 2117 1849 2148 breve

1146 2166 1335 2205 imperium.
1381 2166 1444 2197 Cui
1461 2166 1542 2195 alias
1565 2166 1626 2195 lioc
1649 2168 1848 2206 opponitur,

1146 2216 1172 2246 si
1190 2226 1255 2246 non
1280 2217 1329 2246 ita
1351 2216 1532 2252 scribatur,
1549 2225 1623 2246 cum
1649 2220 1762 2247 tamen
1788 2227 1848 2258 op-

1145 2267 1270 2306 positio
1287 2267 1329 2297 sit
1347 2267 1449 2296 nulla.
1473 2266 1574 2302 Sclus.

1187 2316 1366 2356 Tliogariis]
1399 2316 1455 2347 Ita
1479 2316 1555 2346 libri
1581 2320 1662 2346 vett.
1699 2316 1844 2349 Quidam

1144 2371 1258 2398 tamen
1277 2367 1454 2404 Teogariis:
1477 2375 1561 2396 unus
1581 2367 1737 2398 Thocari&
1782 2368 1846 2398 Το-

1142 2417 1274 2448 cliarios
1300 2417 1497 2457 Scythicum
1522 2425 1626 2455 genus
1645 2425 1844 2448 commemo-

1142 2472 1196 2498 rat
1214 2467 1301 2498 Plin.
1319 2476 1369 2497 vt.
1391 2470 1441 2497 17.
1463 2471 1498 2497 et
1519 2465 1676 2505 Τοχάρους
1700 2466 1842 2506 Dionys.

1141 2518 1276 2558 Perieg.
1293 2522 1328 2548 et
1345 2517 1560 2548 Ptolemaeus.
1586 2517 1743 2554 Bongars.
1775 2517 1843 2547 An-

1141 2568 1303 2608 tiquiores
1321 2567 1410 2607 typis
1434 2576 1529 2606 expr.
1556 2566 1781 2596 Colchatariis:
1804 2570 1840 2597 et

1139 2619 1238 2659 paulo
1257 2622 1334 2658 post
1351 2616 1525 2648 Artoeulisti
1542 2625 1600 2655 pro
1619 2617 1690 2647 Ort.
1715 2616 1795 2646 Vor.

1182 2669 1198 2709 ξ
1223 2671 1240 2699 3
1267 2668 1398 2707 Quippe,
1420 2666 1487 2705 ἐξα]
1517 2666 1607 2696 Saxo
1633 2665 1729 2705 praef.
1756 2676 1786 2706 p.
1803 2669 1835 2698 2.

1137 2728 1180 2748 m.
1214 2719 1223 2734 4
1240 2718 1294 2749 Ita
1318 2724 1569 2748 antecessorum
1592 2715 1714 2746 farinam
1732 2721 1836 2757 atque

1135 2768 1328 2808 opinionem
1354 2776 1492 2807 operum
1523 2765 1755 2805 magnitudine
1782 2776 1835 2797 su-

1136 2817 1358 2860 pergressus?

1181 2868 1363 2899 Cluritutem
1383 2867 1559 2908 parentum]
1592 2866 1664 2898 Cic.
1687 2865 1758 2898 Off.
1778 2876 1833 2900 Πῐ.
