2174 3424
597 324 795 356 JUSTINl
831 325 928 356 mn.
963 326 1014 356 ιι.
1045 326 1154 358 οΑΡ.
1185 316 1226 357 1.

163 420 353 461 Utrumque
367 417 476 450 minus
492 417 592 450 belle.
628 419 792 459 Legerem
808 419 860 450 Aa

161 474 358 511 postremum,
374 474 413 501 ut
427 479 516 510 s‘aepe
533 469 625 500 alibi.
647 468 760 500 Faber.
807 470 860 500 Ex

165 520 261 552 Junt.
297 519 414 560 recepi
451 519 504 550 Ad
536 523 734 560 postremum,
770 519 861 560 quod

164 569 414 601 oxoniensibus
443 569 572 610 placuit
600 578 644 600 ex
671 570 737 601 Ms.
764 574 801 601 et
824 570 863 601 Τ.

163 619 275 651 Fabro
291 628 334 650 ex
352 619 560 660 conjectura.
584 619 692 652 Groev.

206 668 391 700 Exercitum
419 669 521 700 Dario
555 669 677 709 prodit]
713 669 863 701 Similem

170 718 409 759 proditionem,
446 719 500 750 vel
536 719 701 760 geminam
738 720 866 761 potius,

167 768 240 808 ipse
257 768 396 808 Darius,
412 768 445 799 in
459 768 562 800 Sacas
582 779 731 810 movens,
747 780 865 811 passus

170 822 223 850 est
245 828 265 849 a
279 818 401 851 Risace
422 819 587 861 equisone
602 819 749 861 quodam
771 821 869 863 Saea,

1527 317 1611 359 649

913 417 1087 450 referente
1114 418 1281 459 Polyaeno
1307 427 1372 452 vn.
1399 421 1548 462 Strateg.
1579 432 1613 462 p.

913 471 988 501 491.
1012 469 1111 500 Bern.

956 521 974 561 ᾧ
997 523 1038 551 23
1064 520 1155 556 Quod
1168 519 1307 560 sequenti
1330 521 1482 553 volumine
1498 522 1615 560 refere-

915 569 983 610 tur]
1005 569 1150 602 Quidam
1175 569 1301 601 habent
1315 570 1464 608 refertur,
1488 572 1544 603 alii
1566 583 1616 604 re-

909 621 1028 660 seram.
1073 620 1158 653 Quae
1175 621 1323 652 varietas
1347 621 1501 652 lectionis
1516 621 1611 662 facit,

917 675 956 702 ut
973 679 1072 711 poene
1094 669 1244 710 credam,
1259 680 1333 701 esse
1349 670 1434 702 hanc
1451 672 1614 712 appendi-

921 730 995 752 cem
1012 730 1079 752 non
1102 720 1244 760 Justini,
1270 720 1330 752 sed
1354 721 1491 753 alterius
1507 723 1617 763 cujus-

921 781 1070 813 cunque,
1096 781 1172 803 cum
1199 772 1388 812 praesertim
1411 773 1491 803 nihil
1514 773 1621 805 simile

922 826 1081 854 occurrat
1097 826 1182 854 cett.
1197 821 1232 852 in
1246 821 1354 853 libris.
1378 821 1485 860 Schef.

723 1060 943 1109 LIBER
989 1062 1062 1109 II.

219 1160 306 1192 CAP.
324 1169 349 1192 1.
393 1161 408 1200 §
430 1163 448 1192 1
474 1161 553 1197 Quae
566 1162 645 1193 satis
658 1162 769 1203 umploe
783 1173 872 1203 mag-

174 1210 332 1252 nificaeque
345 1210 494 1252 fuerunt]
518 1212 647 1243 Eadem
661 1213 764 1244 verba
779 1223 873 1244 usur·

176 1265 237 1300 pat
249 1266 285 1292 et
300 1261 381 1292 Sall.
397 1262 473 1293 Cat.
489 1265 521 1294 8.
546 1266 578 1294 2.
600 1263 642 1294 de
658 1262 875 1295 Atheniensi-

177 1309 252 1341 bus.
296 1311 491 1351 Scythicum
508 1315 622 1343 autem
638 1312 733 1343 Darii
751 1313 876 1344 bellum

179 1365 215 1392 et
241 1361 416 1392 Herodoto
455 1362 665 1393 occasionem
697 1362 793 1394 dedit
822 1373 876 1394 res

181 1410 359 1451 Scythicas
386 1410 485 1442 altius
508 1411 689 1452 repetendi
705 1412 802 1443 initio
817 1412 874 1443 lib.

182 1469 231 1491 xv.
256 1461 409 1499 Bongars.
454 1460 545 1492 Add.
567 1461 670 1493 Diod.
685 1470 724 1493 11.
739 1464 791 1492 43.
813 1461 877 1493 Ar-

182 1510 268 1541 rian.
299 1519 348 1540 1v.
376 1510 483 1550 princ.
513 1511 661 1551 Niceph.
691 1511 878 1552 Gregoram

183 1560 240 1592 lib.
253 1569 292 1591 11.
304 1564 380 1600 post
395 1560 503 1600 princ.
528 1561 627 1594 Rern.

228 1611 245 1651 ξ
269 1613 289 1641 2
314 1611 380 1641 Nec
399 1611 536 1642 virorum
560 1611 703 1652 imperio]
726 1612 881 1653 Uterque

187 1661 270 1694 cod.
300 1663 367 1694 Ms.
394 1663 494 1696 voss.
527 1673 645 1695 vocem
675 1669 881 1704 postremam

186 1713 333 1752 ignorat,
349 1717 386 1744 ut
402 1722 464 1744 nec
480 1713 514 1744 in
537 1713 605 1744 suis
625 1713 756 1745 invenit
771 1715 879 1754 Bong.

191 1763 289 1795 Gron.

232 1813 331 1848 Quam
340 1812 544 1853 feminarum]
559 1813 613 1844 Sc.
625 1813 634 1830 ‘
648 1822 690 1844 ne
700 1813 772 1854 quis
783 1823 882 1845 sexus

190 1862 324 1894 alaude
341 1863 515 1903 cessaret,'
531 1867 570 1895 ut
585 1863 633 1895 ait
648 1864 736 1896 Flor.
750 1873 774 1896 1.
789 1867 840 1896 10.
852 1867 883 1897 9.

192 1912 291 1944 Bern.

234 1964 251 2004 ξ
275 1965 294 1994 3
317 1962 519 2002 Amazonum]
551 1964 607 1994 De
636 1963 755 2004 quibus
782 1964 888 1995 multa

191 2014 294 2046 Diod.
310 2023 351 2046 11.
366 2016 418 2046 44.
442 2013 590 2054 Appian.
612 2014 646 2044 in
671 2015 713 2045 B.
730 2013 887 2045 Mithrid.

192 2064 322 2095 Noster
337 2063 398 2094 inf.
416 2073 446 2095 0.
463 2066 494 2095 4.
516 2068 551 2094 et
567 2063 634 2095 alii.
657 2063 736 2094 Alb.
763 2064 890 2095 Krant-

195 2114 265 2145 zius
288 2114 347 2145 lib.
363 2123 387 2145 ι.
403 2114 496 2145 Hist.
518 2114 668 2145 Suecieae
692 2123 768 2154 cap.
784 2118 816 2145 6.
833 2124 890 2145 eas

195 2164 324 2205 origine
359 2164 534 2204 Gothicas,
559 2164 594 2196 h.
631 2174 660 2196 e.
690 2164 892 2205 Germanas,

195 2213 299 2245 fuisse
326 2214 513 2245 contendit.
573 2213 621 2246 At
647 2213 761 2245 Strab.
787 2223 828 2245 11.
860 2224 893 2254 p.

197 2267 271 2297 348.
286 2269 322 2296 et
343 2263 480 2296 Arrian.
506 2263 565 2296 lib.
580 2272 647 2295 vn.
673 2273 708 2304 p.
736 2266 809 2295 156.
830 2263 894 2294 hoc

197 2314 375 2345 mulierum
403 2324 508 2354 genus
539 2323 687 2354 unquam
720 2313 894 2344 exstitisse

198 2369 336 2405 negant.
380 2365 437 2395 De
460 2364 511 2395 his
535 2362 789 2395 accuratissime
816 2363 895 2394 Rei-

200 2424 295 2446 necc.
313 2419 394 2446 tom.
412 2423 438 2446 1.
463 2424 498 2455 p.
519 2417 594 2445 219.
616 2414 751 2445 Bernec.
796 2412 896 2444 Ama-

202 2474 321 2496 zonum
348 2464 484 2506 quinam
513 2469 665 2496 veterum
690 2464 899 2496 mentionem

203 2516 362 2557 fecerint,
381 2526 508 2558 easque
536 2516 708 2547 exstitisse
734 2516 787 2547 vel
812 2515 900 2547 affir-

204 2571 297 2599 ment
309 2568 363 2598 vel
379 2571 516 2608 negent,
531 2567 681 2598 studiose
697 2566 902 2607 observavit,

207 2621 244 2647 et
258 2617 301 2649 ad
317 2617 426 2649 Curtii
438 2626 484 2649 vr.
495 2621 527 2648 5.
540 2619 593 2648 24.
609 2616 738 2655 docuit,
750 2616 901 2649 Freinsh.

213 2666 288 2700 Vor-

249 2717 267 2757 ᾗ
296 2720 314 2748 5
349 2715 535 2758 Scytharum
568 2726 646 2756 gens
675 2716 904 2757 antiquissima]

209 2766 338 2799 Herod.
362 2772 476 2798 tamen
503 2777 552 2799 ιν.
576 2772 606 2799 5.
640 2767 733 2808 ipsos
760 2768 905 2808 Scythas

211 2817 258 2847 ait
273 2816 399 2856 dicere,
414 2816 562 2848 νεώτατον
583 2816 724 2849 ἁπάντων
737 2819 799 2848 τῶν
814 2818 906 2848 ἐθνῶν

211 2865 284 2898 εἶναι
309 2866 345 2899 τὸ
371 2865 531 2908 σφέτερον.
574 2868 620 2899 Et
637 2868 678 2899 de
694 2868 804 2908 gentis
821 2867 906 2899 anti-

926 1163 1057 1205 quitate
1079 1164 1257 1205 AEgyptios
1283 1175 1350 1197 non
1377 1175 1454 1197 cum
1475 1165 1626 1208 Scythis,

928 1214 988 1245 sed
1014 1224 1091 1246 cum
1119 1215 1325 1256 Phrygibus,
1348 1221 1497 1248 certasse
1522 1216 1631 1248 refert

930 1274 972 1296 11.
997 1268 1028 1297 2.
1044 1266 1134 1306 qnod
1162 1266 1341 1299 confirmat
1366 1268 1401 1298 in
1425 1267 1629 1309 Eutropium

931 1314 1110 1347 Claudian.
1134 1325 1177 1347 11.
1208 1319 1282 1349 261.
1340 1317 1409 1348 Sed
1436 1317 1630 1348 Marcellin.

931 1373 1024 1395 xxn.
1038 1367 1090 1397 34.
1104 1367 1115 1382 ‘
1128 1366 1322 1406 AEgyptiam
1338 1366 1495 1407 gentem,'
1510 1366 1634 1407 inquit,

933 1415 942 1432 ‘
968 1414 1116 1446 omnium
1146 1417 1430 1457 vetustissimam,
1455 1417 1518 1447 nisi
1544 1417 1633 1457 quod

932 1473 1035 1504 super
1048 1464 1250 1505 antiquitate
1262 1470 1374 1496 certat
1388 1475 1463 1496 cum
1476 1464 1638 1506 Scythis.’

932 1514 1090 1552 Bongars.
1133 1514 1285 1546 SImiIem
1310 1517 1562 1547 contentionem
1587 1516 1638 1546 in-

934 1567 989 1595 ter
1011 1563 1240 1595 Athenienses
1255 1569 1292 1596 et
1309 1565 1455 1606 Argivos
1472 1569 1639 1597 memorat

934 1614 1040 1645 Isocr.
1059 1615 1246 1646 Panathen.
1269 1615 1370 1646 Bern.

980 1665 1187 1705 Quamquam,
1208 1664 1276 1704 Sym]
1311 1665 1469 1696 Damasc.
1498 1664 1531 1695 in
1565 1664 1639 1696 vit.

935 1713 1060 1745 Isidori
1082 1723 1136 1754 ap.
1162 1714 1266 1745 Phot.
1291 1714 1382 1746 Bibl.
1401 1715 1487 1745 Cod.
1507 1723 1640 1746 ccxu1.

935 1774 970 1805 p.
986 1768 1080 1796 1027.
1103 1763 1264 1803 Αἰγύπτιοι
1283 1765 1384 1796 τοίνυν
1401 1765 1447 1796 ὅτι
1462 1764 1517 1804 μὲν
1530 1765 1642 1796 παλαί-

935 1826 1024 1845 τατοι
1037 1814 1199 1855 ἀνθρώπων
1215 1814 1304 1855 εἰσὶν,
1330 1815 1369 1847 ὥς
1393 1816 1470 1857 ἀκοῇ
1493 1816 1642 1854 ’γινώσκο-

936 1877 1002 1905 μεν,
1021 1864 1130 1904 ὀλίγου
1151 1878 1181 1896 τι
1205 1864 1328 1896 πάντων
1353 1865 1448 1896 οὐδεὶς
1463 1865 1541 1896 οὕτω
1556 1865 1642 1896 ἐστὶν

939 1914 1099 1955 ὀψιμαθὴς,
1113 1915 1152 1946 ὡς
1176 1914 1247 1954 οὐχὶ
1262 1917 1389 1946 πολλῶν
1403 1915 1514 1953 ἀκήκοε
1528 1916 1641 1954 λε’γόν-

941 1977 1004 1997 των
1017 1977 1054 1996 τε
1068 1963 1118 1996 καὶ
1131 1963 1322 2005 γραφόντων.

987 2014 1168 2054 Contentio]
1192 2016 1303 2047 Quam
1327 2014 1479 2055 pluribus
1503 2014 1646 2055 exponit

945 2066 1036 2098 Otho
1054 2066 1187 2096 Heurn.
1207 2065 1242 2096 in
1257 2064 1377 2096 Indico
1393 2075 1422 2096 c.
1435 2067 1487 2096 13.
1512 2065 1611 2096 Rern.

993 2117 1153 2148 Vetustate
1175 2115 1294 2154 fuerit]
1330 2114 1431 2155 Angl.
1459 2114 1538 2152 fuit.
1573 2114 1646 2146 Cic.

947 2168 1047 2199 Orat.
1059 2177 1120 2208 pro
1132 2167 1296 2198 Marcello
1309 2177 1317 2197 :
1341 2166 1350 2182 ‘
1365 2166 1567 2207 Quanquam
1582 2166 1647 2197 iste

947 2222 1023 2249 tuus
1051 2217 1176 2248 amicus
1202 2226 1373 2258 nunquam
1400 2216 1450 2247 his
1485 2217 1648 2257 angustiis

948 2271 1130 2299 contentus
1142 2266 1232 2298 fuit.'
1254 2267 1333 2298 vid.
1344 2267 1479 2298 Vallam
1492 2276 1534 2298 ιι.
1551 2267 1648 2307 Eleg-

947 2320 1000 2349 21.
1021 2316 1127 2353 Schef.

991 2361 1008 2401 ᾧ
1031 2363 1052 2391 6
1086 2360 1160 2390 Non
1185 2360 1273 2390 modo
1295 2359 1407 2399 primoe
1426 2368 1576 2399 generare
1598 2359 1651 2389 lw-

949 2411 1062 2451 mines]
1086 2411 1168 2450 Pro,
1187 2418 1255 2440 non
1279 2409 1379 2441 modo
1404 2419 1481 2441 non.
1515 2410 1587 2440 Cic.
1609 2419 1651 2441 11.

954 2461 1026 2493 Off.
1055 2464 1105 2493 13.
1137 2461 1146 2478 ‘
1172 2462 1251 2493 Non
1276 2461 1376 2492 modo
1402 2461 1451 2492 illi
1477 2461 1650 2492 invidetur

955 2512 1068 2551 aetati,
1095 2521 1213 2542 verum
1241 2511 1343 2542 etiam
1373 2510 1508 2542 favetur
1521 2510 1543 2542 :'
1582 2510 1651 2541 vid.

954 2562 1085 2593 Mureti
1100 2562 1179 2592 Var.
1195 2561 1291 2592 Lect.
1315 2569 1351 2591 x.
1372 2563 1404 2591 7.
1448 2560 1504 2591 Sic
1520 2559 1582 2592 inf.
1598 2569 1652 2591 lx.

956 2616 988 2645 2.
1014 2615 1047 2643 6.
1092 2611 1166 2642 Cic.
1190 2620 1250 2650 pro
1278 2610 1412 2642 Cluent.
1441 2612 1494 2642 34.
1521 2613 1552 2641 8.
1578 2610 1652 2642 Liv.

957 2671 1062 2694 xxm.
1086 2664 1139 2693 19.
1165 2663 1217 2693 11.
1241 2661 1371 2691 Bernec.
1415 2660 1471 2691 Ita
1495 2670 1548 2692 ιιι.
1570 2664 1602 2692 2.
1623 2664 1655 2693 6.

958 2718 967 2731 ‘
984 2714 1038 2745 Ne
1054 2716 1200 2743 sumtum
1220 2710 1356 2751 quidem
1372 2709 1449 2750 viae,
1473 2719 1538 2741 non
1555 2711 1655 2743 modo

959 2762 1059 2795 officii
1074 2761 1196 2802 pretia,
1208 2760 1340 2791 dederit
1350 2759 1370 2798 3’
1394 2769 1468 2800 pro,
1479 2770 1545 2791 non
1557 2762 1656 2792 modo

957 2823 1026 2845 non
1043 2811 1145 2844 officii
1170 2810 1294 2851 pretia,
1321 2810 1467 2842 dederit.
1510 2811 1577 2842 Sed
1594 2812 1657 2843 hoc

957 2865 1116 2904 interest,
1130 2860 1222 2903 quod
1238 2862 1248 2878 ‘
1266 2869 1331 2892 nou
1347 2860 1446 2892 modo
1457 2860 1467 2874 ’
1480 2861 1534 2893 hic
1550 2863 1660 2904 sequi-
