2101 3419
461 346 656 379 JUS'rlNl
694 347 784 378 [ΑΒ.
818 346 1008 377 xxxin.
1039 346 1143 376 clxv.
1172 335 1213 376 2.

142 447 252 474 tamen
271 440 407 482 respicit
421 439 561 471 verbum
576 439 762 470 acciverunt.
788 440 834 471 Et

139 494 214 525 Liv.
235 501 322 524 xml.
345 494 398 523 29.
435 494 566 522 tantum
603 489 652 520 sic
688 489 731 519 de
768 498 831 520 eo:

139 545 148 562 ‘
166 543 344 575 Masinissa
358 546 393 572 et
416 539 582 571 frumento
600 538 744 579 juvabat
767 539 833 569 Ro-

138 603 269 632 manos,
285 596 320 624 et
336 590 460 622 auxilia
475 599 549 621 cum
562 587 750 629 elephantis
767 588 832 618 Mi-

140 651 353 684 sagenenque
368 641 470 671 filium
490 638 627 669 mittere
651 637 693 668 ad
709 638 832 669 bellum

138 692 304 734 parabat!
347 691 478 724 Quibus
495 689 603 720 verbis
624 689 730 729 liquet
745 688 832 719 ultro

138 744 201 775 hoc
225 742 351 774 factum
378 751 398 771 a
426 739 619 778 Masinissa,
648 748 715 770 non
742 738 832 780 quod

138 794 332 834 exegissent
347 790 500 822 Romani.
524 790 672 822 Quorum
689 798 730 819 ne
743 797 833 828 inag-

137 843 256 876 nitudo
273 843 406 885 quidem
431 841 532 873 animi
547 841 610 872 hoc
633 839 733 871 facile
756 849 832 880 per-

139 894 297 926 misisset.
320 891 425 930 Schef.

183 943 314 974 Eumeni
328 943 397 983 regi
411 941 591 983 Bithynice]
623 941 733 973 Scrib.
750 941 789 973 E.
804 950 831 972 r.

137 995 299 1034 Pergami.
322 994 472 1026 Gronov.
518 994 594 1024 Non
612 999 766 1034 apparet,
778 992 835 1034 qui

138 1046 306 1078 Eumenes
322 1053 381 1075 rex
393 1044 565 1085 Bithyuiae
582 1053 656 1075 esse
673 1043 835 1084 potuerit,

139 1105 215 1127 cum
243 1095 393 1134 Prusias,
422 1095 492 1134 ejus
514 1094 693 1136 aliquando
716 1093 835 1133 hostis,

140 1155 202 1176 rex
218 1144 388 1185 Bithyniae
404 1154 413 1183 ;
436 1144 509 1184 ipse
526 1154 606 1176 vero
631 1154 691 1175 rex
709 1145 836 1185 Perga-

138 1205 258 1226 menus
280 1194 393 1226 fuerit.
432 1195 534 1226 Vorst.
580 1194 658 1226 Hoc
674 1194 836 1235 Bithyniae

141 1250 337 1286 suspectum
363 1245 465 1277 habet
478 1244 648 1284 Vorstius‚
672 1255 747 1276 cum
772 1245 837 1276 Eu-

138 1306 252 1328 menes
268 1305 328 1326 rex
346 1294 412 1327 fuit
432 1296 673 1336 Pergamenus,
687 1305 729 1326 ex
752 1295 837 1327 Gro-

139 1355 217 1377 nov.
255 1344 359 1385 Schef.
412 1345 643 1377 Praestantiss.
676 1344 837 1376 Perizou.

140 1396 320 1428 Animadv.
345 1395 439 1427 Hist.
465 1398 516 1426 11.
539 1395 640 1427 docet
663 1395 836 1428 Justinum

140 1447 196 1478 hic
221 1456 366 1486 errasse,
389 1455 455 1476 non
472 1445 640 1484 librarios,
663 1449 701 1477 ut
718 1454 838 1477 xxvn.

142 1498 176 1527 3.
199 1495 276 1526 dum
292 1495 380 1526 hunc
396 1495 580 1525 Eumenem
596 1495 763 1536 Bithyniae
786 1504 837 1525 re-

141 1555 217 1587 gem
231 1546 394 1586 appellat,
408 1544 465 1586 qui
477 1544 580 1575 fuerit,
592 1545 751 1586 Pergami
766 1554 838 1585 rex,

141 1595 250 1627 Attali
285 1595 386 1635 filius,
425 1595 533 1626 socius
571 1599 673 1636 atque
711 1595 836 1626 amicus

142 1646 366 1677 Romanorum
400 1644 601 1685 praecipuus.
658 1645 735 1678 Vid.
761 1645 835 1676 Liv.

142 1704 290 1726 xxxvn.
307 1698 359 1726 39.
374 1697 428 1726 41.
441 1698 494 1726 43.
526 1695 634 1726 Groev.

184 1744 427 1785 Denuntiatum]
463 1745 582 1777 Malim
607 1745 837 1778 denuntiarunt.

141 1795 249 1835 Bong.

185 1846 203 1887 ς
219 1849 237 1877 3
253 1845 420 1886 Decenm‘s]
460 1845 516 1878 Ita
530 1845 662 1887 legend.
679 1855 722 1878 ex
736 1846 837 1878 vesti-

141 1897 205 1937 giis
217 1897 364 1938 antiquae
377 1896 550 1936 lectionis;
577 1906 617 1928 ea
628 1902 681 1928 est
693 1897 837 1929 decentis.

142 1948 308 1988 Bongars.
339 1947 465 1978 Firmat
479 1947 563 1978 hanc
575 1947 753 1988 Bongarsii
765 1957 837 1979 cor-

142 1997 328 2027 rectionem
344 1996 441 2028 Junt.
467 1996 575 2027 Groev.

184 2047 202 2087 ᾗ
216 2048 236 2077 4
254 2046 437 2086 Infavorem
451 2045 513 2086 sui]
530 2046 603 2078 Liv.
619 2055 725 2078 xxlx.
740 2048 792 2079 30.
804 2050 835 2079 6.

140 2096 150 2114 ‘
167 2096 271 2128 Fama
294 2096 434 2127 modicae
456 2096 516 2137 rei,
540 2097 573 2127 in
597 2097 762 2138 principio
785 2107 836 2129 re-

141 2156 215 2178 rum
232 2155 395 2188 prospere
417 2150 518 2187 actae,
534 2148 703 2179 convertit
719 2148 760 2179 ad
778 2158 837 2180 nos

142 2197 312 2228 hominum
342 2195 478 2228 studia!
539 2197 618 2228 Tac.
643 2197 689 2229 H.
714 2207 754 2229 11.
781 2201 836 2231 20.

143 2248 152 2264 ‘
172 2247 218 2278 Ut
229 2247 326 2278 initia
335 2246 415 2277 belli
426 2247 659 2287 provenerint,
670 2247 760 2278 fama
771 2249 837 2280 erit

141 2296 177 2326 in
191 2295 329 2327 cetera!
366 2296 470 2327 Fama
483 2296 599 2337 fallax,
613 2298 693 2339 quia
715 2298 725 2315 ‘
741 2299 836 2330 Mars

143 2345 328 2376 communis
358 2354 449 2386 saepe
477 2347 677 2387 spoliantem
701 2348 774 2389 jam
801 2352 838 2379 et

142 2395 506 2436 exsultantemJevertit
516 2400 551 2428 et
566 2398 711 2437 perculit
724 2398 766 2429 ab
778 2398 837 2430 ab·

137 2445 232 2486 jecto
247 2444 267 2476 :'
292 2444 363 2476 Cic.
380 2454 441 2485 pro
457 2445 532 2477 Mil.
549 2449 602 2477 21.
626 2447 758 2478 Bernec.

186 2495 203 2534 ξ
221 2497 239 2524 5
266 2494 377 2525 Consul
388 2494 557 2535 Sulpitius]
594 2496 671 2526 Non
687 2502 739 2527 est
756 2497 836 2528 mihi

145 2543 295 2583 dubium,
310 2543 387 2584 qum
403 2544 434 2576 h.
449 2545 472 2576 l.
497 2545 630 2586 legend.
644 2546 682 2578 L.
697 2547 837 2579 Licinius

143 2603 206 2635 pro
227 2593 392 2634 Sulpitius.
434 2596 603 2636 Deceptio
624 2598 773 2628 evenisse
790 2599 836 2628 vi·

145 2643 258 2683 detur,
281 2644 368 2684 quod
393 2644 489 2675 initio
516 2645 596 2676 belli
621 2646 837 2678 Macedonici

145 2703 221 2724 cum
237 2693 394 2734 Philippo
411 2696 526 2726 consul
542 2696 705 2736 Sulpitius
720 2696 836 2729 fuerit.

145 2742 272 2773 Verum
292 2743 325 2773 id
342 2743 465 2775 bellum
484 2745 558 2784 plus
573 2748 624 2776 25.
641 2747 736 2777 annis
752 2756 838 2787 prae-

147 2792 263 2823 cessit.
306 2793 378 2824 Nee
392 2793 433 2824 de
444 2794 589 2835 Sulpitio
605 2795 706 2827 Gallo
721 2796 837 2827 Astro-

147 2844 223 2883 logo
244 2844 388 2885 intelligi
403 2850 529 2886 potest,
544 2848 601 2887 qui
626 2853 703 2888 post
725 2848 838 2879 devic-

151 2898 221 2924 tum
246 2893 372 2925 Persea
398 2896 512 2926 consul
543 2895 652 2928 factus
681 2902 744 2929 est.
790 2898 839 2929 Ut

1494 332 1570 376 971

883 438 965 469 nihil
981 438 1088 470 dicam
1106 438 1148 470 de
1170 447 1310 469 numero
1326 447 1440 479 regum
1463 437 1505 469 ad
1520 437 1579 470 fin.

883 489 952 529 huj.
981 489 1041 520 lib.
1065 489 1121 530 qui
1149 493 1300 529 sumptus
1325 493 1377 520 est
1402 498 1443 519 ex
1461 498 1495 519 v.
1518 488 1580 520 lib.

884 539 956 570 Liv.
984 538 1060 570 dee.
1076 548 1109 570 v.
1156 539 1196 569 In
1221 542 1362 578 utroque
1389 538 1484 569 nimis
1509 538 1579 568 exi-

883 598 980 628 guus,
1007 588 1035 618 si
1063 588 1209 620 Eusebio
1237 588 1424 619 credimus:
1450 588 1483 618 in
1505 587 1580 619 Liv.

883 641 937 669 20.
972 637 1024 669 hic
1062 640 1114 669 30.
1151 647 1205 678 ap.
1241 639 1365 669 Euseb.
1402 641 1455 669 38.
1503 638 1580 668 Gla·

882 697 968 718 rean.
1025 687 1095 718 Cos.
1118 687 1284 728 Sulpitius]
1325 687 1408 728 Huj.
1431 687 1578 719 consulis

883 746 981 768 nemo
1004 741 1132 777 praeter
1151 738 1182 768 h.
1205 737 1390 768 Auctorem
1413 736 1579 768 meminit.

884 786 955 818 Aut
981 787 1086 827 igitur
1114 786 1239 818 foedum
1270 787 1428 817 mendum
1455 791 1509 817 est
1544 786 1579 816 iu

882 837 996 868 libris:
1027 841 1085 868 aut
1106 837 1196 870 Just.
1213 837 1359 877 turpiter
1384 838 1496 878 lapsus
1512 842 1578 868 est.

885 889 947 919 Est
963 887 1048 918 enim
1065 888 1120 919 hic
1139 888 1177 920 P.
1187 887 1405 930 Licinius‚qui
1423 887 1500 920 Cos.
1516 887 1581 920 fuit

884 948 960 970 cum
986 938 1158 970 escassio
1181 938 1346 979 Longino,
1388 939 1463 970 Liv.
1489 947 1579 970 XLu.

885 992 937 1021 28.
949 992 980 1020 3.
998 994 1032 1020 et
1047 990 1140 1020 Plut.
1155 988 1293 1031 Apoph.
1308 992 1360 1021 13.
1380 990 1469 1030 quod
1485 994 1580 1021 nota-

885 1039 935 1070 vit
970 1039 1181 1078 Glareanus;
1225 1040 1339 1071 nescio
1368 1043 1482 1071 tamen
1512 1049 1579 1081 quo

886 1093 1025 1120 auctore
1066 1097 1142 1120 eum
1179 1089 1217 1121 L.
1254 1089 1421 1121 Licinium
1468 1093 1580 1121 vocet.

885 1140 1042 1179 Rongars.
1069 1140 1178 1181 Bong.
1190 1140 1292 1172 etiam
1306 1141 1340 1172 iu
1355 1141 1397 1174 V.
1411 1141 1450 1173 L.
1465 1144 1581 1172 monet

886 1190 1016 1231 Sulpitiz'
1028 1200 1146 1222 nomen
1163 1191 1227 1223 huc
1242 1201 1284 1222 ex
1306 1201 1367 1223 ora
1380 1192 1457 1223 libri
1472 1191 1580 1232 irrep-

885 1242 982 1282 sisse,
1007 1242 1096 1284 quod
1126 1242 1302 1274 Studiosus
1330 1246 1509 1274 notaverat
1535 1243 1579 1274 ad

886 1292 945 1323 illa
975 1302 1048 1333 quae
1081 1292 1194 1324 statim
1222 1298 1421 1334 sequuntur,
1457 1294 1466 1311 ‘
1485 1294 1580 1324 Luna

886 1347 988 1374 nocte
1022 1341 1170 1374 defecit.'
1233 1343 1361 1374 Bernec.
1430 1343 1580 1374 Notator

887 1392 1017 1434 Anglus
1038 1396 1136 1433 putat
1159 1393 1317 1433 Sulpicius
1331 1392 1466 1424 delend.
1482 1397 1521 1424 ut
1536 1402 1579 1423 ex

887 1452 992 1483 marg.
1008 1446 1248 1474 transsumtum
1271 1443 1304 1474 in
1328 1448 1470 1475 textum.
1514 1443 1579 1475 At-

888 1504 953 1535 que
984 1493 1031 1524 sic
1047 1493 1118 1534 jam
1142 1493 1272 1534 pridem
1290 1494 1488 1535 judicarunt
1510 1494 1580 1527 alii.

886 1544 966 1576 Vid.
983 1544 1067 1575 Not.
1090 1544 1133 1574 cl.
1149 1544 1290 1575 Bernec.
1334 1544 1419 1575 Mihi
1443 1545 1579 1576 subesse

885 1595 963 1625 huic
989 1594 1150 1625 vocabulo
1175 1593 1310 1626 videtur
1331 1594 1466 1636 aliquod
1489 1595 1579 1636 quod

886 1644 1091 1685 respondere
1107 1643 1230 1675 debeat
1252 1645 1410 1686 sequenti
1434 1646 1443 1662 ‘
1466 1644 1579 1676 victo.'

887 1695 940 1725 An
956 1694 1098 1736 supplici,
1110 1695 1185 1736 quia
1199 1694 1366 1735 praecedit
1387 1694 1396 1711 ‘
1408 1695 1512 1735 misit,
1523 1694 1579 1736 qui

886 1754 1006 1787 pacem
1032 1749 1191 1786 peterent
1203 1744 1226 1776 ?’
1258 1745 1348 1776 Num
1370 1746 1480 1786 potius
1494 1755 1581 1785 supe-

886 1795 987 1834 riori;
1019 1795 1096 1837 quia
1131 1795 1298 1836 praecedit
1335 1796 1470 1827 ‘victor
1495 1796 1578 1827 Per-

887 1856 963 1878 seus
974 1846 998 1877 ?'
1026 1845 1130 1884 Schqf.
1172 1847 1311 1877 Errasse
1327 1847 1380 1877 hic
1395 1846 1579 1885 Justinum,

886 1907 963 1929 eum
989 1907 1055 1928 non
1081 1897 1261 1938 Sulpicius,
1287 1897 1348 1928 sed
1372 1897 1413 1928 P.
1431 1897 1580 1928 Licinius

886 1948 1025 1979 Crassus
1055 1947 1174 1978 missus
1203 1946 1270 1978 fuit
1300 1947 1342 1978 ad
1367 1948 1431 1978 hoc
1454 1946 1579 1978 bellum

885 2002 1003 2029 contra
1018 1998 1161 2037 Persen,
1187 1997 1264 2028 olim
1290 1997 1421 2028 notavit
1438 1996 1579 2028 Glarea—

885 2057 959 2087 nus,
974 2051 1009 2078 et
1034 2047 1187 2087 pluribus
1214 2046 1360 2078 adstruit
1382 2047 1579 2078 Perizonius

884 2096 1064 2128 Animadv.
1081 2097 1175 2128 Hist.
1192 2106 1232 2129 11.
1249 2101 1391 2128 testatus
1407 2097 1474 2129 duo
1491 2097 1581 2128 bella

884 2146 1122 2186 Macedonica,
1147 2147 1372 2188 philippicum
1403 2152 1438 2178 et
1467 2147 1581 2178 Persi-

885 2208 973 2238 cum,
989 2197 1183 2229 confudisse
1194 2198 1380 2237 Justinum‚
1395 2199 1580 2229 consulem-

887 2258 952 2290 que
969 2249 1009 2279 P.
1026 2247 1208 2288 Sulpicium
1233 2247 1390 2288 Galbam,
1405 2248 1461 2289 qui
1486 2249 1579 2289 prius

885 2297 1067 2336 inchoavit,
1082 2297 1222 2328 fallente
1237 2297 1397 2328 memoria
1418 2298 1451 2328 in
1468 2303 1580 2339 poste-

885 2348 953 2378 rius
978 2347 1180 2385 contulisse;
1203 2347 1392 2387 praesertim
1418 2358 1494 2379 cum
1526 2358 1579 2388 ap.

884 2398 996 2439 ipsum
1021 2397 1186 2436 Trogum,
1216 2396 1260 2427 ab
1284 2397 1351 2428 isto
1379 2399 1515 2429 consule
1544 2402 1580 2428 et

885 2448 1088 2488 imperatore
1124 2447 1280 2486 superius
1318 2446 1578 2478 Macedonicum

885 2498 1010 2529 bellum
1040 2499 1198 2536 coeptum,
1229 2495 1289 2527 lib.
1314 2504 1430 2528 xxxv.
1465 2502 1504 2528 ut
1537 2507 1580 2527 ex

885 2547 1022 2587 Prolog.
1056 2549 1204 2585 constat,
1233 2545 1389 2586 legisset:
1431 2546 1499 2577 vid.
1532 2546 1579 2577 ibi

884 2596 993 2636 plura.
1026 2595 1132 2625 Groev.

928 2646 946 2685 ᾧ
969 2647 988 2675 7
1012 2644 1162 2675 Proelium
1176 2644 1398 2684 consereretur]
1422 2644 1580 2686 Antiqui-

887 2705 962 2726 ores
979 2694 1068 2735 typis
1080 2703 1177 2734 expr.
1192 2703 1274 2724 cons,
1286 2693 1414 2724 bellum.-
1437 2695 1470 2725 id
1489 2695 1578 2735 quod

888 2756 907 2776 a
921 2745 1009 2785 stylo
1031 2743 1159 2775 Justini
1184 2753 1248 2774 nec
1278 2743 1448 2784 abhorret,
1468 2745 1578 2786 utqui

886 2794 1028 2825 subinde
1055 2793 1214 2824 ‘bellum’
1242 2802 1304 2833 pro
1328 2794 1448 2833 proelio
1469 2796 1577 2834 ponit.

892 2845 993 2875 Vorst.
1037 2843 1162 2875 Bellum
1176 2843 1296 2874 merito
1312 2841 1451 2883 praefert
1462 2844 1577 2876 Vorst.

888 2894 993 2933 Schef.
