2174 3424
656 341 851 372 JUSTlNl
887 340 980 371 Llu.

267 447 352 478 ἔατε.
395 435 485 469 Add.
511 435 557 467 ib.
589 444 614 467 1.
639 437 693 466 34.
719 437 753 467 4.
778 435 962 465 Berneccer.

272 489 348 519 Non
378 490 492 528 potest
517 485 606 517 dici:
634 485 730 516 Alius
756 484 962 516 ostendebat

266 539 275 555 ‘
290 547 432 578 corpora.
453 535 532 567 sua'
555 539 659 567 aetate
685 540 883 573 consumta;
906 544 963 565 ne-

266 597 321 618 mo
350 587 439 618 enim
467 587 541 626 plus
571 595 637 617 uno
667 595 810 626 corpore
833 584 960 621 habet3

268 645 349 676 ergo
374 635 508 676 legend.
536 635 680 674 membra,
722 644 790 666 non
823 643 961 674 corpora.

267 687 363 726 Mox,
385 685 579 717 cicatricibus
593 685 743 716 exhausta
753 695 766 722 ;
788 683 902 715 nescio
919 693 963 714 an

267 736 337 767 dici
366 736 470 776 possit
499 735 619 776 aliquis
648 733 870 766 cicatricibus
904 743 961 764 ex-

267 786 416 817 haustus,
461 786 553 817 Puto
568 784 704 825 legend.
726 784 873 815 distincta
884 783 963 814 cica-

266 836 408 877 tricibus,
443 835 532 877 quod
562 840 615 866 est
644 833 745 865 valde
781 834 961 872 Latinum3

265 886 484 917 ‘distinctus’
515 885 604 916 enim
630 889 693 925 est,
718 885 964 924 interpunctas,

267 940 306 967 ut
322 935 444 967 alicubi
460 935 600 966 inlibris
628 934 784 966 oratoriis
813 934 962 975 loquitur

267 986 412 1018 Tullius.
438 985 550 1017 Faber.
600 984 738 1016 ‘Alius’
761 984 816 1015 hic
841 983 965 1015 intelli-

266 1037 369 1078 gend.
393 1035 535 1077 perinde
564 1045 603 1067 ac
629 1035 655 1066 si
679 1034 776 1066 ‘alii'
801 1034 964 1075 scriptum

268 1091 373 1127 esset,
397 1091 437 1118 ut
459 1085 600 1117 ‘miles'
623 1095 685 1126 pro
716 1084 892 1124 militibus,
928 1088 965 1115 et

267 1138 357 1169 mille
371 1138 464 1169 talia.
508 1136 579 1168 Alii
605 1136 711 1177 igitur
735 1134 966 1166 ostendebant

268 1197 387 1227 canos,
402 1187 460 1218 alii
484 1188 638 1226 vulnera,
663 1185 720 1216 alii
747 1185 880 1225 senilia,
909 1185 965 1216 alii

269 1238 473 1278 vulneribus,
499 1246 640 1279 quorum
665 1236 763 1276 signa
785 1235 965 1267 cicatrices

270 1292 380 1329 erant,
394 1288 559 1320 exhausta
573 1296 730 1327 corpora.
776 1285 833 1316 Sic
848 1285 904 1316 hic
918 1285 965 1315 lo-

270 1348 329 1370 cus
343 1338 577 1380 explicandus,
588 1345 631 1367 ne
643 1336 686 1367 ab
698 1335 846 1367 omnium
860 1334 966 1375 scrip-

271 1394 381 1420 torum
398 1388 635 1429 editorumque
646 1387 806 1418 librorum
819 1385 967 1417 lectione

270 1439 479 1470 recedamus.
536 1438 660 1469 Posset
689 1436 792 1467 etiam
819 1435 967 1466 auctori-

271 1491 343 1518 tate
368 1487 493 1518 firmari
522 1486 663 1518 aliorum
691 1485 909 1526 scriptorum,
938 1483 967 1515 si

272 1546 326 1568 res
342 1536 507 1577 exigeret.
532 1536 640 1566 Graev.

346 1588 363 1627 ς
380 1589 421 1617 14
445 1586 582 1622 Quorum
595 1595 657 1616 non
674 1587 738 1615 tam
759 1582 873 1614 studiis
893 1582 968 1624 defi-

271 1636 386 1676 cintur,
398 1645 488 1677 quam
499 1634 602 1675 annis]
628 1635 710 1666 Mss.
725 1633 830 1664 nostri
846 1632 968 1664 omisso

268 1688 317 1726 ,τῷ
343 1689 431 1723 tam‚·
453 1696 580 1726 qnorum
594 1695 655 1716 non
669 1685 780 1715 studiis
795 1684 968 1726 deficiatur,

273 1746 364 1778 quum
389 1738 499 1772 annis,·
520 1735 633 1776 phrasi
663 1744 729 1765 non
758 1734 867 1765 solum
894 1734 968 1765 aliis

273 1787 508 1827 scriptoribus,
523 1791 563 1816 ut
579 1786 730 1825 optimus
745 1784 888 1825 quisque
905 1788 969 1823 est,

273 1837 409 1876 solenti,
425 1836 486 1867 sed
501 1836 606 1867 etiam
618 1835 717 1868 JCtis
734 1834 859 1865 nostris
875 1833 970 1865 fami-

273 1886 412 1926 liari‚ut
435 1886 536 1917 docui
563 1890 600 1917 et
623 1885 789 1925 exemplis
813 1883 970 1915 adductis

273 1934 470 1967 confirmavi
505 1935 541 1966 in
589 1934 819 1975 Novantiquis
865 1935 969 1966 meis:

272 1990 400 2026 praeter
416 1995 499 2027 quas
515 1985 674 2016 videatur
690 1989 727 2015 et
748 1985 858 2024 Bong.
874 1984 916 2015 ad
934 1983 968 2016 h.

274 2036 298 2066 1.
324 2035 359 2066 in
382 2035 495 2067 Variis
519 2036 633 2066 Lectt.
656 2035 746 2066 Mod.
792 2034 970 2066 Hactenus

275 2085 362 2117 editi
379 2095 438 2117 non
450 2088 515 2116 tam
526 2086 650 2125 studiis,
666 2085 724 2116 sed
753 2089 788 2116 et
814 2084 971 2116 Modiani

278 2137 364 2169 Mss.
394 2141 431 2169 et
459 2137 682 2177 Bongarsiani
711 2140 839 2177 praeter
868 2146 970 2167 unum

277 2197 393 2219 omnes
407 2191 472 2219 tam
487 2188 663 2227 omittunt,
694 2187 808 2228 phrasi
837 2187 973 2228 optimis

276 2238 462 2279 quibusque
475 2237 694 2278 scriptoribus
705 2236 874 2269 familiari,
887 2237 918 2268 T
920 2247 972 2268 ac.

277 2297 303 2320 1.
319 2291 370 2320 58.
384 2291 415 2320 3.
437 2289 447 2306 ‘
459 2289 586 2320 Pacem
600 2298 700 2330 quam
715 2288 840 2319 bellum
852 2288 973 2329 proba-

278 2337 382 2370 bam!
425 2338 522 2370 Curt.
537 2347 602 2370 vn.
614 2341 648 2369 7.
663 2341 717 2370 89.
739 2338 748 2356 ‘
763 2338 839 2370 Nec
854 2348 907 2369 me
921 2348 974 2369 ars

278 2397 365 2429 mea,
389 2398 486 2429 quarn
512 2388 749 2420 benevolentia
772 2388 974 2429 perturbat!

278 2437 356 2469 Val.
369 2438 420 2469 M.
434 2447 458 2469 1.
473 2441 506 2470 1.
519 2438 529 2455 ‘
540 2438 726 2469 Masanissa
741 2438 864 2478 animo,
876 2448 975 2479 quam

280 2487 414 2519 Punico
443 2488 606 2529 sanguine
633 2488 863 2520 conveniens!
898 2489 974 2520 Liv.

283 2546 373 2570 xml.
389 2541 421 2570 3.
443 2539 453 2556 ‘
466 2539 544 2570 Non
560 2538 683 2580 plebis,
699 2549 798 2580 quam
814 2538 975 2580 patrum!

281 2588 408 2620 Noster
422 2589 545 2621 iterum
572 2598 695 2621 xxvn.
709 2592 740 2621 3.
756 2593 809 2621 ll.
825 2594 861 2620 et
876 2599 925 2621 vl.
944 2592 975 2621 1.

280 2641 312 2671 4.
327 2639 382 2670 ubi
395 2639 464 2671 vid.
482 2640 566 2671 Not.
590 2640 722 2672 Bernec.
766 2640 819 2670 De
841 2640 909 2670 ista
925 2639 976 2670 di-

285 2690 385 2720 cendi
399 2690 540 2727 ratione,
552 2691 562 2708 ‘
573 2689 675 2721 defici
691 2689 803 2720 studio
815 2693 851 2721 et
863 2699 976 2721 amore

287 2741 450 2782 alicujus,’
473 2742 545 2773 dixi
560 2742 688 2784 aliquid
714 2742 757 2773 ad
780 2741 975 2774 Phaedrum.

283 2791 350 2824 Qui
377 2797 490 2825 autem
518 2793 733 2824 exstimarint
754 2793 875 2824 deesse
901 2796 979 2833 tam,

285 2847 410 2883 errant,
421 2853 495 2875 nam
511 2845 559 2876 ita
573 2845 628 2875 alii
640 2845 832 2885 scriptores.
863 2845 977 2877 Graeci

286 2894 462 2935 quoquein
489 2903 547 2926 suo
571 2904 723 2927 sermone
744 2895 794 2928 ita
812 2896 905 2937 loqui
926 2905 974 2926 so-

1013 342 1104 372 xu.
1136 341 1241 372 cAr.
1272 331 1311 373 8.
1622 330 1704 373 821

1012 434 1096 465 lent.
1121 434 1199 466 fab.

1057 485 1194 520 Quorum
1206 494 1265 515 mm
1279 483 1404 524 studiis]
1427 485 1508 524 Pro,
1528 494 1556 524 q.
1570 493 1630 515 ‘non
1643 488 1709 515 tam

1011 536 1051 564 st.
1094 534 1256 565 Voculam
1284 537 1349 565 tam
1377 534 1477 565 codd.
1508 535 1593 565 Mss.
1625 545 1707 575 quos

1013 584 1121 624 Bong.
1138 588 1172 615 et
1186 584 1323 615 Modius
1336 584 1569 623 inspexerunt,
1580 590 1708 624 praeter

1012 643 1116 665 unum
1144 643 1260 664 omnes
1290 634 1462 665 omittunt.
1514 635 1559 665 Et
1587 639 1710 674 putant

1012 683 1077 715 viri
1092 683 1187 714 docti
1213 683 1370 724 ellipseos
1396 685 1469 724 ejus
1495 686 1651 724 exempla
1674 690 1710 715 et

1013 744 1070 775 ap.
1087 735 1170 765 alios
1186 734 1341 774 reperiri.
1383 734 1493 766 Abest
1509 740 1545 766 et
1566 735 1608 766 ab
1625 736 1710 766 anti-

1012 785 1182 826 quioribus
1198 785 1289 826 typis
1307 786 1478 826 expressis
1500 785 1659 816 Beeharii
1675 791 1710 816 et

1013 836 1172 876 Majoris3
1198 835 1257 867 sed
1273 836 1307 866 in
1322 835 1388 866 illis
1409 835 1563 876 sequitur
1581 836 1634 865 sed
1655 845 1709 866 an-

1012 887 1083 917 m's:
1104 890 1143 917 ut
1167 886 1261 917 nulla.
1286 886 1414 917 vocnlae
1431 888 1494 916 tam
1509 884 1554 915 sit
1568 884 1710 924 ellipsis.

1011 936 1021 953 ‘
1032 935 1145 967 Defici
1167 935 1298 975 studiis,
1316 935 1409 966 annis
1420 935 1429 949 ’
1451 939 1503 965 est
1518 944 1593 975 pro,
1610 933 1712 966 desti-

1013 985 1075 1016 tui.
1099 987 1108 1003 ‘
1125 984 1292 1016 Defectus
1308 984 1402 1015 annis
1413 984 1422 998 '
1445 984 1548 1015 babet
1560 988 1596 1015 et
1609 983 1711 1014 Pbae-

1014 1035 1117 1066 drus:
1140 1045 1202 1076 pro
1226 1044 1291 1076 quo
1313 1034 1399 1066 male
1414 1033 1552 1074 Sciopp.
1568 1033 1712 1071 Defessis

1013 1085 1102 1116 annis
1129 1084 1314 1126 reponend.
1342 1088 1455 1125 putat.
1482 1084 1555 1116 Vor.
1598 1084 1714 1115 Parti-

1015 1136 1124 1167 culam
1140 1145 1166 1166 S.
1183 1135 1456 1177 conjunctionem
1472 1144 1563 1175 quam
1588 1139 1624 1166 et
1651 1135 1711 1166 im·

1014 1186 1125 1227 pressi
1139 1190 1225 1217 vett.
1242 1190 1277 1217 et
1291 1186 1373 1217 Mss.
1397 1195 1514 1217 omnes
1535 1184 1711 1216 omittunt.

1016 1236 1111 1267 Editi
1147 1237 1298 1267 nonnulli
1333 1245 1395 1276 pro
1422 1245 1464 1266 ea
1492 1234 1619 1266 babent
1645 1237 1712 1266 sed.

1015 1286 1116 1318 Unde
1134 1286 1270 1326 colligo,
1286 1290 1442 1316 neutrum
1472 1293 1546 1316 esse
1572 1284 1712 1324 Justini‚

1016 1336 1075 1367 sed
1092 1337 1325 1376 glossatorum.
1367 1335 1521 1368 Justinus
1542 1344 1618 1366 mea
1639 1344 1712 1366 sen-

1016 1387 1126 1418 tentia
1141 1387 1189 1418 sic
1205 1386 1343 1426 scripsit
1357 1397 1366 1418 ι
1389 1395 1515 1426 quorum
1526 1395 1586 1416 non
1600 1386 1714 1416 studiis

1016 1437 1232 1478 deficiaturmt
1241 1437 1340 1468 annis.
1376 1436 1659 1477 Conjunctionem
1674 1440 1712 1467 ut

1016 1488 1178 1519 absumsit
1191 1487 1394 1518 antecedens
1408 1487 1535 1526 syllaba
1549 1490 1621 1517 tur:
1637 1496 1711 1517 eam

1017 1543 1138 1579 postea
1155 1538 1210 1569 alii
1227 1546 1402 1578 perquam,
1419 1537 1477 1568 alii
1493 1546 1554 1577 per
1569 1538 1634 1577 sed,
1655 1547 1711 1568 co-

1017 1588 1089 1619 nati
1117 1593 1195 1619 sunt
1220 1589 1371 1628 explere.
1415 1587 1572 1628 Respicit
1597 1591 1712 1618 autem

1016 1641 1051 1668 ut
1063 1638 1220 1668 omissum
1236 1639 1245 1655 ⁴
1258 1637 1323 1668 ita’
1340 1641 1419 1668 ante
1434 1637 1443 1654 ‘
1456 1636 1655 1676 deficiatur‚’
1668 1637 1712 1668 de

1017 1699 1082 1730 qua
1094 1689 1205 1729 ellipsi
1222 1692 1257 1719 et
1272 1688 1405 1719 aliunde
1421 1690 1536 1718 notum
1549 1691 1585 1718 et
1597 1687 1714 1719 docuit

1017 1739 1173 1770 Sanctius
1196 1738 1269 1778 jam
1292 1737 1369 1768 olim
1400 1737 1434 1767 in
1458 1737 1616 1767 Minerva
1639 1747 1712 1768 sua.

1017 1787 1122 1826 Schef.
1167 1787 1268 1828 Angl.
1283 1797 1342 1818 non
1356 1790 1421 1818 tum
1436 1787 1560 1826 studiis,
1575 1787 1714 1827 supple-

1018 1843 1167 1869 mentum
1185 1837 1391 1877 glossatoris.
1434 1836 1608 1868 Omittunt
1623 1837 1714 1867 enim

1018 1887 1103 1918 illud
1128 1891 1192 1919 tam
1221 1887 1324 1919 etiam
1361 1885 1482 1927 optimi
1517 1887 1715 1926 scriptores.

1019 1937 1135 1969 Plaut.
1151 1937 1241 1968 Rud.
1256 1945 1309 1968 1v.
1325 1939 1357 1968 3.
1380 1938 1390 1953 ‘
1404 1937 1483 1968 Non
1500 1936 1631 1976 aedepol
1647 1937 1714 1977 pis·

1019 1998 1076 2020 ces
1092 1992 1231 2029 expeto,
1253 1997 1353 2028 quam
1378 1986 1429 2017 tui
1454 1986 1615 2017 sermonis
1641 1995 1715 2017 sum

1020 2037 1209 2079 expetens!
1227 2039 1326 2069 Idem.
1364 2037 1374 2054 ‘
1389 2037 1640 2069 Commeatibus
1656 2036 1714 2068 de·

1019 2088 1096 2121 fiei'
1120 2089 1224 2120 etiam
1249 2087 1338 2118 dixit
1360 2087 1450 2119 Saxo
1477 2096 1553 2119 xrv.
1582 2097 1616 2128 p.
1640 2090 1716 2120 280.

1020 2144 1074 2172 50.
1089 2143 1125 2170 et
1148 2139 1157 2156 ‘
1172 2148 1259 2179 pane
1274 2137 1402 2169 defecti
1414 2137 1423 2150 ²
1447 2146 1530 2168 xnr.
1546 2147 1580 2177 p.
1598 2140 1671 2170 161.
1682 2140 1716 2169 4.

1021 2189 1075 2222 Cf.
1092 2193 1204 2220 notam
1221 2188 1288 2219 Avi
1304 2187 1346 2218 ad
1361 2188 1440 2219 Seu.
1456 2188 1522 2228 Ep.
1539 2190 1594 2219 30.

1064 2241 1082 2281 ξ
1101 2243 1138 2270 15
1162 2239 1210 2270 Ac
1220 2238 1264 2278 si]
1286 2238 1385 2271 Junt.
1395 2238 1441 2268 At
1453 2237 1492 2268 si.
1516 2238 1632 2269 Graev.

1068 2290 1125 2322 Vel
1137 2290 1197 2330 ipsi
1210 2289 1271 2320 sibi
1281 2288 1407 2330 parcat]
1431 2288 1486 2320 Ita
1501 2289 1587 2319 malo
1600 2298 1618 2320 e
1633 2288 1718 2320 Mss.

1022 2349 1104 2381 quos
1115 2340 1224 2379 Bong.
1241 2339 1339 2378 vidit,
1355 2348 1453 2379 quam
1479 2339 1529 2369 vel
1554 2338 1620 2378 ipse
1639 2338 1719 2369 sibi:

1022 2390 1102 2431 quia
1115 2388 1283 2430 praecedit
1302 2389 1348 2419 ‘si
1360 2397 1426 2419 non
1438 2388 1598 2419 militibus
1608 2387 1617 2400 ·'
1632 2389 1717 2420 alius

1024 2440 1158 2471 dativus
1174 2443 1270 2479 puta.
1290 2438 1364 2469 Vor.
1391 2438 1447 2470 Vel
1459 2437 1519 2478 ipsi
1532 2437 1591 2468 sibi
1605 2447 1719 2469 emen-

1024 2490 1119 2521 davit
1134 2499 1176 2520 ex
1191 2490 1274 2520 Mss.
1288 2487 1529 2528 Bongarsianis
1545 2488 1717 2519 Vorstius.

1024 2540 1132 2579 Schef.
1175 2539 1267 2571 Cave
1302 2538 1357 2569 hic
1389 2538 1479 2568 viros
1510 2537 1719 2569 doctissimos

1025 2591 1154 2622 audias.
1197 2589 1268 2629 Ipse
1291 2588 1352 2619 sibi
1375 2591 1485 2628 parcat
1508 2587 1642 2618 minime
1665 2592 1719 2618 est

1024 2639 1311 2681 interpolandum.
1363 2638 1419 2669 Sic
1457 2637 1544 2668 enim
1583 2647 1718 2679 semper

1025 2690 1098 2723 fere
1127 2690 1199 2721 Cic.
1236 2688 1420 2730 optimique
1454 2688 1640 2728 scriptores
1673 2689 1720 2720 lo-

1026 2744 1187 2782 quuntur,
1195 2743 1233 2770 ut
1245 2739 1286 2770 ad
1298 2739 1369 2779 ipsu
1375 2748 1405 2768 ιιι
1412 2738 1554 2769 Tullium
1566 2738 1718 2778 pluribus

1026 2791 1170 2830 ostendi,
1196 2794 1231 2821 et
1253 2794 1397 2820 anteine
1415 2788 1471 2819 alii
1486 2798 1631 2830 quoque,
1657 2798 1719 2829 pro

1027 2852 1093 2883 quo
1128 2841 1248 2882 vulgus
1281 2839 1365 2872 dicit
1400 2838 1462 2880 ipsi
1502 2838 1560 2869 sibi
1596 2843 1718 2879 parcat.

1026 2894 1142 2925 Graev.
