<?xml version="1.0" encoding="UTF-8"?>
<!DOCTYPE html PUBLIC "-//W3C//DTD XHTML 1.0 Transitional//EN"
    "http://www.w3.org/TR/xhtml1/DTD/xhtml1-transitional.dtd">
<html xmlns="http://www.w3.org/1999/xhtml" xml:lang="en" lang="en">
 <head>
  <title>
</title>
<meta http-equiv="Content-Type" content="text/html;charset=utf-8" />
  <meta name='ocr-system' content='tesseract 3.04.00' />
  <meta name='ocr-capabilities' content='ocr_page ocr_carea ocr_par ocr_line ocrx_word'/>
</head>
<body>
  <div class='ocr_page' id='page_1' title='image "./historiaephilipp02just/historiaephilipp02just_0510.png"; bbox 0 0 2101 3419; ppageno 0'>
   <div class='ocr_carea' id='block_1_1' title="bbox 397 366 1213 409">
    <p class='ocr_par' dir='ltr' id='par_1_1' title="bbox 397 366 1213 409">
     <span class='ocr_line' id='line_1_1' title="bbox 397 366 1213 409; baseline 0.001 -2"><span class='ocrx_word' id='word_1_1' title='bbox 397 366 531 409; x_wconf 81' lang='lat' dir='ltr'>xxxii</span> <span class='ocrx_word' id='word_1_2' title='bbox 1053 376 1213 408; x_wconf 70' lang='lat' dir='ltr'>rnnssx</span> 
     </span>
    </p>
   </div>
   <div class='ocr_carea' id='block_1_2' title="bbox 393 472 1095 3020">
    <p class='ocr_par' dir='ltr' id='par_1_2' title="bbox 394 472 1095 1320">
     <span class='ocr_line' id='line_1_2' title="bbox 399 472 1093 516; baseline 0.006 -12"><span class='ocrx_word' id='word_1_3' title='bbox 399 474 472 515; x_wconf 84' lang='lat' dir='ltr'>(pro</span> <span class='ocrx_word' id='word_1_4' title='bbox 488 483 671 514; x_wconf 81' lang='lat' dir='ltr'>congregare</span> <span class='ocrx_word' id='word_1_5' title='bbox 685 479 718 505; x_wconf 87' lang='lat' dir='ltr'>et</span> <span class='ocrx_word' id='word_1_6' title='bbox 731 472 918 516; x_wconf 84' lang='lat' dir='ltr'>convocare)</span> <span class='ocrx_word' id='word_1_7' title='bbox 943 474 965 511; x_wconf 79' lang='lat' dir='ltr'>i,</span> <span class='ocrx_word' id='word_1_8' title='bbox 981 478 1012 512; x_wconf 84' lang='lat'>6,</span> <span class='ocrx_word' id='word_1_9' title='bbox 1040 478 1093 508; x_wconf 83' lang='grc'>10.</span> 
     </span>
     <span class='ocr_line' id='line_1_3' title="bbox 398 517 1092 553; baseline 0.004 -7"><span class='ocrx_word' id='word_1_10' title='bbox 398 517 440 552; x_wconf 87' lang='lat' dir='ltr'>iv,</span> <span class='ocrx_word' id='word_1_11' title='bbox 457 520 490 552; x_wconf 87' lang='grc'>4,</span> <span class='ocrx_word' id='word_1_12' title='bbox 503 520 534 548; x_wconf 87' lang='grc'><strong>8.</strong></span> <span class='ocrx_word' id='word_1_13' title='bbox 557 517 620 553; x_wconf 90' lang='lat' dir='ltr'>viii,</span> <span class='ocrx_word' id='word_1_14' title='bbox 635 520 664 553; x_wconf 86' lang='lat'>5,</span> <span class='ocrx_word' id='word_1_15' title='bbox 676 519 707 548; x_wconf 89' lang='grc'>2.</span> <span class='ocrx_word' id='word_1_16' title='bbox 729 518 783 552; x_wconf 82' lang='lat' dir='ltr'>xii,</span> <span class='ocrx_word' id='word_1_17' title='bbox 804 520 836 553; x_wconf 84' lang='lat'>2,</span> <span class='ocrx_word' id='word_1_18' title='bbox 854 520 892 549; x_wconf 84' lang='lat'><strong>13</strong></span> <span class='ocrx_word' id='word_1_19' title='bbox 917 517 967 548; x_wconf 90' lang='lat' dir='ltr'>Ita</span> <span class='ocrx_word' id='word_1_20' title='bbox 981 518 1092 549; x_wconf 87' lang='lat' dir='ltr'>milites</span> 
     </span>
     <span class='ocr_line' id='line_1_4' title="bbox 397 557 1092 596; baseline 0.004 -8"><span class='ocrx_word' id='word_1_21' title='bbox 397 559 451 595; x_wconf 86' lang='lat' dir='ltr'>xii,</span> <span class='ocrx_word' id='word_1_22' title='bbox 469 562 498 595; x_wconf 90' lang='lat'>1,</span> <span class='ocrx_word' id='word_1_23' title='bbox 514 557 536 590; x_wconf 80' lang='grc'><em>8</em></span> <span class='ocrx_word' id='word_1_24' title='bbox 570 565 601 589; x_wconf 90' lang='lat' dir='ltr'>et</span> <span class='ocrx_word' id='word_1_25' title='bbox 615 559 782 590; x_wconf 82' lang='lat' dir='ltr'>exercitum</span> <span class='ocrx_word' id='word_1_26' title='bbox 806 560 869 596; x_wconf 85' lang='lat' dir='ltr'>xiii,</span> <span class='ocrx_word' id='word_1_27' title='bbox 889 564 919 596; x_wconf 92' lang='lat'>5,</span> <span class='ocrx_word' id='word_1_28' title='bbox 936 564 955 592; x_wconf 90' lang='lat'>8</span> <span class='ocrx_word' id='word_1_29' title='bbox 987 562 1092 591; x_wconf 91' lang='lat' dir='ltr'>odium</span> 
     </span>
     <span class='ocr_line' id='line_1_5' title="bbox 397 601 1094 642; baseline 0.009 -12"><span class='ocrx_word' id='word_1_30' title='bbox 397 601 471 641; x_wconf 78' lang='lat' dir='ltr'>(pro</span> <span class='ocrx_word' id='word_1_31' title='bbox 483 601 606 642; x_wconf 87' lang='lat' dir='ltr'>parere)</span> <span class='ocrx_word' id='word_1_32' title='bbox 621 612 651 637; x_wconf 93' lang='lat' dir='ltr'>v,</span> <span class='ocrx_word' id='word_1_33' title='bbox 664 605 694 638; x_wconf 90' lang='lat' dir='ltr'>l,</span> <span class='ocrx_word' id='word_1_34' title='bbox 709 605 730 633; x_wconf 90' lang='grc'><strong>6</strong></span> <span class='ocrx_word' id='word_1_35' title='bbox 753 602 803 632; x_wconf 88' lang='lat' dir='ltr'>Ita</span> <span class='ocrx_word' id='word_1_36' title='bbox 816 603 962 633; x_wconf 88' lang='lat' dir='ltr'>invidiam</span> <span class='ocrx_word' id='word_1_37' title='bbox 978 614 1009 639; x_wconf 88' lang='lat' dir='ltr'>v,</span> <span class='ocrx_word' id='word_1_38' title='bbox 1025 607 1056 639; x_wconf 85' lang='lat'>2,</span> <span class='ocrx_word' id='word_1_39' title='bbox 1073 607 1094 636; x_wconf 87' lang='grc'>4</span> 
     </span>
     <span class='ocr_line' id='line_1_6' title="bbox 397 644 1094 688; baseline 0.004 -15"><span class='ocrx_word' id='word_1_40' title='bbox 397 649 430 673; x_wconf 87' lang='lat' dir='ltr'>et</span> <span class='ocrx_word' id='word_1_41' title='bbox 445 644 592 674; x_wconf 85' lang='lat' dir='ltr'>offensam</span> <span class='ocrx_word' id='word_1_42' title='bbox 608 645 712 681; x_wconf 81' lang='lat' dir='ltr'>xxviii,</span> <span class='ocrx_word' id='word_1_43' title='bbox 722 647 753 681; x_wconf 94' lang='lat' dir='ltr'>l,</span> <span class='ocrx_word' id='word_1_44' title='bbox 769 648 788 676; x_wconf 85' lang='lat'>3</span> <span class='ocrx_word' id='word_1_45' title='bbox 811 646 947 675; x_wconf 87' lang='lat' dir='ltr'>morbum</span> <span class='ocrx_word' id='word_1_46' title='bbox 960 658 996 676; x_wconf 88' lang='lat' dir='ltr'>ex</span> <span class='ocrx_word' id='word_1_47' title='bbox 1007 647 1094 688; x_wconf 84' lang='lat' dir='ltr'>aegri-</span> 
     </span>
     <span class='ocr_line' id='line_1_7' title="bbox 398 686 1094 729; baseline 0.007 -14"><span class='ocrx_word' id='word_1_48' title='bbox 398 686 505 716; x_wconf 88' lang='lat' dir='ltr'>tudine</span> <span class='ocrx_word' id='word_1_49' title='bbox 517 687 610 723; x_wconf 77' lang='lat' dir='ltr'>xxxii,</span> <span class='ocrx_word' id='word_1_50' title='bbox 622 690 653 723; x_wconf 97' lang='lat'>3,</span> <span class='ocrx_word' id='word_1_51' title='bbox 665 690 685 719; x_wconf 89' lang='lat'><strong>4</strong></span> <span class='ocrx_word' id='word_1_52' title='bbox 707 688 844 718; x_wconf 86' lang='lat' dir='ltr'>morbum</span> <span class='ocrx_word' id='word_1_53' title='bbox 857 699 892 718; x_wconf 90' lang='lat' dir='ltr'>ex</span> <span class='ocrx_word' id='word_1_54' title='bbox 906 689 1010 720; x_wconf 88' lang='lat' dir='ltr'>dolore</span> <span class='ocrx_word' id='word_1_55' title='bbox 1021 690 1094 729; x_wconf 90' lang='lat' dir='ltr'>(pro</span> 
     </span>
     <span class='ocr_line' id='line_1_8' title="bbox 397 728 1093 769; baseline 0.004 -11"><span class='ocrx_word' id='word_1_56' title='bbox 397 728 567 769; x_wconf 89' lang='lat' dir='ltr'>incurrere)</span> <span class='ocrx_word' id='word_1_57' title='bbox 591 740 620 766; x_wconf 72' lang='lat' dir='ltr'>X,</span> <span class='ocrx_word' id='word_1_58' title='bbox 650 733 681 765; x_wconf 92' lang='grc'>2,</span> <span class='ocrx_word' id='word_1_59' title='bbox 711 733 731 761; x_wconf 91' lang='grc'><strong>7</strong></span> <span class='ocrx_word' id='word_1_60' title='bbox 769 730 819 760; x_wconf 89' lang='lat' dir='ltr'>Ita.</span> <span class='ocrx_word' id='word_1_61' title='bbox 845 731 993 762; x_wconf 85' lang='lat' dir='ltr'>offensam</span> <span class='ocrx_word' id='word_1_62' title='bbox 1020 732 1093 768; x_wconf 88' lang='lat' dir='ltr'>xvii,</span> 
     </span>
     <span class='ocr_line' id='line_1_9' title="bbox 398 771 1094 815; baseline 0.006 -14"><span class='ocrx_word' id='word_1_63' title='bbox 398 773 430 806; x_wconf 89' lang='lat'>3,</span> <span class='ocrx_word' id='word_1_64' title='bbox 448 774 489 802; x_wconf 89' lang='lat'>16</span> <span class='ocrx_word' id='word_1_65' title='bbox 510 771 647 802; x_wconf 89' lang='lat' dir='ltr'>Freinsh.</span> <span class='ocrx_word' id='word_1_66' title='bbox 685 773 830 803; x_wconf 86' lang='lat' dir='ltr'>invidiam</span> <span class='ocrx_word' id='word_1_67' title='bbox 853 774 935 814; x_wconf 90' lang='lat' dir='ltr'>apud</span> <span class='ocrx_word' id='word_1_68' title='bbox 959 775 1094 815; x_wconf 78' lang='lat' dir='ltr'>aliquem</span> 
     </span>
     <span class='ocr_line' id='line_1_10' title="bbox 395 813 1092 853; baseline 0.007 -10"><span class='ocrx_word' id='word_1_69' title='bbox 395 813 489 849; x_wconf 76' lang='lat' dir='ltr'>xxxii,</span> <span class='ocrx_word' id='word_1_70' title='bbox 513 817 547 850; x_wconf 90' lang='grc'>2,</span> <span class='ocrx_word' id='word_1_71' title='bbox 573 817 592 845; x_wconf 87' lang='grc'><strong>7</strong></span> <span class='ocrx_word' id='word_1_72' title='bbox 629 820 661 845; x_wconf 88' lang='lat' dir='ltr'>et</span> <span class='ocrx_word' id='word_1_73' title='bbox 685 821 874 846; x_wconf 86' lang='lat' dir='ltr'>contemtum</span> <span class='ocrx_word' id='word_1_74' title='bbox 896 817 996 853; x_wconf 82' lang='lat' dir='ltr'>xxxvi,</span> <span class='ocrx_word' id='word_1_75' title='bbox 1028 820 1057 853; x_wconf 95' lang='grc'>1,</span> <span class='ocrx_word' id='word_1_76' title='bbox 1076 820 1092 848; x_wconf 89' lang='grc'>1</span> 
     </span>
     <span class='ocr_line' id='line_1_11' title="bbox 396 855 1094 900; baseline 0.007 -15"><span class='ocrx_word' id='word_1_77' title='bbox 396 855 502 897; x_wconf 84' lang='lat' dir='ltr'>inopia</span> <span class='ocrx_word' id='word_1_78' title='bbox 513 857 675 887; x_wconf 88' lang='lat' dir='ltr'>multorum</span> <span class='ocrx_word' id='word_1_79' title='bbox 686 858 803 888; x_wconf 88' lang='lat' dir='ltr'>dierum</span> <span class='ocrx_word' id='word_1_80' title='bbox 814 860 967 889; x_wconf 88' lang='lat' dir='ltr'>contrahit</span> <span class='ocrx_word' id='word_1_81' title='bbox 977 865 1094 900; x_wconf 87' lang='lat' dir='ltr'>pestem</span> 
     </span>
     <span class='ocr_line' id='line_1_12' title="bbox 394 897 1093 942; baseline 0.004 -13"><span class='ocrx_word' id='word_1_82' title='bbox 394 897 430 934; x_wconf 81' lang='lat' dir='ltr'>ii,</span> <span class='ocrx_word' id='word_1_83' title='bbox 447 901 556 935; x_wconf 79' lang='lat'><strong>13,12</strong></span> <span class='ocrx_word' id='word_1_84' title='bbox 579 901 756 931; x_wconf 86' lang='lat' dir='ltr'>contrahere</span> <span class='ocrx_word' id='word_1_85' title='bbox 778 902 878 931; x_wconf 89' lang='lat' dir='ltr'>minus</span> <span class='ocrx_word' id='word_1_86' title='bbox 901 902 1025 942; x_wconf 88' lang='lat' dir='ltr'>perjurii</span> <span class='ocrx_word' id='word_1_87' title='bbox 1049 902 1093 938; x_wconf 89' lang='lat' dir='ltr'>iii,</span> 
     </span>
     <span class='ocr_line' id='line_1_13' title="bbox 396 942 1095 985; baseline 0.006 -14"><span class='ocrx_word' id='word_1_88' title='bbox 396 943 429 977; x_wconf 85' lang='lat'>7,</span> <span class='ocrx_word' id='word_1_89' title='bbox 441 944 479 972; x_wconf 88' lang='lat'>15</span> <span class='ocrx_word' id='word_1_90' title='bbox 505 942 573 982; x_wconf 89' lang='lat' dir='ltr'>plus</span> <span class='ocrx_word' id='word_1_91' title='bbox 584 942 708 973; x_wconf 86' lang='lat' dir='ltr'>invidiae</span> <span class='ocrx_word' id='word_1_92' title='bbox 722 953 813 984; x_wconf 85' lang='lat' dir='ltr'>quam</span> <span class='ocrx_word' id='word_1_93' title='bbox 826 945 930 985; x_wconf 74' lang='lat' dir='ltr'>gratia:</span> <span class='ocrx_word' id='word_1_94' title='bbox 942 944 1095 975; x_wconf 77' lang='lat' dir='ltr'><strong>contrahit</strong></span> 
     </span>
     <span class='ocr_line' id='line_1_14' title="bbox 394 984 1093 1027; baseline 0.01 -15"><span class='ocrx_word' id='word_1_95' title='bbox 394 984 490 1014; x_wconf 85' lang='lat' dir='ltr'>virtus</span> <span class='ocrx_word' id='word_1_96' title='bbox 507 984 638 1024; x_wconf 86' lang='lat' dir='ltr'>alicujus</span> <span class='ocrx_word' id='word_1_97' title='bbox 654 987 737 1026; x_wconf 92' lang='lat' dir='ltr'>apud</span> <span class='ocrx_word' id='word_1_98' title='bbox 749 986 869 1027; x_wconf 87' lang='lat' dir='ltr'>aliquos</span> <span class='ocrx_word' id='word_1_99' title='bbox 883 998 913 1022; x_wconf 80' lang='lat' dir='ltr'>V,</span> <span class='ocrx_word' id='word_1_100' title='bbox 929 990 960 1023; x_wconf 83' lang='lat'>2,</span> <span class='ocrx_word' id='word_1_101' title='bbox 976 991 995 1019; x_wconf 91' lang='lat'><strong>4</strong></span> <span class='ocrx_word' id='word_1_102' title='bbox 1019 998 1093 1018; x_wconf 89' lang='lat' dir='ltr'>con·</span> 
     </span>
     <span class='ocr_line' id='line_1_15' title="bbox 395 1026 1093 1066; baseline 0.009 -11"><span class='ocrx_word' id='word_1_103' title='bbox 395 1026 514 1057; x_wconf 78' lang='lat' dir='ltr'>trahere</span> <span class='ocrx_word' id='word_1_104' title='bbox 530 1027 696 1058; x_wconf 86' lang='lat' dir='ltr'>exercitum</span> <span class='ocrx_word' id='word_1_105' title='bbox 711 1033 742 1059; x_wconf 86' lang='lat' dir='ltr'>et</span> <span class='ocrx_word' id='word_1_106' title='bbox 756 1039 849 1059; x_wconf 88' lang='lat' dir='ltr'>naves</span> <span class='ocrx_word' id='word_1_107' title='bbox 864 1029 928 1066; x_wconf 82' lang='lat' dir='ltr'>xiii,</span> <span class='ocrx_word' id='word_1_108' title='bbox 943 1034 975 1065; x_wconf 89' lang='lat'>5,</span> <span class='ocrx_word' id='word_1_109' title='bbox 990 1033 1009 1061; x_wconf 92' lang='grc'><strong>7</strong></span> <span class='ocrx_word' id='word_1_110' title='bbox 1044 1040 1093 1061; x_wconf 79' lang='lat' dir='ltr'>sa·</span> 
     </span>
     <span class='ocr_line' id='line_1_16' title="bbox 395 1068 1093 1112; baseline 0.007 -15"><span class='ocrx_word' id='word_1_111' title='bbox 395 1068 499 1108; x_wconf 83' lang='lat' dir='ltr'>ginam</span> <span class='ocrx_word' id='word_1_112' title='bbox 528 1069 675 1110; x_wconf 87' lang='lat' dir='ltr'>corporis,</span> <span class='ocrx_word' id='word_1_113' title='bbox 698 1071 919 1112; x_wconf 82' lang='lat' dir='ltr'>oculorumque</span> <span class='ocrx_word' id='word_1_114' title='bbox 943 1073 1093 1102; x_wconf 88' lang='lat' dir='ltr'>valetudi-</span> 
     </span>
     <span class='ocr_line' id='line_1_17' title="bbox 395 1111 1092 1149; baseline 0.006 -8"><span class='ocrx_word' id='word_1_115' title='bbox 395 1121 467 1141; x_wconf 86' lang='lat' dir='ltr'>nem</span> <span class='ocrx_word' id='word_1_116' title='bbox 483 1122 520 1142; x_wconf 82' lang='lat' dir='ltr'>ex</span> <span class='ocrx_word' id='word_1_117' title='bbox 547 1111 665 1142; x_wconf 86' lang='lat' dir='ltr'>luxuria</span> <span class='ocrx_word' id='word_1_118' title='bbox 696 1113 757 1149; x_wconf 87' lang='lat' dir='ltr'>xxi,</span> <span class='ocrx_word' id='word_1_119' title='bbox 781 1116 812 1149; x_wconf 81' lang='lat'>2,</span> <span class='ocrx_word' id='word_1_120' title='bbox 842 1117 858 1145; x_wconf 92' lang='lat'>1</span> <span class='ocrx_word' id='word_1_121' title='bbox 897 1120 1036 1145; x_wconf 87' lang='lat' dir='ltr'>senatum</span> <span class='ocrx_word' id='word_1_122' title='bbox 1060 1116 1092 1145; x_wconf 89' lang='lat' dir='ltr'>in</span> 
     </span>
     <span class='ocr_line' id='line_1_18' title="bbox 396 1153 1093 1195; baseline 0.009 -13"><span class='ocrx_word' id='word_1_123' title='bbox 396 1153 590 1195; x_wconf 79' lang='lat' dir='ltr'>gymnasium</span> <span class='ocrx_word' id='word_1_124' title='bbox 605 1155 677 1190; x_wconf 83' lang='lat' dir='ltr'>xxii,</span> <span class='ocrx_word' id='word_1_125' title='bbox 693 1158 725 1190; x_wconf 90' lang='grc'>2,</span> <span class='ocrx_word' id='word_1_126' title='bbox 743 1159 783 1186; x_wconf 88' lang='grc'>10</span> <span class='ocrx_word' id='word_1_127' title='bbox 805 1156 967 1187; x_wconf 88' lang='lat' dir='ltr'>fidissimos</span> <span class='ocrx_word' id='word_1_128' title='bbox 978 1158 1093 1188; x_wconf 90' lang='lat' dir='ltr'>amico—</span> 
     </span>
     <span class='ocr_line' id='line_1_19' title="bbox 394 1197 1093 1235; baseline 0.009 -10"><span class='ocrx_word' id='word_1_129' title='bbox 394 1206 461 1225; x_wconf 87' lang='lat' dir='ltr'>rum</span> <span class='ocrx_word' id='word_1_130' title='bbox 477 1197 602 1226; x_wconf 90' lang='lat' dir='ltr'>domum</span> <span class='ocrx_word' id='word_1_131' title='bbox 613 1199 791 1228; x_wconf 84' lang='lat' dir='ltr'>contrahere</span> <span class='ocrx_word' id='word_1_132' title='bbox 805 1199 886 1235; x_wconf 83' lang='lat' dir='ltr'>xxvi,</span> <span class='ocrx_word' id='word_1_133' title='bbox 899 1203 929 1235; x_wconf 91' lang='lat' dir='ltr'>l,</span> <span class='ocrx_word' id='word_1_134' title='bbox 943 1203 963 1231; x_wconf 83' lang='lat'>8</span> <span class='ocrx_word' id='word_1_135' title='bbox 986 1211 1048 1231; x_wconf 91' lang='lat' dir='ltr'>uno</span> <span class='ocrx_word' id='word_1_136' title='bbox 1061 1201 1093 1230; x_wconf 91' lang='lat' dir='ltr'>in</span> 
     </span>
     <span class='ocr_line' id='line_1_20' title="bbox 395 1237 1093 1281; baseline 0.01 -14"><span class='ocrx_word' id='word_1_137' title='bbox 395 1237 465 1269; x_wconf 88' lang='lat' dir='ltr'>loco</span> <span class='ocrx_word' id='word_1_138' title='bbox 480 1244 637 1270; x_wconf 88' lang='lat' dir='ltr'>contracta</span> <span class='ocrx_word' id='word_1_139' title='bbox 653 1239 775 1271; x_wconf 78' lang='lat' dir='ltr'>GraecIa</span> <span class='ocrx_word' id='word_1_140' title='bbox 795 1241 829 1278; x_wconf 86' lang='lat' dir='ltr'>ii,</span> <span class='ocrx_word' id='word_1_141' title='bbox 847 1244 900 1281; x_wconf 87' lang='lat'><strong>12,</strong></span> <span class='ocrx_word' id='word_1_142' title='bbox 917 1245 958 1274; x_wconf 83' lang='lat'>19</span> <span class='ocrx_word' id='word_1_143' title='bbox 992 1243 1093 1273; x_wconf 88' lang='lat' dir='ltr'>matri-</span> 
     </span>
     <span class='ocr_line' id='line_1_21' title="bbox 394 1280 981 1320; baseline 0.01 -10"><span class='ocrx_word' id='word_1_144' title='bbox 394 1280 531 1310; x_wconf 84' lang='lat' dir='ltr'>monium</span> <span class='ocrx_word' id='word_1_145' title='bbox 543 1283 722 1313; x_wconf 78' lang='lat' dir='ltr'>contrahere</span> <span class='ocrx_word' id='word_1_146' title='bbox 736 1283 817 1320; x_wconf 87' lang='lat' dir='ltr'>xxvi,</span> <span class='ocrx_word' id='word_1_147' title='bbox 834 1287 865 1320; x_wconf 87' lang='lat'>3,</span> <span class='ocrx_word' id='word_1_148' title='bbox 881 1287 900 1315; x_wconf 90' lang='lat'>3</span> <span class='ocrx_word' id='word_1_149' title='bbox 976 1314 981 1315; x_wconf 26' lang='lat' dir='ltr'>t</span> 
     </span>
    </p>

    <p class='ocr_par' dir='ltr' id='par_1_3' title="bbox 395 1322 1093 1406">
     <span class='ocr_line' id='line_1_22' title="bbox 439 1322 1093 1359; baseline 0.011 -7"><span class='ocrx_word' id='word_1_150' title='bbox 439 1322 632 1354; x_wconf 80' lang='lat' dir='ltr'>Contremuit</span> <span class='ocrx_word' id='word_1_151' title='bbox 646 1324 854 1356; x_wconf 88' lang='lat' dir='ltr'>Hannibalem</span> <span class='ocrx_word' id='word_1_152' title='bbox 869 1326 1012 1358; x_wconf 84' lang='lat' dir='ltr'>Romano</span> <span class='ocrx_word' id='word_1_153' title='bbox 1027 1328 1093 1359; x_wconf 89' lang='lat' dir='ltr'>bel-</span> 
     </span>
     <span class='ocr_line' id='line_1_23' title="bbox 395 1364 921 1406; baseline 0.011 -11"><span class='ocrx_word' id='word_1_154' title='bbox 395 1364 426 1395; x_wconf 90' lang='lat' dir='ltr'>lo</span> <span class='ocrx_word' id='word_1_155' title='bbox 442 1371 600 1396; x_wconf 87' lang='lat' dir='ltr'>tonantem</span> <span class='ocrx_word' id='word_1_156' title='bbox 617 1367 709 1397; x_wconf 88' lang='lat' dir='ltr'>Italia</span> <span class='ocrx_word' id='word_1_157' title='bbox 723 1369 816 1405; x_wconf 84' lang='lat' dir='ltr'>xxxii,</span> <span class='ocrx_word' id='word_1_158' title='bbox 831 1372 864 1406; x_wconf 90' lang='lat'>4,</span> <span class='ocrx_word' id='word_1_159' title='bbox 880 1372 921 1401; x_wconf 97' lang='grc'>10</span> 
     </span>
    </p>

    <p class='ocr_par' dir='ltr' id='par_1_4' title="bbox 393 1408 1094 1665">
     <span class='ocr_line' id='line_1_24' title="bbox 437 1408 1093 1453; baseline 0.008 -15"><span class='ocrx_word' id='word_1_160' title='bbox 437 1408 640 1440; x_wconf 80' lang='lat' dir='ltr'>contribuere</span> <span class='ocrx_word' id='word_1_161' title='bbox 667 1410 699 1440; x_wconf 90' lang='lat' dir='ltr'>in</span> <span class='ocrx_word' id='word_1_162' title='bbox 727 1421 819 1441; x_wconf 91' lang='lat' dir='ltr'>unam</span> <span class='ocrx_word' id='word_1_163' title='bbox 845 1413 1001 1442; x_wconf 90' lang='lat' dir='ltr'>cohortem</span> <span class='ocrx_word' id='word_1_164' title='bbox 1017 1412 1093 1453; x_wconf 88' lang='lat' dir='ltr'>(hoc</span> 
     </span>
     <span class='ocr_line' id='line_1_25' title="bbox 394 1450 1094 1496; baseline 0.007 -16"><span class='ocrx_word' id='word_1_165' title='bbox 394 1454 453 1486; x_wconf 80' lang='lat' dir='ltr'>est,</span> <span class='ocrx_word' id='word_1_166' title='bbox 469 1450 675 1493; x_wconf 82' lang='lat' dir='ltr'>conjungere)</span> <span class='ocrx_word' id='word_1_167' title='bbox 702 1453 754 1490; x_wconf 82' lang='lat' dir='ltr'>xii,</span> <span class='ocrx_word' id='word_1_168' title='bbox 770 1457 801 1490; x_wconf 90' lang='grc'>5,</span> <span class='ocrx_word' id='word_1_169' title='bbox 824 1456 844 1484; x_wconf 89' lang='grc'>8</span> <span class='ocrx_word' id='word_1_170' title='bbox 874 1454 974 1495; x_wconf 85' lang='lat' dir='ltr'>(Vide</span> <span class='ocrx_word' id='word_1_171' title='bbox 996 1455 1094 1496; x_wconf 89' lang='lat' dir='ltr'>Lipsii</span> 
     </span>
     <span class='ocr_line' id='line_1_26' title="bbox 393 1495 1093 1528; baseline 0.009 -6"><span class='ocrx_word' id='word_1_172' title='bbox 393 1498 497 1523; x_wconf 90' lang='lat' dir='ltr'>notam</span> <span class='ocrx_word' id='word_1_173' title='bbox 531 1497 583 1525; x_wconf 88' lang='grc'><strong>37.</strong></span> <span class='ocrx_word' id='word_1_174' title='bbox 613 1495 646 1524; x_wconf 90' lang='lat' dir='ltr'>in</span> <span class='ocrx_word' id='word_1_175' title='bbox 672 1495 821 1527; x_wconf 82' lang='lat' dir='ltr'>Senecam</span> <span class='ocrx_word' id='word_1_176' title='bbox 851 1497 890 1526; x_wconf 90' lang='lat' dir='ltr'>vi.</span> <span class='ocrx_word' id='word_1_177' title='bbox 912 1498 952 1527; x_wconf 91' lang='lat' dir='ltr'>de</span> <span class='ocrx_word' id='word_1_178' title='bbox 981 1498 1093 1528; x_wconf 78' lang='lat' dir='ltr'>Benef-</span> 
     </span>
     <span class='ocr_line' id='line_1_27' title="bbox 395 1535 1094 1576; baseline 0.007 -11"><span class='ocrx_word' id='word_1_179' title='bbox 395 1535 488 1566; x_wconf 83' lang='lat' dir='ltr'>Adde</span> <span class='ocrx_word' id='word_1_180' title='bbox 504 1535 624 1567; x_wconf 90' lang='lat' dir='ltr'>Livium</span> <span class='ocrx_word' id='word_1_181' title='bbox 650 1538 712 1574; x_wconf 83' lang='lat' dir='ltr'>xxi,</span> <span class='ocrx_word' id='word_1_182' title='bbox 727 1541 780 1575; x_wconf 87' lang='grc'>30,</span> <span class='ocrx_word' id='word_1_183' title='bbox 797 1543 827 1570; x_wconf 88' lang='grc'>5.</span> <span class='ocrx_word' id='word_1_184' title='bbox 861 1539 946 1576; x_wconf 87' lang='lat' dir='ltr'>xxiii,</span> <span class='ocrx_word' id='word_1_185' title='bbox 967 1544 999 1576; x_wconf 92' lang='lat'>5,</span> <span class='ocrx_word' id='word_1_186' title='bbox 1026 1544 1044 1571; x_wconf 91' lang='lat'><strong>5</strong></span> <span class='ocrx_word' id='word_1_187' title='bbox 1061 1545 1094 1570; x_wconf 88' lang='lat' dir='ltr'>et</span> 
     </span>
     <span class='ocr_line' id='line_1_28' title="bbox 394 1579 1092 1619; baseline 0.004 -10"><span class='ocrx_word' id='word_1_188' title='bbox 394 1581 447 1614; x_wconf 88' lang='lat'>19,</span> <span class='ocrx_word' id='word_1_189' title='bbox 463 1582 493 1610; x_wconf 93' lang='lat'><strong>4.</strong></span> <span class='ocrx_word' id='word_1_190' title='bbox 518 1579 622 1616; x_wconf 88' lang='lat' dir='ltr'>xxxiii,</span> <span class='ocrx_word' id='word_1_191' title='bbox 637 1582 691 1616; x_wconf 85' lang='lat'>20,</span> <span class='ocrx_word' id='word_1_192' title='bbox 706 1584 736 1612; x_wconf 89' lang='grc'>8.</span> <span class='ocrx_word' id='word_1_193' title='bbox 760 1581 859 1618; x_wconf 84' lang='lat' dir='ltr'>xxxvi,</span> <span class='ocrx_word' id='word_1_194' title='bbox 872 1585 925 1617; x_wconf 86' lang='lat'>35,</span> <span class='ocrx_word' id='word_1_195' title='bbox 938 1585 969 1613; x_wconf 84' lang='lat'>9.</span> <span class='ocrx_word' id='word_1_196' title='bbox 992 1583 1092 1619; x_wconf 76' lang='lat' dir='ltr'>xxxix,</span> 
     </span>
     <span class='ocr_line' id='line_1_29' title="bbox 394 1622 1022 1665; baseline 0.006 -14"><span class='ocrx_word' id='word_1_197' title='bbox 394 1623 448 1656; x_wconf 92' lang='grc'>26,</span> <span class='ocrx_word' id='word_1_198' title='bbox 466 1623 495 1652; x_wconf 90' lang='grc'>2.</span> <span class='ocrx_word' id='word_1_199' title='bbox 511 1628 543 1652; x_wconf 87' lang='lat' dir='ltr'>et</span> <span class='ocrx_word' id='word_1_200' title='bbox 560 1622 700 1653; x_wconf 82' lang='lat' dir='ltr'>Curtium</span> <span class='ocrx_word' id='word_1_201' title='bbox 716 1635 746 1659; x_wconf 87' lang='lat' dir='ltr'>v,</span> <span class='ocrx_word' id='word_1_202' title='bbox 763 1627 794 1659; x_wconf 93' lang='lat'>3,</span> <span class='ocrx_word' id='word_1_203' title='bbox 809 1624 868 1665; x_wconf 82' lang='lat'>26)</span> <span class='ocrx_word' id='word_1_204' title='bbox 884 1624 1022 1655; x_wconf 84' lang='lat' dir='ltr'>Freinsh.</span> 
     </span>
    </p>

    <p class='ocr_par' dir='ltr' id='par_1_5' title="bbox 393 1662 1092 1871">
     <span class='ocr_line' id='line_1_30' title="bbox 438 1662 1092 1698; baseline 0.008 -5"><span class='ocrx_word' id='word_1_205' title='bbox 438 1662 653 1695; x_wconf 85' lang='lat' dir='ltr'>Controversia</span> <span class='ocrx_word' id='word_1_206' title='bbox 666 1666 746 1696; x_wconf 86' lang='lat' dir='ltr'>inter</span> <span class='ocrx_word' id='word_1_207' title='bbox 767 1666 889 1698; x_wconf 83' lang='lat' dir='ltr'>Xerxen</span> <span class='ocrx_word' id='word_1_208' title='bbox 903 1673 935 1698; x_wconf 85' lang='lat' dir='ltr'>et</span> <span class='ocrx_word' id='word_1_209' title='bbox 950 1667 1092 1698; x_wconf 81' lang='lat' dir='ltr'>Arteme-</span> 
     </span>
     <span class='ocr_line' id='line_1_31' title="bbox 393 1706 1091 1745; baseline 0.006 -10"><span class='ocrx_word' id='word_1_210' title='bbox 393 1714 455 1736; x_wconf 85' lang='lat' dir='ltr'>nen</span> <span class='ocrx_word' id='word_1_211' title='bbox 470 1706 510 1736; x_wconf 90' lang='lat' dir='ltr'>de</span> <span class='ocrx_word' id='word_1_212' title='bbox 530 1708 723 1738; x_wconf 85' lang='lat' dir='ltr'>successione</span> <span class='ocrx_word' id='word_1_213' title='bbox 746 1709 778 1745; x_wconf 92' lang='lat' dir='ltr'>ii,</span> <span class='ocrx_word' id='word_1_214' title='bbox 796 1712 847 1745; x_wconf 87' lang='grc'>10,</span> <span class='ocrx_word' id='word_1_215' title='bbox 863 1713 882 1741; x_wconf 84' lang='grc'><strong>3</strong></span> <span class='ocrx_word' id='word_1_216' title='bbox 917 1715 1091 1741; x_wconf 83' lang='lat' dir='ltr'>controver-</span> 
     </span>
     <span class='ocr_line' id='line_1_32' title="bbox 394 1748 1090 1792; baseline 0.009 -15"><span class='ocrx_word' id='word_1_217' title='bbox 394 1748 469 1778; x_wconf 82' lang='lat' dir='ltr'>siam</span> <span class='ocrx_word' id='word_1_218' title='bbox 483 1748 593 1780; x_wconf 85' lang='lat' dir='ltr'>referre</span> <span class='ocrx_word' id='word_1_219' title='bbox 616 1750 689 1791; x_wconf 90' lang='lat' dir='ltr'>(pro</span> <span class='ocrx_word' id='word_1_220' title='bbox 705 1752 842 1792; x_wconf 91' lang='lat' dir='ltr'>movere)</span> <span class='ocrx_word' id='word_1_221' title='bbox 867 1752 979 1788; x_wconf 82' lang='lat' dir='ltr'>xxxvii,</span> <span class='ocrx_word' id='word_1_222' title='bbox 1016 1756 1048 1789; x_wconf 86' lang='lat'>4,</span> <span class='ocrx_word' id='word_1_223' title='bbox 1071 1757 1090 1784; x_wconf 89' lang='grc'><strong><em>5</em></strong></span> 
     </span>
     <span class='ocr_line' id='line_1_33' title="bbox 393 1788 1092 1826; baseline 0.009 -7"><span class='ocrx_word' id='word_1_224' title='bbox 393 1788 531 1821; x_wconf 86' lang='lat' dir='ltr'>Freinsh.</span> <span class='ocrx_word' id='word_1_225' title='bbox 568 1792 636 1823; x_wconf 90' lang='lat' dir='ltr'>Sic:</span> <span class='ocrx_word' id='word_1_226' title='bbox 665 1795 901 1825; x_wconf 88' lang='lat' dir='ltr'>controversiam</span> <span class='ocrx_word' id='word_1_227' title='bbox 921 1795 1028 1825; x_wconf 82' lang='lat' dir='ltr'>referre</span> <span class='ocrx_word' id='word_1_228' title='bbox 1053 1796 1092 1826; x_wconf 87' lang='lat' dir='ltr'>de</span> 
     </span>
     <span class='ocr_line' id='line_1_34' title="bbox 394 1831 696 1871; baseline 0.02 -10"><span class='ocrx_word' id='word_1_229' title='bbox 394 1831 434 1862; x_wconf 89' lang='lat' dir='ltr'>ali</span> <span class='ocrx_word' id='word_1_230' title='bbox 461 1843 498 1863; x_wconf 92' lang='lat' dir='ltr'>ua</span> <span class='ocrx_word' id='word_1_231' title='bbox 514 1844 544 1864; x_wconf 82' lang='lat' dir='ltr'>re</span> <span class='ocrx_word' id='word_1_232' title='bbox 560 1834 591 1870; x_wconf 92' lang='lat' dir='ltr'>ii,</span> <span class='ocrx_word' id='word_1_233' title='bbox 610 1838 661 1871; x_wconf 92' lang='grc'>10,</span> <span class='ocrx_word' id='word_1_234' title='bbox 678 1838 696 1867; x_wconf 88' lang='lat'><strong>3</strong></span> 
     </span>
    </p>

    <p class='ocr_par' dir='ltr' id='par_1_6' title="bbox 438 1842 949 1914">
     <span class='ocr_line' id='line_1_35' title="bbox 438 1842 949 1914; baseline 0.01 -9"><span class='ocrx_word' id='word_1_235' title='bbox 438 1842 588 1907; x_wconf 51' lang='lat' dir='ltr'>gontuer&#39;·</span> <span class='ocrx_word' id='word_1_236' title='bbox 605 1888 633 1914; x_wconf 90' lang='lat' dir='ltr'>v,</span> <span class='ocrx_word' id='word_1_237' title='bbox 649 1881 681 1913; x_wconf 94' lang='lat'>5,</span> <span class='ocrx_word' id='word_1_238' title='bbox 699 1881 752 1910; x_wconf 93' lang='grc'>10.</span> <span class='ocrx_word' id='word_1_239' title='bbox 773 1878 864 1913; x_wconf 84' lang='lat' dir='ltr'>xxxii,</span> <span class='ocrx_word' id='word_1_240' title='bbox 883 1881 913 1913; x_wconf 92' lang='lat'>1,</span> <span class='ocrx_word' id='word_1_241' title='bbox 930 1881 949 1910; x_wconf 92' lang='lat'>8</span> 
     </span>
    </p>

    <p class='ocr_par' dir='ltr' id='par_1_7' title="bbox 394 1918 1094 2042">
     <span class='ocr_line' id='line_1_36' title="bbox 439 1918 1094 1956; baseline 0.003 -6"><span class='ocrx_word' id='word_1_242' title='bbox 439 1918 645 1950; x_wconf 82' lang='lat' dir='ltr'>contumaces</span> <span class='ocrx_word' id='word_1_243' title='bbox 660 1921 722 1955; x_wconf 86' lang='lat' dir='ltr'>xiii,</span> <span class='ocrx_word' id='word_1_244' title='bbox 735 1924 767 1956; x_wconf 87' lang='grc'>7,</span> <span class='ocrx_word' id='word_1_245' title='bbox 782 1924 803 1952; x_wconf 87' lang='grc'>4</span> <span class='ocrx_word' id='word_1_246' title='bbox 827 1921 1016 1952; x_wconf 79' lang='lat' dir='ltr'>foeminarum</span> <span class='ocrx_word' id='word_1_247' title='bbox 1029 1922 1094 1952; x_wconf 89' lang='lat' dir='ltr'>ani-</span> 
     </span>
     <span class='ocr_line' id='line_1_37' title="bbox 394 1960 1091 2000; baseline 0.006 -11"><span class='ocrx_word' id='word_1_248' title='bbox 394 1960 436 1990; x_wconf 86' lang='lat' dir='ltr'>mi</span> <span class='ocrx_word' id='word_1_249' title='bbox 461 1971 511 1996; x_wconf 87' lang='lat' dir='ltr'>xx,</span> <span class='ocrx_word' id='word_1_250' title='bbox 527 1964 559 1996; x_wconf 97' lang='lat'>4,</span> <span class='ocrx_word' id='word_1_251' title='bbox 578 1965 616 1992; x_wconf 85' lang='lat'>13</span> <span class='ocrx_word' id='word_1_252' title='bbox 652 1963 741 1992; x_wconf 86' lang='lat' dir='ltr'>urbes</span> <span class='ocrx_word' id='word_1_253' title='bbox 771 1968 968 1995; x_wconf 84' lang='lat' dir='ltr'>contumaces</span> <span class='ocrx_word' id='word_1_254' title='bbox 990 1965 1091 2000; x_wconf 81' lang='lat' dir='ltr'>xxxiv,</span> 
     </span>
     <span class='ocr_line' id='line_1_38' title="bbox 396 2005 884 2042; baseline 0.006 -8"><span class='ocrx_word' id='word_1_255' title='bbox 396 2006 427 2037; x_wconf 86' lang='lat'><strong>1,</strong></span> <span class='ocrx_word' id='word_1_256' title='bbox 443 2006 461 2033; x_wconf 89' lang='lat'><strong>5</strong></span> <span class='ocrx_word' id='word_1_257' title='bbox 487 2005 696 2035; x_wconf 85' lang='lat' dir='ltr'>contumacior</span> <span class='ocrx_word' id='word_1_258' title='bbox 711 2005 803 2041; x_wconf 82' lang='lat' dir='ltr'>xxxii,</span> <span class='ocrx_word' id='word_1_259' title='bbox 819 2008 851 2042; x_wconf 91' lang='lat'>3,</span> <span class='ocrx_word' id='word_1_260' title='bbox 868 2009 884 2037; x_wconf 92' lang='lat' dir='ltr'>l</span> 
     </span>
    </p>

    <p class='ocr_par' dir='ltr' id='par_1_8' title="bbox 438 2044 822 2084">
     <span class='ocr_line' id='line_1_39' title="bbox 438 2044 822 2084; baseline 0.008 -9"><span class='ocrx_word' id='word_1_261' title='bbox 438 2044 642 2076; x_wconf 84' lang='lat' dir='ltr'>Contumacia</span> <span class='ocrx_word' id='word_1_262' title='bbox 654 2048 716 2082; x_wconf 87' lang='lat' dir='ltr'>viii,</span> <span class='ocrx_word' id='word_1_263' title='bbox 733 2051 764 2084; x_wconf 90' lang='lat'>5,</span> <span class='ocrx_word' id='word_1_264' title='bbox 782 2051 822 2078; x_wconf 88' lang='grc'>10</span> 
     </span>
    </p>

    <p class='ocr_par' dir='ltr' id='par_1_9' title="bbox 395 2087 1092 2299">
     <span class='ocr_line' id='line_1_40' title="bbox 439 2087 1091 2131; baseline 0.006 -14"><span class='ocrx_word' id='word_1_265' title='bbox 439 2087 637 2119; x_wconf 84' lang='lat' dir='ltr'>Contumelia</span> <span class='ocrx_word' id='word_1_266' title='bbox 659 2089 749 2130; x_wconf 86' lang='lat' dir='ltr'>regis,</span> <span class='ocrx_word' id='word_1_267' title='bbox 777 2095 811 2120; x_wconf 90' lang='lat' dir='ltr'>ut</span> <span class='ocrx_word' id='word_1_268' title='bbox 826 2090 972 2130; x_wconf 87' lang='lat' dir='ltr'>parentis,</span> <span class='ocrx_word' id='word_1_269' title='bbox 1002 2101 1091 2131; x_wconf 77' lang='lat' dir='ltr'>aequo</span> 
     </span>
     <span class='ocr_line' id='line_1_41' title="bbox 395 2130 1091 2173; baseline 0.006 -14"><span class='ocrx_word' id='word_1_270' title='bbox 395 2130 497 2161; x_wconf 87' lang='lat' dir='ltr'>animo</span> <span class='ocrx_word' id='word_1_271' title='bbox 513 2130 639 2161; x_wconf 79' lang='lat' dir='ltr'>serenda</span> <span class='ocrx_word' id='word_1_272' title='bbox 655 2143 704 2167; x_wconf 85' lang='lat' dir='ltr'>xv,</span> <span class='ocrx_word' id='word_1_273' title='bbox 719 2135 750 2167; x_wconf 88' lang='grc'>3,</span> <span class='ocrx_word' id='word_1_274' title='bbox 769 2136 808 2163; x_wconf 93' lang='grc'>10</span> <span class='ocrx_word' id='word_1_275' title='bbox 835 2132 959 2173; x_wconf 87' lang='lat' dir='ltr'>(Simile</span> <span class='ocrx_word' id='word_1_276' title='bbox 974 2133 1091 2163; x_wconf 87' lang='lat' dir='ltr'>dictum</span> 
     </span>
     <span class='ocr_line' id='line_1_42' title="bbox 395 2173 1092 2213; baseline 0.004 -11"><span class='ocrx_word' id='word_1_277' title='bbox 395 2178 479 2202; x_wconf 76' lang='lat' dir='ltr'>extat</span> <span class='ocrx_word' id='word_1_278' title='bbox 517 2173 548 2202; x_wconf 90' lang='lat' dir='ltr'>in</span> <span class='ocrx_word' id='word_1_279' title='bbox 572 2173 637 2204; x_wconf 89' lang='lat' dir='ltr'>Liv.</span> <span class='ocrx_word' id='word_1_280' title='bbox 667 2175 759 2210; x_wconf 81' lang='lat' dir='ltr'>xxvii,</span> <span class='ocrx_word' id='word_1_281' title='bbox 789 2177 842 2209; x_wconf 82' lang='lat'>36,</span> <span class='ocrx_word' id='word_1_282' title='bbox 870 2175 928 2213; x_wconf 84' lang='lat'>12)</span> <span class='ocrx_word' id='word_1_283' title='bbox 955 2175 1092 2206; x_wconf 88' lang='lat' dir='ltr'>Freinsh.</span> 
     </span>
     <span class='ocr_line' id='line_1_43' title="bbox 395 2215 1092 2257; baseline 0.007 -13"><span class='ocrx_word' id='word_1_284' title='bbox 395 2215 597 2246; x_wconf 85' lang='lat' dir='ltr'>contumelias</span> <span class='ocrx_word' id='word_1_285' title='bbox 613 2217 778 2247; x_wconf 82' lang='lat' dir='ltr'>honoribus</span> <span class='ocrx_word' id='word_1_286' title='bbox 805 2217 933 2257; x_wconf 89' lang='lat' dir='ltr'>explent</span> <span class='ocrx_word' id='word_1_287' title='bbox 957 2228 987 2254; x_wconf 92' lang='lat' dir='ltr'>v,</span> <span class='ocrx_word' id='word_1_288' title='bbox 1002 2221 1035 2253; x_wconf 86' lang='lat'>4,</span> <span class='ocrx_word' id='word_1_289' title='bbox 1052 2221 1092 2250; x_wconf 84' lang='lat'>16</span> 
     </span>
     <span class='ocr_line' id='line_1_44' title="bbox 395 2258 1081 2299; baseline 0.009 -13"><span class='ocrx_word' id='word_1_290' title='bbox 395 2258 590 2288; x_wconf 88' lang='lat' dir='ltr'>contumeliis</span> <span class='ocrx_word' id='word_1_291' title='bbox 605 2258 736 2299; x_wconf 90' lang='lat' dir='ltr'>alicujus</span> <span class='ocrx_word' id='word_1_292' title='bbox 753 2270 784 2289; x_wconf 87' lang='lat' dir='ltr'>se</span> <span class='ocrx_word' id='word_1_293' title='bbox 800 2261 908 2290; x_wconf 86' lang='lat' dir='ltr'>satiare</span> <span class='ocrx_word' id='word_1_294' title='bbox 924 2260 975 2298; x_wconf 89' lang='lat' dir='ltr'>xii,</span> <span class='ocrx_word' id='word_1_295' title='bbox 992 2264 1044 2297; x_wconf 95' lang='grc'>12,</span> <span class='ocrx_word' id='word_1_296' title='bbox 1060 2264 1081 2292; x_wconf 91' lang='grc'><strong>6</strong></span> 
     </span>
    </p>

    <p class='ocr_par' dir='ltr' id='par_1_10' title="bbox 438 2299 846 2338">
     <span class='ocr_line' id='line_1_45' title="bbox 438 2299 846 2338; baseline 0.01 -9"><span class='ocrx_word' id='word_1_297' title='bbox 438 2299 699 2332; x_wconf 79' lang='lat' dir='ltr'>contumeliosius</span> <span class='ocrx_word' id='word_1_298' title='bbox 712 2313 742 2338; x_wconf 91' lang='lat' dir='ltr'>v,</span> <span class='ocrx_word' id='word_1_299' title='bbox 758 2306 790 2338; x_wconf 88' lang='lat'>4,</span> <span class='ocrx_word' id='word_1_300' title='bbox 809 2305 846 2333; x_wconf 84' lang='grc'>13</span> 
     </span>
    </p>

    <p class='ocr_par' dir='ltr' id='par_1_11' title="bbox 394 2342 1092 2505">
     <span class='ocr_line' id='line_1_46' title="bbox 438 2342 1092 2384; baseline 0.005 -11"><span class='ocrx_word' id='word_1_301' title='bbox 438 2342 661 2374; x_wconf 88' lang='lat' dir='ltr'>Convalescere</span> <span class='ocrx_word' id='word_1_302' title='bbox 688 2345 761 2384; x_wconf 87' lang='lat' dir='ltr'>(pro</span> <span class='ocrx_word' id='word_1_303' title='bbox 787 2344 973 2380; x_wconf 85' lang='lat' dir='ltr'>adolescere,</span> <span class='ocrx_word' id='word_1_304' title='bbox 1003 2345 1092 2376; x_wconf 90' lang='lat' dir='ltr'>robur</span> 
     </span>
     <span class='ocr_line' id='line_1_47' title="bbox 394 2385 1091 2426; baseline 0.006 -11"><span class='ocrx_word' id='word_1_305' title='bbox 394 2385 567 2426; x_wconf 80' lang='lat' dir='ltr'>acquirere)</span> <span class='ocrx_word' id='word_1_306' title='bbox 584 2386 628 2422; x_wconf 91' lang='lat' dir='ltr'>iii,</span> <span class='ocrx_word' id='word_1_307' title='bbox 643 2389 675 2421; x_wconf 91' lang='grc'>2,</span> <span class='ocrx_word' id='word_1_308' title='bbox 691 2390 722 2418; x_wconf 87' lang='grc'>7.</span> <span class='ocrx_word' id='word_1_309' title='bbox 747 2388 789 2423; x_wconf 91' lang='lat' dir='ltr'>iii,</span> <span class='ocrx_word' id='word_1_310' title='bbox 803 2390 834 2422; x_wconf 88' lang='lat'>4,</span> <span class='ocrx_word' id='word_1_311' title='bbox 851 2389 881 2417; x_wconf 91' lang='lat'>1.</span> <span class='ocrx_word' id='word_1_312' title='bbox 915 2387 998 2423; x_wconf 87' lang='lat' dir='ltr'>xviii,</span> <span class='ocrx_word' id='word_1_313' title='bbox 1012 2392 1045 2425; x_wconf 87' lang='lat'>4,</span> <span class='ocrx_word' id='word_1_314' title='bbox 1064 2392 1091 2419; x_wconf 93' lang='lat' dir='ltr'>l.</span> 
     </span>
     <span class='ocr_line' id='line_1_48' title="bbox 395 2428 1091 2466; baseline 0.007 -10"><span class='ocrx_word' id='word_1_315' title='bbox 395 2428 498 2466; x_wconf 82' lang='lat' dir='ltr'>xxxvi,</span> <span class='ocrx_word' id='word_1_316' title='bbox 521 2431 552 2463; x_wconf 90' lang='grc'>2,</span> <span class='ocrx_word' id='word_1_317' title='bbox 583 2431 622 2459; x_wconf 88' lang='lat'>18</span> <span class='ocrx_word' id='word_1_318' title='bbox 647 2429 782 2460; x_wconf 79' lang='lat' dir='ltr'>Freinsh.</span> <span class='ocrx_word' id='word_1_319' title='bbox 819 2430 1031 2461; x_wconf 86' lang='lat' dir='ltr'>convalescere</span> <span class='ocrx_word' id='word_1_320' title='bbox 1055 2442 1091 2461; x_wconf 84' lang='lat' dir='ltr'>ex</span> 
     </span>
     <span class='ocr_line' id='line_1_49' title="bbox 394 2470 659 2505; baseline 0.015 -7"><span class='ocrx_word' id='word_1_321' title='bbox 394 2470 520 2501; x_wconf 79' lang='lat' dir='ltr'>vulnere</span> <span class='ocrx_word' id='word_1_322' title='bbox 535 2471 576 2505; x_wconf 87' lang='lat' dir='ltr'>ix,</span> <span class='ocrx_word' id='word_1_323' title='bbox 593 2474 623 2505; x_wconf 83' lang='lat'>3,</span> <span class='ocrx_word' id='word_1_324' title='bbox 640 2474 659 2502; x_wconf 85' lang='lat'><strong>4</strong></span> 
     </span>
    </p>

    <p class='ocr_par' dir='ltr' id='par_1_12' title="bbox 437 2513 1032 2550">
     <span class='ocr_line' id='line_1_50' title="bbox 437 2513 1032 2550; baseline 0.007 -8"><span class='ocrx_word' id='word_1_325' title='bbox 437 2513 653 2543; x_wconf 80' lang='lat' dir='ltr'>Convenarum</span> <span class='ocrx_word' id='word_1_326' title='bbox 669 2514 816 2544; x_wconf 84' lang='lat' dir='ltr'>colluvies</span> <span class='ocrx_word' id='word_1_327' title='bbox 832 2514 954 2550; x_wconf 80' lang='lat' dir='ltr'>xxxviii,</span> <span class='ocrx_word' id='word_1_328' title='bbox 970 2517 1001 2549; x_wconf 89' lang='grc'>7,</span> <span class='ocrx_word' id='word_1_329' title='bbox 1017 2518 1032 2546; x_wconf 95' lang='grc'>1</span> 
     </span>
    </p>

    <p class='ocr_par' dir='ltr' id='par_1_13' title="bbox 393 2555 1092 3020">
     <span class='ocr_line' id='line_1_51' title="bbox 438 2555 1090 2597; baseline 0.003 -11"><span class='ocrx_word' id='word_1_330' title='bbox 438 2555 612 2586; x_wconf 86' lang='lat' dir='ltr'>Convenire</span> <span class='ocrx_word' id='word_1_331' title='bbox 632 2556 705 2597; x_wconf 90' lang='lat' dir='ltr'>(pro</span> <span class='ocrx_word' id='word_1_332' title='bbox 731 2557 942 2597; x_wconf 84' lang='lat' dir='ltr'>complacere)</span> <span class='ocrx_word' id='word_1_333' title='bbox 966 2557 1009 2593; x_wconf 85' lang='lat' dir='ltr'>ix,</span> <span class='ocrx_word' id='word_1_334' title='bbox 1024 2562 1055 2592; x_wconf 87' lang='lat'><strong>5,</strong></span> <span class='ocrx_word' id='word_1_335' title='bbox 1072 2561 1090 2589; x_wconf 87' lang='lat'><strong>3</strong></span> 
     </span>
     <span class='ocr_line' id='line_1_52' title="bbox 395 2599 1092 2640; baseline 0.004 -13"><span class='ocrx_word' id='word_1_336' title='bbox 395 2607 454 2638; x_wconf 86' lang='lat' dir='ltr'>pax</span> <span class='ocrx_word' id='word_1_337' title='bbox 471 2608 534 2628; x_wconf 90' lang='lat' dir='ltr'>non</span> <span class='ocrx_word' id='word_1_338' title='bbox 550 2600 695 2629; x_wconf 85' lang='lat' dir='ltr'>convenit</span> <span class='ocrx_word' id='word_1_339' title='bbox 709 2599 781 2639; x_wconf 90' lang='lat' dir='ltr'>(pro</span> <span class='ocrx_word' id='word_1_340' title='bbox 796 2601 835 2630; x_wconf 86' lang='lat' dir='ltr'>de</span> <span class='ocrx_word' id='word_1_341' title='bbox 851 2610 927 2640; x_wconf 89' lang='lat' dir='ltr'>pace</span> <span class='ocrx_word' id='word_1_342' title='bbox 942 2610 1004 2630; x_wconf 91' lang='lat' dir='ltr'>non</span> <span class='ocrx_word' id='word_1_343' title='bbox 1018 2611 1092 2631; x_wconf 89' lang='lat' dir='ltr'>con-</span> 
     </span>
     <span class='ocr_line' id='line_1_53' title="bbox 394 2640 1091 2681; baseline 0.006 -12"><span class='ocrx_word' id='word_1_344' title='bbox 394 2640 494 2679; x_wconf 89' lang='lat' dir='ltr'>venit)</span> <span class='ocrx_word' id='word_1_345' title='bbox 511 2651 579 2676; x_wconf 90' lang='lat' dir='ltr'>xxx,</span> <span class='ocrx_word' id='word_1_346' title='bbox 596 2643 626 2675; x_wconf 89' lang='lat'>3.</span> <span class='ocrx_word' id='word_1_347' title='bbox 645 2645 683 2673; x_wconf 89' lang='grc'>10</span> <span class='ocrx_word' id='word_1_348' title='bbox 699 2642 786 2681; x_wconf 87' lang='lat' dir='ltr'>(vide</span> <span class='ocrx_word' id='word_1_349' title='bbox 802 2643 893 2672; x_wconf 74' lang='lat' dir='ltr'>etiam</span> <span class='ocrx_word' id='word_1_350' title='bbox 907 2642 1044 2672; x_wconf 88' lang='lat' dir='ltr'>Nonium</span> <span class='ocrx_word' id='word_1_351' title='bbox 1059 2643 1091 2673; x_wconf 86' lang='lat' dir='ltr'>in</span> 
     </span>
     <span class='ocr_line' id='line_1_54' title="bbox 395 2683 1091 2722; baseline 0.004 -10"><span class='ocrx_word' id='word_1_352' title='bbox 395 2683 587 2722; x_wconf 85' lang='lat' dir='ltr'>Convenire)</span> <span class='ocrx_word' id='word_1_353' title='bbox 603 2683 740 2714; x_wconf 81' lang='lat' dir='ltr'>Freinsh.</span> <span class='ocrx_word' id='word_1_354' title='bbox 771 2685 961 2715; x_wconf 81' lang='lat' dir='ltr'>conveniunt</span> <span class='ocrx_word' id='word_1_355' title='bbox 989 2685 1091 2716; x_wconf 84' lang='lat' dir='ltr'>vultus</span> 
     </span>
     <span class='ocr_line' id='line_1_55' title="bbox 393 2725 1091 2768; baseline 0.004 -14"><span class='ocrx_word' id='word_1_356' title='bbox 393 2725 575 2761; x_wconf 77' lang='lat' dir='ltr'>similitudo,</span> <span class='ocrx_word' id='word_1_357' title='bbox 600 2732 633 2756; x_wconf 88' lang='lat' dir='ltr'>ct</span> <span class='ocrx_word' id='word_1_358' title='bbox 663 2727 864 2766; x_wconf 84' lang='lat' dir='ltr'>expositionis</span> <span class='ocrx_word' id='word_1_359' title='bbox 894 2733 1032 2768; x_wconf 88' lang='lat' dir='ltr'>tempora</span> <span class='ocrx_word' id='word_1_360' title='bbox 1061 2733 1091 2758; x_wconf 89' lang='lat' dir='ltr'>et</span> 
     </span>
     <span class='ocr_line' id='line_1_56' title="bbox 394 2767 1091 2810; baseline 0.003 -12"><span class='ocrx_word' id='word_1_361' title='bbox 394 2767 525 2807; x_wconf 78' lang='lat' dir='ltr'>pastoris</span> <span class='ocrx_word' id='word_1_362' title='bbox 540 2768 693 2799; x_wconf 86' lang='lat' dir='ltr'>consessio</span> <span class='ocrx_word' id='word_1_363' title='bbox 712 2769 732 2805; x_wconf 81' lang='lat' dir='ltr'>i,</span> <span class='ocrx_word' id='word_1_364' title='bbox 749 2774 780 2805; x_wconf 89' lang='lat'><strong>5,</strong></span> <span class='ocrx_word' id='word_1_365' title='bbox 796 2773 815 2800; x_wconf 97' lang='lat'><strong>4</strong></span> <span class='ocrx_word' id='word_1_366' title='bbox 852 2780 922 2810; x_wconf 83' lang='lat' dir='ltr'>quae</span> <span class='ocrx_word' id='word_1_367' title='bbox 949 2780 1008 2810; x_wconf 88' lang='lat' dir='ltr'>pax</span> <span class='ocrx_word' id='word_1_368' title='bbox 1027 2781 1091 2800; x_wconf 91' lang='lat' dir='ltr'>non</span> 
     </span>
     <span class='ocr_line' id='line_1_57' title="bbox 394 2810 1091 2849; baseline 0.006 -10"><span class='ocrx_word' id='word_1_369' title='bbox 394 2810 469 2849; x_wconf 83' lang='lat' dir='ltr'>ipsis</span> <span class='ocrx_word' id='word_1_370' title='bbox 496 2810 670 2840; x_wconf 82' lang='lat' dir='ltr'>civitatibus</span> <span class='ocrx_word' id='word_1_371' title='bbox 704 2812 860 2848; x_wconf 89' lang='lat' dir='ltr'>convenit,</span> <span class='ocrx_word' id='word_1_372' title='bbox 896 2813 950 2842; x_wconf 85' lang='lat' dir='ltr'>sed</span> <span class='ocrx_word' id='word_1_373' title='bbox 977 2823 994 2842; x_wconf 90' lang='lat' dir='ltr'>a</span> <span class='ocrx_word' id='word_1_374' title='bbox 1028 2813 1091 2844; x_wconf 92' lang='lat' dir='ltr'>vic-</span> 
     </span>
     <span class='ocr_line' id='line_1_58' title="bbox 395 2852 1091 2894; baseline 0.007 -14"><span class='ocrx_word' id='word_1_375' title='bbox 395 2857 460 2881; x_wconf 86' lang='lat' dir='ltr'>tore</span> <span class='ocrx_word' id='word_1_376' title='bbox 482 2852 587 2887; x_wconf 77' lang='lat' dir='ltr'>fertur,</span> <span class='ocrx_word' id='word_1_377' title='bbox 611 2864 672 2883; x_wconf 89' lang='lat' dir='ltr'>non</span> <span class='ocrx_word' id='word_1_378' title='bbox 696 2863 767 2894; x_wconf 85' lang='lat' dir='ltr'><strong>pax,</strong></span> <span class='ocrx_word' id='word_1_379' title='bbox 791 2855 846 2885; x_wconf 90' lang='lat' dir='ltr'>sed</span> <span class='ocrx_word' id='word_1_380' title='bbox 879 2855 1006 2885; x_wconf 87' lang='lat' dir='ltr'>servitus</span> <span class='ocrx_word' id='word_1_381' title='bbox 1037 2856 1091 2885; x_wconf 88' lang='lat' dir='ltr'>ha·</span> 
     </span>
     <span class='ocr_line' id='line_1_59' title="bbox 393 2893 1090 2937; baseline 0.006 -14"><span class='ocrx_word' id='word_1_382' title='bbox 393 2893 498 2937; x_wconf 57' lang='lat' dir='ltr'>benda</span> <span class='ocrx_word' id='word_1_383' title='bbox 512 2895 552 2930; x_wconf 90' lang='lat' dir='ltr'>ix,</span> <span class='ocrx_word' id='word_1_384' title='bbox 569 2899 600 2931; x_wconf 85' lang='lat'>5.</span> <span class='ocrx_word' id='word_1_385' title='bbox 617 2898 636 2926; x_wconf 88' lang='grc'><strong>3</strong></span> <span class='ocrx_word' id='word_1_386' title='bbox 668 2905 740 2926; x_wconf 89' lang='lat' dir='ltr'>cum</span> <span class='ocrx_word' id='word_1_387' title='bbox 755 2897 795 2927; x_wconf 87' lang='lat' dir='ltr'>de</span> <span class='ocrx_word' id='word_1_388' title='bbox 822 2898 924 2937; x_wconf 86' lang='lat' dir='ltr'>praeda</span> <span class='ocrx_word' id='word_1_389' title='bbox 939 2907 1001 2927; x_wconf 88' lang='lat' dir='ltr'>non</span> <span class='ocrx_word' id='word_1_390' title='bbox 1017 2908 1090 2928; x_wconf 88' lang='lat' dir='ltr'>con-</span> 
     </span>
     <span class='ocr_line' id='line_1_60' title="bbox 394 2936 1090 2973; baseline 0.007 -8"><span class='ocrx_word' id='word_1_391' title='bbox 394 2936 514 2965; x_wconf 82' lang='lat' dir='ltr'>veniret</span> <span class='ocrx_word' id='word_1_392' title='bbox 538 2947 587 2973; x_wconf 88' lang='lat' dir='ltr'>xv,</span> <span class='ocrx_word' id='word_1_393' title='bbox 613 2940 645 2973; x_wconf 92' lang='lat'><strong>4,</strong></span> <span class='ocrx_word' id='word_1_394' title='bbox 666 2940 706 2969; x_wconf 87' lang='grc'>23</span> <span class='ocrx_word' id='word_1_395' title='bbox 741 2940 886 2970; x_wconf 89' lang='lat' dir='ltr'>convenit</span> <span class='ocrx_word' id='word_1_396' title='bbox 906 2938 996 2970; x_wconf 86' lang='lat' dir='ltr'>alicui</span> <span class='ocrx_word' id='word_1_397' title='bbox 1021 2949 1090 2970; x_wconf 88' lang='lat' dir='ltr'>curn</span> 
     </span>
     <span class='ocr_line' id='line_1_61' title="bbox 395 2977 1092 3020; baseline 0.009 -13"><span class='ocrx_word' id='word_1_398' title='bbox 395 2977 499 3019; x_wconf 84' lang='lat' dir='ltr'>aliquo</span> <span class='ocrx_word' id='word_1_399' title='bbox 525 2979 563 3009; x_wconf 88' lang='lat' dir='ltr'>de</span> <span class='ocrx_word' id='word_1_400' title='bbox 590 2989 666 3020; x_wconf 84' lang='lat' dir='ltr'>pace</span> <span class='ocrx_word' id='word_1_401' title='bbox 698 2980 760 3018; x_wconf 82' lang='lat' dir='ltr'>xxi,</span> <span class='ocrx_word' id='word_1_402' title='bbox 775 2984 808 3020; x_wconf 90' lang='grc'>2,</span> <span class='ocrx_word' id='word_1_403' title='bbox 824 2985 846 3013; x_wconf 86' lang='grc'><strong>6</strong></span> <span class='ocrx_word' id='word_1_404' title='bbox 881 2988 1092 3014; x_wconf 85' lang='lat' dir='ltr'>convenerunt</span> 
     </span>
    </p>
   </div>
   <div class='ocr_carea' id='block_1_3' title="bbox 1141 474 1844 3027">
    <p class='ocr_par' dir='ltr' id='par_1_14' title="bbox 1141 474 1667 517">
     <span class='ocr_line' id='line_1_62' title="bbox 1141 474 1667 517; baseline 0.006 -12"><span class='ocrx_word' id='word_1_405' title='bbox 1141 475 1238 517; x_wconf 84' lang='lat' dir='ltr'>legati</span> <span class='ocrx_word' id='word_1_406' title='bbox 1252 475 1290 506; x_wconf 91' lang='lat' dir='ltr'>ad</span> <span class='ocrx_word' id='word_1_407' title='bbox 1304 474 1493 507; x_wconf 83' lang='lat' dir='ltr'>Antiochum</span> <span class='ocrx_word' id='word_1_408' title='bbox 1508 475 1589 513; x_wconf 84' lang='lat' dir='ltr'>xxxi,</span> <span class='ocrx_word' id='word_1_409' title='bbox 1603 478 1635 513; x_wconf 89' lang='lat'><strong>4,</strong></span> <span class='ocrx_word' id='word_1_410' title='bbox 1649 479 1667 508; x_wconf 83' lang='lat'><strong><em>5</em></strong></span> 
     </span>
    </p>

    <p class='ocr_par' dir='ltr' id='par_1_15' title="bbox 1145 518 1839 596">
     <span class='ocr_line' id='line_1_63' title="bbox 1187 518 1839 558; baseline 0.003 -9"><span class='ocrx_word' id='word_1_411' title='bbox 1187 518 1384 549; x_wconf 87' lang='lat' dir='ltr'>Conventum</span> <span class='ocrx_word' id='word_1_412' title='bbox 1396 519 1476 549; x_wconf 85' lang='lat' dir='ltr'>orbis</span> <span class='ocrx_word' id='word_1_413' title='bbox 1492 524 1635 550; x_wconf 87' lang='lat' dir='ltr'>terrarum</span> <span class='ocrx_word' id='word_1_414' title='bbox 1648 523 1771 550; x_wconf 79' lang='lat' dir='ltr'>acturus</span> <span class='ocrx_word' id='word_1_415' title='bbox 1782 518 1839 558; x_wconf 82' lang='lat' dir='ltr'>xii,</span> 
     </span>
     <span class='ocr_line' id='line_1_64' title="bbox 1145 563 1233 596; baseline -0.011 -4"><span class='ocrx_word' id='word_1_416' title='bbox 1145 563 1196 596; x_wconf 84' lang='lat'>13,</span> <span class='ocrx_word' id='word_1_417' title='bbox 1214 563 1233 591; x_wconf 86' lang='lat'>3</span> 
     </span>
    </p>

    <p class='ocr_par' dir='ltr' id='par_1_16' title="bbox 1144 603 1843 683">
     <span class='ocr_line' id='line_1_65' title="bbox 1187 603 1843 642; baseline 0.005 -9"><span class='ocrx_word' id='word_1_418' title='bbox 1187 603 1389 633; x_wconf 89' lang='lat' dir='ltr'>Conversatio</span> <span class='ocrx_word' id='word_1_419' title='bbox 1403 603 1530 634; x_wconf 82' lang='lat' dir='ltr'>nutricis</span> <span class='ocrx_word' id='word_1_420' title='bbox 1541 604 1614 642; x_wconf 86' lang='lat' dir='ltr'>xliv,</span> <span class='ocrx_word' id='word_1_421' title='bbox 1628 607 1660 641; x_wconf 88' lang='grc'>4,</span> <span class='ocrx_word' id='word_1_422' title='bbox 1677 606 1697 636; x_wconf 89' lang='grc'>8</span> <span class='ocrx_word' id='word_1_423' title='bbox 1719 603 1843 636; x_wconf 86' lang='lat' dir='ltr'>Parthi-</span> 
     </span>
     <span class='ocr_line' id='line_1_66' title="bbox 1144 644 1591 683; baseline 0.002 -6"><span class='ocrx_word' id='word_1_424' title='bbox 1144 655 1189 677; x_wconf 86' lang='lat' dir='ltr'>cae</span> <span class='ocrx_word' id='word_1_425' title='bbox 1205 644 1395 676; x_wconf 85' lang='lat' dir='ltr'>crudelitatis</span> <span class='ocrx_word' id='word_1_426' title='bbox 1410 646 1508 683; x_wconf 82' lang='lat' dir='ltr'>xxxix,</span> <span class='ocrx_word' id='word_1_427' title='bbox 1524 650 1556 683; x_wconf 92' lang='lat'>1,</span> <span class='ocrx_word' id='word_1_428' title='bbox 1571 649 1591 678; x_wconf 88' lang='grc'><strong>3</strong></span> 
     </span>
    </p>

    <p class='ocr_par' dir='ltr' id='par_1_17' title="bbox 1143 688 1844 1237">
     <span class='ocr_line' id='line_1_67' title="bbox 1188 688 1842 729; baseline 0.003 -10"><span class='ocrx_word' id='word_1_429' title='bbox 1188 688 1374 719; x_wconf 81' lang='lat' dir='ltr'>Convertere</span> <span class='ocrx_word' id='word_1_430' title='bbox 1389 688 1462 729; x_wconf 90' lang='lat' dir='ltr'>(pro</span> <span class='ocrx_word' id='word_1_431' title='bbox 1472 689 1605 728; x_wconf 88' lang='lat' dir='ltr'>vertere)</span> <span class='ocrx_word' id='word_1_432' title='bbox 1620 689 1666 729; x_wconf 90' lang='lat' dir='ltr'>iii,</span> <span class='ocrx_word' id='word_1_433' title='bbox 1677 691 1709 726; x_wconf 88' lang='grc'>2,</span> <span class='ocrx_word' id='word_1_434' title='bbox 1723 692 1742 721; x_wconf 89' lang='lat'>1</span> <span class='ocrx_word' id='word_1_435' title='bbox 1764 699 1842 721; x_wconf 86' lang='lat' dir='ltr'>con-</span> 
     </span>
     <span class='ocr_line' id='line_1_68' title="bbox 1145 730 1843 773; baseline 0.006 -14"><span class='ocrx_word' id='word_1_436' title='bbox 1145 731 1235 761; x_wconf 89' lang='lat' dir='ltr'>vertit</span> <span class='ocrx_word' id='word_1_437' title='bbox 1249 730 1322 771; x_wconf 90' lang='lat' dir='ltr'>(pro</span> <span class='ocrx_word' id='word_1_438' title='bbox 1352 731 1454 768; x_wconf 91' lang='lat' dir='ltr'>vertit,</span> <span class='ocrx_word' id='word_1_439' title='bbox 1475 732 1536 762; x_wconf 90' lang='lat' dir='ltr'>hoc</span> <span class='ocrx_word' id='word_1_440' title='bbox 1550 737 1608 768; x_wconf 90' lang='lat' dir='ltr'>est,</span> <span class='ocrx_word' id='word_1_441' title='bbox 1634 742 1754 763; x_wconf 83' lang='lat' dir='ltr'>versum</span> <span class='ocrx_word' id='word_1_442' title='bbox 1776 731 1843 773; x_wconf 84' lang='lat' dir='ltr'>est)</span> 
     </span>
     <span class='ocr_line' id='line_1_69' title="bbox 1144 773 1844 816; baseline 0.007 -14"><span class='ocrx_word' id='word_1_443' title='bbox 1144 773 1246 809; x_wconf 85' lang='lat' dir='ltr'>xxxvi,</span> <span class='ocrx_word' id='word_1_444' title='bbox 1262 776 1295 810; x_wconf 90' lang='grc'>2,</span> <span class='ocrx_word' id='word_1_445' title='bbox 1311 775 1350 804; x_wconf 91' lang='grc'>15</span> <span class='ocrx_word' id='word_1_446' title='bbox 1366 773 1429 815; x_wconf 78' lang='lat' dir='ltr'>(ita</span> <span class='ocrx_word' id='word_1_447' title='bbox 1442 774 1566 804; x_wconf 84' lang='lat' dir='ltr'>Sallust.</span> <span class='ocrx_word' id='word_1_448' title='bbox 1583 775 1615 804; x_wconf 91' lang='lat' dir='ltr'>in</span> <span class='ocrx_word' id='word_1_449' title='bbox 1630 774 1722 805; x_wconf 84' lang='lat' dir='ltr'>Catil.</span> <span class='ocrx_word' id='word_1_450' title='bbox 1737 778 1770 812; x_wconf 85' lang='lat'>6,</span> <span class='ocrx_word' id='word_1_451' title='bbox 1783 775 1844 816; x_wconf 89' lang='grc'>10)</span> 
     </span>
     <span class='ocr_line' id='line_1_70' title="bbox 1144 815 1843 857; baseline 0.004 -12"><span class='ocrx_word' id='word_1_452' title='bbox 1144 815 1281 846; x_wconf 87' lang='lat' dir='ltr'>Freinsh.</span> <span class='ocrx_word' id='word_1_453' title='bbox 1304 816 1456 847; x_wconf 89' lang='lat' dir='ltr'>convertit</span> <span class='ocrx_word' id='word_1_454' title='bbox 1465 817 1525 848; x_wconf 86' lang='lat' dir='ltr'>hoc</span> <span class='ocrx_word' id='word_1_455' title='bbox 1536 817 1568 846; x_wconf 88' lang='lat' dir='ltr'>in</span> <span class='ocrx_word' id='word_1_456' title='bbox 1583 816 1778 857; x_wconf 85' lang='lat' dir='ltr'>disciplinam</span> <span class='ocrx_word' id='word_1_457' title='bbox 1793 828 1843 848; x_wconf 85' lang='lat' dir='ltr'>re·</span> 
     </span>
     <span class='ocr_line' id='line_1_71' title="bbox 1144 858 1843 899; baseline 0.003 -11"><span class='ocrx_word' id='word_1_458' title='bbox 1144 858 1351 899; x_wconf 84' lang='lat' dir='ltr'>ligionemque</span> <span class='ocrx_word' id='word_1_459' title='bbox 1373 859 1476 896; x_wconf 83' lang='lat' dir='ltr'>xxxvi,</span> <span class='ocrx_word' id='word_1_460' title='bbox 1502 862 1535 896; x_wconf 87' lang='lat'>2,</span> <span class='ocrx_word' id='word_1_461' title='bbox 1560 862 1599 891; x_wconf 91' lang='lat'>15</span> <span class='ocrx_word' id='word_1_462' title='bbox 1633 859 1751 897; x_wconf 84' lang='lat' dir='ltr'>oculos,</span> <span class='ocrx_word' id='word_1_463' title='bbox 1775 870 1843 891; x_wconf 87' lang='lat' dir='ltr'>sus·</span> 
     </span>
     <span class='ocr_line' id='line_1_72' title="bbox 1144 901 1842 942; baseline 0.001 -11"><span class='ocrx_word' id='word_1_464' title='bbox 1144 911 1241 941; x_wconf 90' lang='lat' dir='ltr'>pensa</span> <span class='ocrx_word' id='word_1_465' title='bbox 1256 912 1308 931; x_wconf 93' lang='lat' dir='ltr'>ora</span> <span class='ocrx_word' id='word_1_466' title='bbox 1320 902 1351 931; x_wconf 91' lang='lat' dir='ltr'>in</span> <span class='ocrx_word' id='word_1_467' title='bbox 1367 901 1499 942; x_wconf 90' lang='lat' dir='ltr'>aliquem</span> <span class='ocrx_word' id='word_1_468' title='bbox 1514 906 1690 933; x_wconf 88' lang='lat' dir='ltr'>convertere</span> <span class='ocrx_word' id='word_1_469' title='bbox 1705 912 1736 939; x_wconf 89' lang='lat' dir='ltr'>v,</span> <span class='ocrx_word' id='word_1_470' title='bbox 1750 905 1783 940; x_wconf 90' lang='lat'><strong>4,</strong></span> <span class='ocrx_word' id='word_1_471' title='bbox 1800 905 1842 934; x_wconf 84' lang='grc'>10</span> 
     </span>
     <span class='ocr_line' id='line_1_73' title="bbox 1143 944 1843 981; baseline 0.004 -8"><span class='ocrx_word' id='word_1_472' title='bbox 1143 944 1295 974; x_wconf 88' lang='lat' dir='ltr'>convertit</span> <span class='ocrx_word' id='word_1_473' title='bbox 1308 944 1473 974; x_wconf 82' lang='lat' dir='ltr'>exercitum</span> <span class='ocrx_word' id='word_1_474' title='bbox 1482 944 1604 975; x_wconf 85' lang='lat' dir='ltr'>Thebas</span> <span class='ocrx_word' id='word_1_475' title='bbox 1617 944 1659 981; x_wconf 82' lang='lat' dir='ltr'>xi,</span> <span class='ocrx_word' id='word_1_476' title='bbox 1674 947 1706 981; x_wconf 91' lang='lat'>3,</span> <span class='ocrx_word' id='word_1_477' title='bbox 1722 947 1743 976; x_wconf 90' lang='grc'><strong>6</strong></span> <span class='ocrx_word' id='word_1_478' title='bbox 1765 955 1843 976; x_wconf 88' lang='lat' dir='ltr'>con·</span> 
     </span>
     <span class='ocr_line' id='line_1_74' title="bbox 1144 986 1841 1018; baseline 0.003 -2"><span class='ocrx_word' id='word_1_479' title='bbox 1144 996 1263 1016; x_wconf 90' lang='lat' dir='ltr'>versum</span> <span class='ocrx_word' id='word_1_480' title='bbox 1279 991 1325 1017; x_wconf 89' lang='lat' dir='ltr'>est</span> <span class='ocrx_word' id='word_1_481' title='bbox 1351 986 1497 1017; x_wconf 84' lang='lat' dir='ltr'>auxilium</span> <span class='ocrx_word' id='word_1_482' title='bbox 1524 997 1629 1017; x_wconf 88' lang='lat' dir='ltr'>eorum</span> <span class='ocrx_word' id='word_1_483' title='bbox 1653 987 1686 1016; x_wconf 86' lang='lat' dir='ltr'>in</span> <span class='ocrx_word' id='word_1_484' title='bbox 1712 987 1841 1018; x_wconf 88' lang='lat' dir='ltr'>exitium</span> 
     </span>
     <span class='ocr_line' id='line_1_75' title="bbox 1143 1029 1842 1065; baseline 0.004 -7"><span class='ocrx_word' id='word_1_485' title='bbox 1143 1029 1205 1065; x_wconf 91' lang='lat' dir='ltr'>xvi,</span> <span class='ocrx_word' id='word_1_486' title='bbox 1221 1031 1253 1065; x_wconf 90' lang='lat'>4,</span> <span class='ocrx_word' id='word_1_487' title='bbox 1266 1031 1306 1060; x_wconf 89' lang='lat'>18</span> <span class='ocrx_word' id='word_1_488' title='bbox 1328 1029 1465 1060; x_wconf 86' lang='lat' dir='ltr'>converti</span> <span class='ocrx_word' id='word_1_489' title='bbox 1475 1030 1514 1060; x_wconf 90' lang='lat' dir='ltr'>ad</span> <span class='ocrx_word' id='word_1_490' title='bbox 1525 1029 1712 1060; x_wconf 87' lang='lat' dir='ltr'>destinatum</span> <span class='ocrx_word' id='word_1_491' title='bbox 1722 1029 1842 1061; x_wconf 84' lang='lat' dir='ltr'>facinus</span> 
     </span>
     <span class='ocr_line' id='line_1_76' title="bbox 1143 1071 1842 1113; baseline 0.006 -13"><span class='ocrx_word' id='word_1_492' title='bbox 1143 1071 1216 1111; x_wconf 90' lang='lat' dir='ltr'>(pro</span> <span class='ocrx_word' id='word_1_493' title='bbox 1232 1077 1410 1102; x_wconf 83' lang='lat' dir='ltr'>convertere</span> <span class='ocrx_word' id='word_1_494' title='bbox 1424 1072 1474 1113; x_wconf 89' lang='lat' dir='ltr'>se)</span> <span class='ocrx_word' id='word_1_495' title='bbox 1489 1072 1552 1108; x_wconf 86' lang='lat' dir='ltr'>xxi,</span> <span class='ocrx_word' id='word_1_496' title='bbox 1569 1075 1600 1108; x_wconf 91' lang='lat'>1,</span> <span class='ocrx_word' id='word_1_497' title='bbox 1615 1075 1636 1103; x_wconf 91' lang='grc'><strong>6</strong></span> <span class='ocrx_word' id='word_1_498' title='bbox 1664 1078 1842 1104; x_wconf 81' lang='lat' dir='ltr'>convertere</span> 
     </span>
     <span class='ocr_line' id='line_1_77' title="bbox 1143 1113 1841 1156; baseline 0.004 -14"><span class='ocrx_word' id='word_1_499' title='bbox 1143 1113 1278 1143; x_wconf 90' lang='lat' dir='ltr'>animum</span> <span class='ocrx_word' id='word_1_500' title='bbox 1291 1115 1331 1144; x_wconf 90' lang='lat' dir='ltr'>ad</span> <span class='ocrx_word' id='word_1_501' title='bbox 1343 1114 1458 1155; x_wconf 88' lang='lat' dir='ltr'>templa</span> <span class='ocrx_word' id='word_1_502' title='bbox 1470 1114 1552 1156; x_wconf 87' lang='lat' dir='ltr'>(scil.</span> <span class='ocrx_word' id='word_1_503' title='bbox 1564 1114 1744 1156; x_wconf 84' lang='lat' dir='ltr'>spolianda)</span> <span class='ocrx_word' id='word_1_504' title='bbox 1759 1115 1841 1152; x_wconf 84' lang='lat' dir='ltr'>xxiv,</span> 
     </span>
     <span class='ocr_line' id='line_1_78' title="bbox 1143 1156 1841 1199; baseline 0 -13"><span class='ocrx_word' id='word_1_505' title='bbox 1143 1159 1175 1192; x_wconf 88' lang='grc'><strong>6,</strong></span> <span class='ocrx_word' id='word_1_506' title='bbox 1190 1159 1210 1187; x_wconf 88' lang='grc'><strong>4</strong></span> <span class='ocrx_word' id='word_1_507' title='bbox 1227 1156 1330 1187; x_wconf 84' lang='lat' dir='ltr'>Vorst.</span> <span class='ocrx_word' id='word_1_508' title='bbox 1353 1163 1529 1188; x_wconf 89' lang='lat' dir='ltr'>convertere</span> <span class='ocrx_word' id='word_1_509' title='bbox 1543 1158 1622 1188; x_wconf 87' lang='lat' dir='ltr'>vires</span> <span class='ocrx_word' id='word_1_510' title='bbox 1635 1167 1706 1188; x_wconf 81' lang='lat' dir='ltr'>suas</span> <span class='ocrx_word' id='word_1_511' title='bbox 1720 1157 1752 1188; x_wconf 90' lang='lat' dir='ltr'>in</span> <span class='ocrx_word' id='word_1_512' title='bbox 1772 1168 1841 1199; x_wconf 78' lang='lat' dir='ltr'>per·</span> 
     </span>
     <span class='ocr_line' id='line_1_79' title="bbox 1143 1199 1606 1237; baseline 0.009 -9"><span class='ocrx_word' id='word_1_513' title='bbox 1143 1199 1254 1229; x_wconf 88' lang='lat' dir='ltr'>niciem</span> <span class='ocrx_word' id='word_1_514' title='bbox 1271 1204 1407 1230; x_wconf 89' lang='lat' dir='ltr'>mutuam</span> <span class='ocrx_word' id='word_1_515' title='bbox 1422 1200 1522 1237; x_wconf 85' lang='lat' dir='ltr'>xxxix,</span> <span class='ocrx_word' id='word_1_516' title='bbox 1538 1204 1570 1236; x_wconf 89' lang='grc'>5,</span> <span class='ocrx_word' id='word_1_517' title='bbox 1585 1203 1606 1232; x_wconf 86' lang='grc'>4</span> 
     </span>
    </p>

    <p class='ocr_par' dir='ltr' id='par_1_18' title="bbox 1143 1241 1842 1400">
     <span class='ocr_line' id='line_1_80' title="bbox 1187 1241 1841 1283; baseline 0.003 -10"><span class='ocrx_word' id='word_1_518' title='bbox 1187 1241 1335 1273; x_wconf 82' lang='lat' dir='ltr'>Convexa</span> <span class='ocrx_word' id='word_1_519' title='bbox 1358 1242 1482 1273; x_wconf 90' lang='lat' dir='ltr'>vallium</span> <span class='ocrx_word' id='word_1_520' title='bbox 1504 1244 1578 1283; x_wconf 91' lang='lat' dir='ltr'>(pro</span> <span class='ocrx_word' id='word_1_521' title='bbox 1599 1241 1754 1278; x_wconf 85' lang='lat' dir='ltr'>concavis,</span> <span class='ocrx_word' id='word_1_522' title='bbox 1779 1243 1841 1275; x_wconf 84' lang='lat' dir='ltr'>hoc</span> 
     </span>
     <span class='ocr_line' id='line_1_81' title="bbox 1144 1284 1842 1327; baseline 0.003 -13"><span class='ocrx_word' id='word_1_523' title='bbox 1144 1288 1200 1319; x_wconf 90' lang='lat' dir='ltr'>est,</span> <span class='ocrx_word' id='word_1_524' title='bbox 1224 1295 1307 1315; x_wconf 87' lang='lat' dir='ltr'>cavae</span> <span class='ocrx_word' id='word_1_525' title='bbox 1319 1284 1431 1325; x_wconf 85' lang='lat' dir='ltr'>valles)</span> <span class='ocrx_word' id='word_1_526' title='bbox 1446 1285 1479 1322; x_wconf 90' lang='lat' dir='ltr'>ii,</span> <span class='ocrx_word' id='word_1_527' title='bbox 1497 1288 1549 1321; x_wconf 90' lang='lat'>10,</span> <span class='ocrx_word' id='word_1_528' title='bbox 1564 1288 1606 1317; x_wconf 90' lang='grc'>24</span> <span class='ocrx_word' id='word_1_529' title='bbox 1631 1286 1693 1327; x_wconf 89' lang='lat' dir='ltr'>(ita</span> <span class='ocrx_word' id='word_1_530' title='bbox 1720 1285 1842 1316; x_wconf 83' lang='lat' dir='ltr'>videtur</span> 
     </span>
     <span class='ocr_line' id='line_1_82' title="bbox 1143 1327 1838 1370; baseline 0.007 -14"><span class='ocrx_word' id='word_1_531' title='bbox 1143 1337 1290 1367; x_wconf 88' lang='lat' dir='ltr'>usurpare</span> <span class='ocrx_word' id='word_1_532' title='bbox 1305 1327 1391 1369; x_wconf 86' lang='lat' dir='ltr'>Virg.</span> <span class='ocrx_word' id='word_1_533' title='bbox 1407 1328 1483 1359; x_wconf 89' lang='lat' dir='ltr'>AEn.</span> <span class='ocrx_word' id='word_1_534' title='bbox 1504 1328 1526 1365; x_wconf 89' lang='lat' dir='ltr'>i,</span> <span class='ocrx_word' id='word_1_535' title='bbox 1542 1330 1616 1360; x_wconf 88' lang='lat'><strong>314.</strong></span> <span class='ocrx_word' id='word_1_536' title='bbox 1631 1333 1664 1359; x_wconf 90' lang='lat' dir='ltr'>et</span> <span class='ocrx_word' id='word_1_537' title='bbox 1691 1328 1734 1366; x_wconf 91' lang='lat' dir='ltr'>iv,</span> <span class='ocrx_word' id='word_1_538' title='bbox 1755 1329 1838 1370; x_wconf 80' lang='lat'>451)</span> 
     </span>
     <span class='ocr_line' id='line_1_83' title="bbox 1143 1368 1281 1400; baseline 0.007 -1"><span class='ocrx_word' id='word_1_539' title='bbox 1143 1368 1281 1400; x_wconf 84' lang='lat' dir='ltr'>Freinsh.</span> 
     </span>
    </p>

    <p class='ocr_par' dir='ltr' id='par_1_19' title="bbox 1142 1411 1842 1527">
     <span class='ocr_line' id='line_1_84' title="bbox 1187 1411 1841 1451; baseline 0.006 -9"><span class='ocrx_word' id='word_1_540' title='bbox 1187 1411 1337 1442; x_wconf 89' lang='lat' dir='ltr'>Convicia</span> <span class='ocrx_word' id='word_1_541' title='bbox 1351 1422 1414 1442; x_wconf 91' lang='lat' dir='ltr'>non</span> <span class='ocrx_word' id='word_1_542' title='bbox 1429 1412 1544 1444; x_wconf 90' lang='lat' dir='ltr'>decent</span> <span class='ocrx_word' id='word_1_543' title='bbox 1557 1413 1681 1444; x_wconf 88' lang='lat' dir='ltr'>miseros</span> <span class='ocrx_word' id='word_1_544' title='bbox 1695 1413 1756 1449; x_wconf 88' lang='lat' dir='ltr'>xiv,</span> <span class='ocrx_word' id='word_1_545' title='bbox 1771 1416 1804 1451; x_wconf 90' lang='lat'>4,</span> <span class='ocrx_word' id='word_1_546' title='bbox 1819 1416 1841 1446; x_wconf 84' lang='lat'><strong>4</strong></span> 
     </span>
     <span class='ocr_line' id='line_1_85' title="bbox 1142 1455 1842 1498; baseline 0.006 -14"><span class='ocrx_word' id='word_1_547' title='bbox 1142 1455 1290 1485; x_wconf 85' lang='lat' dir='ltr'>conviciis</span> <span class='ocrx_word' id='word_1_548' title='bbox 1304 1455 1418 1495; x_wconf 82' lang='lat' dir='ltr'>agitare</span> <span class='ocrx_word' id='word_1_549' title='bbox 1433 1456 1505 1497; x_wconf 91' lang='lat' dir='ltr'>(pro</span> <span class='ocrx_word' id='word_1_550' title='bbox 1519 1455 1686 1498; x_wconf 87' lang='lat' dir='ltr'>incessere)</span> <span class='ocrx_word' id='word_1_551' title='bbox 1700 1456 1760 1493; x_wconf 90' lang='lat' dir='ltr'>xiv,</span> <span class='ocrx_word' id='word_1_552' title='bbox 1776 1459 1808 1494; x_wconf 90' lang='lat'>3,</span> <span class='ocrx_word' id='word_1_553' title='bbox 1821 1459 1842 1488; x_wconf 83' lang='lat'>8</span> 
     </span>
     <span class='ocr_line' id='line_1_86' title="bbox 1143 1496 1282 1527; baseline 0 -1"><span class='ocrx_word' id='word_1_554' title='bbox 1143 1496 1168 1526; x_wconf 88' lang='lat' dir='ltr'>F</span> <span class='ocrx_word' id='word_1_555' title='bbox 1170 1497 1282 1527; x_wconf 87' lang='lat' dir='ltr'>reinsh.</span> 
     </span>
    </p>

    <p class='ocr_par' dir='ltr' id='par_1_20' title="bbox 1187 1538 1642 1576">
     <span class='ocr_line' id='line_1_87' title="bbox 1187 1538 1642 1576; baseline 0.009 -8"><span class='ocrx_word' id='word_1_556' title='bbox 1187 1538 1335 1570; x_wconf 85' lang='lat' dir='ltr'>Ccnvivae</span> <span class='ocrx_word' id='word_1_557' title='bbox 1349 1540 1390 1576; x_wconf 87' lang='lat' dir='ltr'>ix,</span> <span class='ocrx_word' id='word_1_558' title='bbox 1404 1542 1437 1576; x_wconf 89' lang='lat'>6,</span> <span class='ocrx_word' id='word_1_559' title='bbox 1453 1543 1485 1572; x_wconf 88' lang='grc'>6.</span> <span class='ocrx_word' id='word_1_560' title='bbox 1505 1540 1559 1576; x_wconf 85' lang='lat' dir='ltr'>xii,</span> <span class='ocrx_word' id='word_1_561' title='bbox 1573 1543 1605 1576; x_wconf 90' lang='grc'>6,</span> <span class='ocrx_word' id='word_1_562' title='bbox 1621 1542 1642 1572; x_wconf 88' lang='grc'>2</span> 
     </span>
    </p>

    <p class='ocr_par' dir='ltr' id='par_1_21' title="bbox 1143 1581 1841 1663">
     <span class='ocr_line' id='line_1_88' title="bbox 1187 1581 1841 1623; baseline 0.003 -10"><span class='ocrx_word' id='word_1_563' title='bbox 1187 1581 1339 1613; x_wconf 87' lang='lat' dir='ltr'>Convivia</span> <span class='ocrx_word' id='word_1_564' title='bbox 1353 1582 1479 1622; x_wconf 89' lang='lat' dir='ltr'>publica</span> <span class='ocrx_word' id='word_1_565' title='bbox 1490 1583 1609 1623; x_wconf 83' lang='lat' dir='ltr'>Spartae</span> <span class='ocrx_word' id='word_1_566' title='bbox 1623 1582 1668 1618; x_wconf 86' lang='lat' dir='ltr'>iii,</span> <span class='ocrx_word' id='word_1_567' title='bbox 1680 1585 1712 1620; x_wconf 88' lang='lat'>3,</span> <span class='ocrx_word' id='word_1_568' title='bbox 1722 1586 1743 1616; x_wconf 83' lang='lat'><strong>4</strong></span> <span class='ocrx_word' id='word_1_569' title='bbox 1765 1593 1841 1615; x_wconf 89' lang='lat' dir='ltr'>con·</span> 
     </span>
     <span class='ocr_line' id='line_1_89' title="bbox 1143 1622 1803 1663; baseline 0.008 -10"><span class='ocrx_word' id='word_1_570' title='bbox 1143 1622 1224 1654; x_wconf 84' lang='lat' dir='ltr'>vivia</span> <span class='ocrx_word' id='word_1_571' title='bbox 1238 1625 1363 1655; x_wconf 89' lang='lat' dir='ltr'>credula</span> <span class='ocrx_word' id='word_1_572' title='bbox 1378 1625 1489 1656; x_wconf 86' lang='lat' dir='ltr'>habere</span> <span class='ocrx_word' id='word_1_573' title='bbox 1504 1626 1583 1655; x_wconf 92' lang='lat' dir='ltr'>inter</span> <span class='ocrx_word' id='word_1_574' title='bbox 1597 1635 1629 1656; x_wconf 80' lang='lat' dir='ltr'>se</span> <span class='ocrx_word' id='word_1_575' title='bbox 1644 1626 1678 1663; x_wconf 88' lang='lat' dir='ltr'>ii,</span> <span class='ocrx_word' id='word_1_576' title='bbox 1693 1629 1747 1663; x_wconf 91' lang='lat'>10,</span> <span class='ocrx_word' id='word_1_577' title='bbox 1762 1629 1803 1658; x_wconf 93' lang='grc'>10</span> 
     </span>
    </p>

    <p class='ocr_par' dir='ltr' id='par_1_22' title="bbox 1187 1666 1561 1704">
     <span class='ocr_line' id='line_1_90' title="bbox 1187 1666 1561 1704; baseline 0 -7"><span class='ocrx_word' id='word_1_578' title='bbox 1187 1666 1360 1698; x_wconf 86' lang='lat' dir='ltr'>Convolare</span> <span class='ocrx_word' id='word_1_579' title='bbox 1374 1667 1478 1703; x_wconf 83' lang='lat' dir='ltr'>xxxiii,</span> <span class='ocrx_word' id='word_1_580' title='bbox 1493 1671 1525 1704; x_wconf 83' lang='grc'>2,</span> <span class='ocrx_word' id='word_1_581' title='bbox 1542 1670 1561 1699; x_wconf 88' lang='lat'>3</span> 
     </span>
    </p>

    <p class='ocr_par' dir='ltr' id='par_1_23' title="bbox 1143 1709 1841 1782">
     <span class='ocr_line' id='line_1_91' title="bbox 1187 1709 1841 1752; baseline 0.006 -12"><span class='ocrx_word' id='word_1_582' title='bbox 1187 1709 1415 1740; x_wconf 89' lang='lat' dir='ltr'>Convulnerare</span> <span class='ocrx_word' id='word_1_583' title='bbox 1429 1712 1502 1751; x_wconf 92' lang='lat' dir='ltr'>(pro</span> <span class='ocrx_word' id='word_1_584' title='bbox 1516 1709 1692 1752; x_wconf 89' lang='lat' dir='ltr'>vulnerare)</span> <span class='ocrx_word' id='word_1_585' title='bbox 1705 1710 1738 1749; x_wconf 85' lang='lat' dir='ltr'>ii,</span> <span class='ocrx_word' id='word_1_586' title='bbox 1750 1713 1783 1749; x_wconf 88' lang='lat'>6,</span> <span class='ocrx_word' id='word_1_587' title='bbox 1798 1714 1841 1744; x_wconf 88' lang='grc'>20</span> 
     </span>
     <span class='ocr_line' id='line_1_92' title="bbox 1143 1750 1282 1782; baseline 0.007 -1"><span class='ocrx_word' id='word_1_588' title='bbox 1143 1750 1282 1782; x_wconf 88' lang='lat' dir='ltr'>Freinsh.</span> 
     </span>
    </p>

    <p class='ocr_par' dir='ltr' id='par_1_24' title="bbox 1141 1793 1841 2169">
     <span class='ocr_line' id='line_1_93' title="bbox 1187 1793 1839 1835; baseline 0.002 -10"><span class='ocrx_word' id='word_1_589' title='bbox 1187 1795 1287 1835; x_wconf 88' lang='lat' dir='ltr'>Copia</span> <span class='ocrx_word' id='word_1_590' title='bbox 1302 1794 1375 1835; x_wconf 91' lang='lat' dir='ltr'>(pro</span> <span class='ocrx_word' id='word_1_591' title='bbox 1390 1793 1554 1835; x_wconf 79' lang='lat' dir='ltr'>facultate)</span> <span class='ocrx_word' id='word_1_592' title='bbox 1569 1795 1603 1832; x_wconf 88' lang='lat' dir='ltr'>ii,</span> <span class='ocrx_word' id='word_1_593' title='bbox 1617 1797 1669 1832; x_wconf 89' lang='grc'>12,</span> <span class='ocrx_word' id='word_1_594' title='bbox 1684 1798 1716 1827; x_wconf 90' lang='grc'><strong>2.</strong></span> <span class='ocrx_word' id='word_1_595' title='bbox 1739 1796 1839 1833; x_wconf 85' lang='lat' dir='ltr'>xxxiv,</span> 
     </span>
     <span class='ocr_line' id='line_1_94' title="bbox 1142 1838 1840 1880; baseline 0.003 -13"><span class='ocrx_word' id='word_1_596' title='bbox 1142 1839 1173 1872; x_wconf 94' lang='grc'>2,</span> <span class='ocrx_word' id='word_1_597' title='bbox 1192 1840 1208 1869; x_wconf 96' lang='grc'>1</span> <span class='ocrx_word' id='word_1_598' title='bbox 1240 1848 1297 1878; x_wconf 91' lang='lat' dir='ltr'>pro</span> <span class='ocrx_word' id='word_1_599' title='bbox 1313 1847 1440 1867; x_wconf 88' lang='lat' dir='ltr'>numero</span> <span class='ocrx_word' id='word_1_600' title='bbox 1471 1838 1551 1874; x_wconf 85' lang='lat' dir='ltr'>xxxi,</span> <span class='ocrx_word' id='word_1_601' title='bbox 1566 1841 1598 1873; x_wconf 88' lang='grc'>2,</span> <span class='ocrx_word' id='word_1_602' title='bbox 1615 1842 1634 1869; x_wconf 89' lang='lat'><strong>5</strong></span> <span class='ocrx_word' id='word_1_603' title='bbox 1658 1838 1750 1879; x_wconf 83' lang='lat' dir='ltr'>copia</span> <span class='ocrx_word' id='word_1_604' title='bbox 1765 1839 1840 1880; x_wconf 91' lang='lat' dir='ltr'>(pro</span> 
     </span>
     <span class='ocr_line' id='line_1_95' title="bbox 1141 1879 1840 1919; baseline 0.006 -10"><span class='ocrx_word' id='word_1_605' title='bbox 1141 1885 1326 1915; x_wconf 87' lang='lat' dir='ltr'>commeatu,</span> <span class='ocrx_word' id='word_1_606' title='bbox 1342 1879 1481 1919; x_wconf 86' lang='lat' dir='ltr'>cibariis)</span> <span class='ocrx_word' id='word_1_607' title='bbox 1496 1890 1528 1916; x_wconf 87' lang='lat' dir='ltr'>v,</span> <span class='ocrx_word' id='word_1_608' title='bbox 1544 1883 1575 1915; x_wconf 84' lang='lat'>8,</span> <span class='ocrx_word' id='word_1_609' title='bbox 1590 1883 1621 1912; x_wconf 90' lang='grc'><strong>2.</strong></span> <span class='ocrx_word' id='word_1_610' title='bbox 1644 1881 1770 1918; x_wconf 87' lang='lat' dir='ltr'>xxxviii,</span> <span class='ocrx_word' id='word_1_611' title='bbox 1786 1885 1840 1918; x_wconf 89' lang='grc'>10,</span> 
     </span>
     <span class='ocr_line' id='line_1_96' title="bbox 1141 1921 1841 1962; baseline 0.006 -11"><span class='ocrx_word' id='word_1_612' title='bbox 1141 1924 1161 1951; x_wconf 88' lang='grc'>8</span> <span class='ocrx_word' id='word_1_613' title='bbox 1177 1922 1238 1962; x_wconf 89' lang='lat' dir='ltr'>(ita</span> <span class='ocrx_word' id='word_1_614' title='bbox 1253 1922 1333 1953; x_wconf 83' lang='lat' dir='ltr'>Caes.</span> <span class='ocrx_word' id='word_1_615' title='bbox 1346 1923 1385 1953; x_wconf 90' lang='lat' dir='ltr'>de</span> <span class='ocrx_word' id='word_1_616' title='bbox 1400 1922 1482 1953; x_wconf 87' lang='lat' dir='ltr'>Bell.</span> <span class='ocrx_word' id='word_1_617' title='bbox 1498 1921 1582 1953; x_wconf 90' lang='lat' dir='ltr'>Gall.</span> <span class='ocrx_word' id='word_1_618' title='bbox 1598 1923 1640 1959; x_wconf 91' lang='lat' dir='ltr'>iv,</span> <span class='ocrx_word' id='word_1_619' title='bbox 1655 1926 1686 1955; x_wconf 90' lang='lat'><strong>4.</strong></span> <span class='ocrx_word' id='word_1_620' title='bbox 1703 1923 1841 1955; x_wconf 76' lang='lat' dir='ltr'>Frontin-</span> 
     </span>
     <span class='ocr_line' id='line_1_97' title="bbox 1141 1963 1839 2005; baseline 0.004 -12"><span class='ocrx_word' id='word_1_621' title='bbox 1141 1963 1271 2004; x_wconf 82' lang='lat' dir='ltr'>Strateg.</span> <span class='ocrx_word' id='word_1_622' title='bbox 1287 1965 1330 2000; x_wconf 89' lang='lat' dir='ltr'>iii,</span> <span class='ocrx_word' id='word_1_623' title='bbox 1346 1967 1378 2000; x_wconf 91' lang='lat'>4,</span> <span class='ocrx_word' id='word_1_624' title='bbox 1395 1967 1425 1996; x_wconf 89' lang='lat'>3.</span> <span class='ocrx_word' id='word_1_625' title='bbox 1440 1964 1552 2005; x_wconf 82' lang='lat' dir='ltr'>Veget.</span> <span class='ocrx_word' id='word_1_626' title='bbox 1567 1966 1607 1996; x_wconf 87' lang='lat' dir='ltr'>de</span> <span class='ocrx_word' id='word_1_627' title='bbox 1622 1965 1671 1996; x_wconf 65' lang='lat' dir='ltr'>Re</span> <span class='ocrx_word' id='word_1_628' title='bbox 1683 1966 1780 1997; x_wconf 84' lang='lat' dir='ltr'>Milit.</span> <span class='ocrx_word' id='word_1_629' title='bbox 1794 1966 1839 2004; x_wconf 84' lang='lat' dir='ltr'>iii,</span> 
     </span>
     <span class='ocr_line' id='line_1_98' title="bbox 1142 2006 1839 2047; baseline 0.007 -12"><span class='ocrx_word' id='word_1_630' title='bbox 1142 2007 1172 2036; x_wconf 91' lang='grc'><strong>3.</strong></span> <span class='ocrx_word' id='word_1_631' title='bbox 1190 2016 1219 2046; x_wconf 82' lang='grc' dir='ltr'><strong>ρ.</strong></span> <span class='ocrx_word' id='word_1_632' title='bbox 1236 2017 1290 2047; x_wconf 88' lang='lat' dir='ltr'>pro</span> <span class='ocrx_word' id='word_1_633' title='bbox 1305 2006 1457 2046; x_wconf 81' lang='lat' dir='ltr'>exercitu)</span> <span class='ocrx_word' id='word_1_634' title='bbox 1473 2008 1525 2042; x_wconf 86' lang='lat' dir='ltr'>xii,</span> <span class='ocrx_word' id='word_1_635' title='bbox 1540 2010 1572 2043; x_wconf 93' lang='grc'>2,</span> <span class='ocrx_word' id='word_1_636' title='bbox 1589 2011 1638 2039; x_wconf 92' lang='grc'>17.</span> <span class='ocrx_word' id='word_1_637' title='bbox 1671 2019 1721 2044; x_wconf 88' lang='lat' dir='ltr'>xv,</span> <span class='ocrx_word' id='word_1_638' title='bbox 1737 2012 1772 2046; x_wconf 84' lang='lat'>2,</span> <span class='ocrx_word' id='word_1_639' title='bbox 1786 2011 1839 2040; x_wconf 87' lang='grc'>17.</span> 
     </span>
     <span class='ocr_line' id='line_1_99' title="bbox 1142 2049 1837 2089; baseline 0.006 -12"><span class='ocrx_word' id='word_1_640' title='bbox 1142 2049 1226 2084; x_wconf 81' lang='lat' dir='ltr'>xxiii,</span> <span class='ocrx_word' id='word_1_641' title='bbox 1250 2052 1280 2085; x_wconf 93' lang='lat'>1,</span> <span class='ocrx_word' id='word_1_642' title='bbox 1300 2052 1337 2080; x_wconf 87' lang='grc'>17</span> <span class='ocrx_word' id='word_1_643' title='bbox 1366 2060 1420 2089; x_wconf 90' lang='lat' dir='ltr'>pro</span> <span class='ocrx_word' id='word_1_644' title='bbox 1447 2050 1631 2087; x_wconf 88' lang='lat' dir='ltr'>substantia,</span> <span class='ocrx_word' id='word_1_645' title='bbox 1656 2051 1746 2081; x_wconf 86' lang='lat' dir='ltr'>bonis</span> <span class='ocrx_word' id='word_1_646' title='bbox 1772 2050 1837 2086; x_wconf 88' lang='lat' dir='ltr'>xiii,</span> 
     </span>
     <span class='ocr_line' id='line_1_100' title="bbox 1141 2092 1837 2134; baseline 0.006 -13"><span class='ocrx_word' id='word_1_647' title='bbox 1141 2094 1173 2126; x_wconf 90' lang='grc'>6,</span> <span class='ocrx_word' id='word_1_648' title='bbox 1198 2093 1217 2121; x_wconf 90' lang='grc'>2</span> <span class='ocrx_word' id='word_1_649' title='bbox 1269 2092 1426 2131; x_wconf 89' lang='lat' dir='ltr'>copiarum</span> <span class='ocrx_word' id='word_1_650' title='bbox 1467 2092 1609 2131; x_wconf 88' lang='lat' dir='ltr'>praebitio</span> <span class='ocrx_word' id='word_1_651' title='bbox 1645 2093 1837 2134; x_wconf 78' lang='lat' dir='ltr'>(Commisz)</span> 
     </span>
     <span class='ocr_line' id='line_1_101' title="bbox 1142 2133 1521 2169; baseline 0.003 -7"><span class='ocrx_word' id='word_1_652' title='bbox 1142 2133 1265 2169; x_wconf 79' lang='lat' dir='ltr'>xxxviii,</span> <span class='ocrx_word' id='word_1_653' title='bbox 1282 2136 1333 2168; x_wconf 87' lang='grc'>10,</span> <span class='ocrx_word' id='word_1_654' title='bbox 1350 2137 1369 2164; x_wconf 85' lang='grc'>8</span> <span class='ocrx_word' id='word_1_655' title='bbox 1384 2134 1521 2164; x_wconf 88' lang='lat' dir='ltr'>Freinsh.</span> 
     </span>
    </p>

    <p class='ocr_par' dir='ltr' id='par_1_25' title="bbox 1185 2175 1531 2216">
     <span class='ocr_line' id='line_1_102' title="bbox 1185 2175 1531 2216; baseline 0.009 -11"><span class='ocrx_word' id='word_1_656' title='bbox 1185 2175 1287 2216; x_wconf 92' lang='lat' dir='ltr'>Coqui</span> <span class='ocrx_word' id='word_1_657' title='bbox 1302 2176 1424 2212; x_wconf 83' lang='lat' dir='ltr'>xxxviii,</span> <span class='ocrx_word' id='word_1_658' title='bbox 1444 2179 1495 2213; x_wconf 89' lang='grc'>10,</span> <span class='ocrx_word' id='word_1_659' title='bbox 1511 2180 1531 2208; x_wconf 91' lang='grc'>2</span> 
     </span>
    </p>

    <p class='ocr_par' dir='ltr' id='par_1_26' title="bbox 1142 2218 1837 2302">
     <span class='ocr_line' id='line_1_103' title="bbox 1187 2218 1837 2260; baseline 0.005 -11"><span class='ocrx_word' id='word_1_660' title='bbox 1187 2218 1323 2260; x_wconf 87' lang='lat' dir='ltr'>Corcyra</span> <span class='ocrx_word' id='word_1_661' title='bbox 1347 2229 1366 2248; x_wconf 89' lang='lat' dir='ltr'>a</span> <span class='ocrx_word' id='word_1_662' title='bbox 1391 2218 1561 2249; x_wconf 89' lang='lat' dir='ltr'>Ptolemaeo</span> <span class='ocrx_word' id='word_1_663' title='bbox 1581 2218 1692 2260; x_wconf 88' lang='lat' dir='ltr'>Pyrrhi</span> <span class='ocrx_word' id='word_1_664' title='bbox 1708 2219 1742 2250; x_wconf 87' lang='lat' dir='ltr'>F.</span> <span class='ocrx_word' id='word_1_665' title='bbox 1768 2230 1837 2252; x_wconf 87' lang='lat' dir='ltr'>cum</span> 
     </span>
     <span class='ocr_line' id='line_1_104' title="bbox 1142 2261 1719 2302; baseline 0.003 -12"><span class='ocrx_word' id='word_1_666' title='bbox 1142 2262 1183 2292; x_wconf 89' lang='grc'><strong>60</strong></span> <span class='ocrx_word' id='word_1_667' title='bbox 1207 2265 1325 2291; x_wconf 89' lang='lat' dir='ltr'>tantum</span> <span class='ocrx_word' id='word_1_668' title='bbox 1340 2261 1410 2291; x_wconf 87' lang='lat' dir='ltr'>viris</span> <span class='ocrx_word' id='word_1_669' title='bbox 1424 2262 1545 2302; x_wconf 89' lang='lat' dir='ltr'>capitur</span> <span class='ocrx_word' id='word_1_670' title='bbox 1569 2272 1639 2298; x_wconf 79' lang='lat' dir='ltr'>xxv,</span> <span class='ocrx_word' id='word_1_671' title='bbox 1652 2264 1684 2301; x_wconf 92' lang='lat'>4,</span> <span class='ocrx_word' id='word_1_672' title='bbox 1698 2265 1719 2294; x_wconf 88' lang='lat'>8</span> 
     </span>
    </p>

    <p class='ocr_par' dir='ltr' id='par_1_27' title="bbox 1142 2302 1839 2425">
     <span class='ocr_line' id='line_1_105' title="bbox 1186 2302 1839 2346; baseline 0.005 -13"><span class='ocrx_word' id='word_1_673' title='bbox 1186 2302 1336 2334; x_wconf 89' lang='lat' dir='ltr'>Corinthii</span> <span class='ocrx_word' id='word_1_674' title='bbox 1353 2303 1594 2335; x_wconf 64' lang='lat' dir='ltr'>Lacedaemoniis</span> <span class='ocrx_word' id='word_1_675' title='bbox 1607 2303 1676 2334; x_wconf 87' lang='lat' dir='ltr'>irati</span> <span class='ocrx_word' id='word_1_676' title='bbox 1698 2309 1730 2335; x_wconf 90' lang='lat' dir='ltr'>et</span> <span class='ocrx_word' id='word_1_677' title='bbox 1745 2314 1839 2346; x_wconf 83' lang='lat' dir='ltr'>quare</span> 
     </span>
     <span class='ocr_line' id='line_1_106' title="bbox 1142 2345 1839 2389; baseline 0.003 -13"><span class='ocrx_word' id='word_1_678' title='bbox 1142 2355 1172 2380; x_wconf 89' lang='lat' dir='ltr'>v,</span> <span class='ocrx_word' id='word_1_679' title='bbox 1189 2348 1241 2381; x_wconf 88' lang='lat'><strong>10,</strong></span> <span class='ocrx_word' id='word_1_680' title='bbox 1259 2349 1297 2377; x_wconf 84' lang='lat'>13</span> <span class='ocrx_word' id='word_1_681' title='bbox 1332 2345 1550 2377; x_wconf 81' lang='lat' dir='ltr'>Demosthenis</span> <span class='ocrx_word' id='word_1_682' title='bbox 1567 2346 1745 2387; x_wconf 86' lang='lat' dir='ltr'>eloquentia</span> <span class='ocrx_word' id='word_1_683' title='bbox 1770 2358 1839 2389; x_wconf 86' lang='lat' dir='ltr'>per·</span> 
     </span>
     <span class='ocr_line' id='line_1_107' title="bbox 1142 2388 1782 2425; baseline 0.006 -8"><span class='ocrx_word' id='word_1_684' title='bbox 1142 2388 1221 2417; x_wconf 88' lang='lat' dir='ltr'>suasi</span> <span class='ocrx_word' id='word_1_685' title='bbox 1238 2388 1343 2419; x_wconf 84' lang='lat' dir='ltr'>favent</span> <span class='ocrx_word' id='word_1_686' title='bbox 1358 2388 1599 2419; x_wconf 82' lang='lat' dir='ltr'>Atheniensibus</span> <span class='ocrx_word' id='word_1_687' title='bbox 1613 2389 1676 2424; x_wconf 85' lang='lat' dir='ltr'>xiii,</span> <span class='ocrx_word' id='word_1_688' title='bbox 1692 2393 1723 2425; x_wconf 88' lang='lat'>5,</span> <span class='ocrx_word' id='word_1_689' title='bbox 1742 2393 1782 2421; x_wconf 90' lang='grc'>10</span> 
     </span>
    </p>

    <p class='ocr_par' dir='ltr' id='par_1_28' title="bbox 1142 2429 1839 2552">
     <span class='ocr_line' id='line_1_108' title="bbox 1185 2429 1839 2469; baseline 0.003 -9"><span class='ocrx_word' id='word_1_690' title='bbox 1185 2429 1326 2461; x_wconf 86' lang='lat' dir='ltr'>Corinthi</span> <span class='ocrx_word' id='word_1_691' title='bbox 1342 2431 1505 2462; x_wconf 90' lang='lat' dir='ltr'>concilium</span> <span class='ocrx_word' id='word_1_692' title='bbox 1522 2431 1616 2462; x_wconf 88' lang='lat' dir='ltr'>totius</span> <span class='ocrx_word' id='word_1_693' title='bbox 1639 2431 1770 2463; x_wconf 85' lang='lat' dir='ltr'>Graeciae</span> <span class='ocrx_word' id='word_1_694' title='bbox 1795 2432 1839 2469; x_wconf 84' lang='lat' dir='ltr'>ix,</span> 
     </span>
     <span class='ocr_line' id='line_1_109' title="bbox 1142 2473 1836 2516; baseline 0.006 -13"><span class='ocrx_word' id='word_1_695' title='bbox 1142 2476 1174 2508; x_wconf 86' lang='lat'>5.</span> <span class='ocrx_word' id='word_1_696' title='bbox 1190 2476 1220 2504; x_wconf 90' lang='grc'>2.</span> <span class='ocrx_word' id='word_1_697' title='bbox 1244 2474 1285 2509; x_wconf 88' lang='lat' dir='ltr'>xi,</span> <span class='ocrx_word' id='word_1_698' title='bbox 1301 2477 1333 2510; x_wconf 88' lang='grc'>2,</span> <span class='ocrx_word' id='word_1_699' title='bbox 1348 2477 1366 2504; x_wconf 89' lang='grc'><strong>5</strong></span> <span class='ocrx_word' id='word_1_700' title='bbox 1391 2474 1495 2504; x_wconf 89' lang='lat' dir='ltr'>exulat</span> <span class='ocrx_word' id='word_1_701' title='bbox 1510 2473 1681 2516; x_wconf 83' lang='lat' dir='ltr'>Dionysius</span> <span class='ocrx_word' id='word_1_702' title='bbox 1697 2475 1758 2512; x_wconf 88' lang='lat' dir='ltr'>xxi,</span> <span class='ocrx_word' id='word_1_703' title='bbox 1774 2478 1836 2511; x_wconf 88' lang='grc'>5,2</span> 
     </span>
     <span class='ocr_line' id='line_1_110' title="bbox 1142 2515 1648 2552; baseline 0.008 -8"><span class='ocrx_word' id='word_1_704' title='bbox 1142 2515 1307 2546; x_wconf 84' lang='lat' dir='ltr'>Corinthus</span> <span class='ocrx_word' id='word_1_705' title='bbox 1322 2515 1451 2547; x_wconf 82' lang='lat' dir='ltr'>diruitur</span> <span class='ocrx_word' id='word_1_706' title='bbox 1465 2517 1565 2552; x_wconf 85' lang='lat' dir='ltr'>xxxiv,</span> <span class='ocrx_word' id='word_1_707' title='bbox 1581 2519 1612 2552; x_wconf 92' lang='grc'>2,</span> <span class='ocrx_word' id='word_1_708' title='bbox 1627 2520 1648 2548; x_wconf 87' lang='grc'><strong>6</strong></span> 
     </span>
    </p>

    <p class='ocr_par' dir='ltr' id='par_1_29' title="bbox 1141 2558 1838 2642">
     <span class='ocr_line' id='line_1_111' title="bbox 1185 2558 1838 2600; baseline 0.003 -12"><span class='ocrx_word' id='word_1_709' title='bbox 1185 2558 1309 2589; x_wconf 88' lang='lat' dir='ltr'>Corium</span> <span class='ocrx_word' id='word_1_710' title='bbox 1326 2559 1412 2589; x_wconf 87' lang='lat' dir='ltr'>bovis</span> <span class='ocrx_word' id='word_1_711' title='bbox 1427 2559 1458 2589; x_wconf 90' lang='lat' dir='ltr'>in</span> <span class='ocrx_word' id='word_1_712' title='bbox 1473 2559 1664 2590; x_wconf 82' lang='lat' dir='ltr'>tenuissimas</span> <span class='ocrx_word' id='word_1_713' title='bbox 1677 2565 1778 2600; x_wconf 88' lang='lat' dir='ltr'>partes</span> <span class='ocrx_word' id='word_1_714' title='bbox 1792 2569 1838 2590; x_wconf 81' lang='lat' dir='ltr'>se·</span> 
     </span>
     <span class='ocr_line' id='line_1_112' title="bbox 1141 2600 1837 2642; baseline 0.003 -11"><span class='ocrx_word' id='word_1_715' title='bbox 1141 2610 1210 2631; x_wconf 79' lang='lat' dir='ltr'>care</span> <span class='ocrx_word' id='word_1_716' title='bbox 1222 2600 1324 2637; x_wconf 88' lang='lat' dir='ltr'>viii,5,</span> <span class='ocrx_word' id='word_1_717' title='bbox 1335 2604 1355 2632; x_wconf 89' lang='grc'>9</span> <span class='ocrx_word' id='word_1_718' title='bbox 1378 2601 1467 2632; x_wconf 89' lang='lat' dir='ltr'>coriis</span> <span class='ocrx_word' id='word_1_719' title='bbox 1480 2607 1561 2632; x_wconf 89' lang='lat' dir='ltr'>tecta</span> <span class='ocrx_word' id='word_1_720' title='bbox 1574 2602 1709 2642; x_wconf 85' lang='lat' dir='ltr'>plaustra</span> <span class='ocrx_word' id='word_1_721' title='bbox 1723 2602 1756 2638; x_wconf 84' lang='lat' dir='ltr'>ii,</span> <span class='ocrx_word' id='word_1_722' title='bbox 1769 2605 1801 2638; x_wconf 88' lang='grc'>2,</span> <span class='ocrx_word' id='word_1_723' title='bbox 1816 2605 1837 2633; x_wconf 83' lang='lat'><strong>4</strong></span> 
     </span>
    </p>

    <p class='ocr_par' dir='ltr' id='par_1_30' title="bbox 1142 2643 1837 2722">
     <span class='ocr_line' id='line_1_113' title="bbox 1185 2643 1837 2685; baseline 0.002 -12"><span class='ocrx_word' id='word_1_724' title='bbox 1185 2643 1290 2674; x_wconf 88' lang='lat' dir='ltr'>Cornu</span> <span class='ocrx_word' id='word_1_725' title='bbox 1316 2646 1386 2684; x_wconf 88' lang='lat' dir='ltr'>(pro</span> <span class='ocrx_word' id='word_1_726' title='bbox 1401 2643 1485 2685; x_wconf 82' lang='lat' dir='ltr'>acie)</span> <span class='ocrx_word' id='word_1_727' title='bbox 1507 2655 1538 2680; x_wconf 87' lang='grc' dir='ltr'>ν,</span> <span class='ocrx_word' id='word_1_728' title='bbox 1556 2648 1607 2681; x_wconf 92' lang='lat' dir='ltr'>ll,</span> <span class='ocrx_word' id='word_1_729' title='bbox 1634 2647 1674 2675; x_wconf 93' lang='grc'>10</span> <span class='ocrx_word' id='word_1_730' title='bbox 1700 2643 1837 2675; x_wconf 83' lang='lat' dir='ltr'>Freinsh.</span> 
     </span>
     <span class='ocr_line' id='line_1_114' title="bbox 1142 2689 1406 2722; baseline 0.011 -7"><span class='ocrx_word' id='word_1_731' title='bbox 1142 2696 1256 2716; x_wconf 83' lang='lat' dir='ltr'>cornua</span> <span class='ocrx_word' id='word_1_732' title='bbox 1273 2697 1321 2721; x_wconf 77' lang='lat' dir='ltr'>xx,</span> <span class='ocrx_word' id='word_1_733' title='bbox 1338 2689 1370 2722; x_wconf 83' lang='lat'>3,</span> <span class='ocrx_word' id='word_1_734' title='bbox 1386 2689 1406 2718; x_wconf 88' lang='lat'>8</span> 
     </span>
    </p>

    <p class='ocr_par' dir='ltr' id='par_1_31' title="bbox 1141 2728 1839 3027">
     <span class='ocr_line' id='line_1_115' title="bbox 1185 2728 1838 2770; baseline 0.002 -12"><span class='ocrx_word' id='word_1_735' title='bbox 1185 2729 1307 2759; x_wconf 89' lang='lat' dir='ltr'>Corona</span> <span class='ocrx_word' id='word_1_736' title='bbox 1317 2738 1419 2765; x_wconf 85' lang='lat' dir='ltr'>aurea,</span> <span class='ocrx_word' id='word_1_737' title='bbox 1434 2728 1645 2769; x_wconf 83' lang='lat' dir='ltr'>gratulationis</span> <span class='ocrx_word' id='word_1_738' title='bbox 1660 2739 1732 2770; x_wconf 88' lang='lat' dir='ltr'>ergo</span> <span class='ocrx_word' id='word_1_739' title='bbox 1747 2729 1838 2760; x_wconf 83' lang='lat' dir='ltr'>offer-</span> 
     </span>
     <span class='ocr_line' id='line_1_116' title="bbox 1142 2771 1839 2813; baseline 0.001 -13"><span class='ocrx_word' id='word_1_740' title='bbox 1142 2775 1190 2800; x_wconf 83' lang='lat' dir='ltr'>tur</span> <span class='ocrx_word' id='word_1_741' title='bbox 1205 2771 1382 2802; x_wconf 86' lang='lat' dir='ltr'>Alexandro</span> <span class='ocrx_word' id='word_1_742' title='bbox 1398 2782 1416 2801; x_wconf 88' lang='lat' dir='ltr'>a</span> <span class='ocrx_word' id='word_1_743' title='bbox 1438 2771 1540 2813; x_wconf 87' lang='lat' dir='ltr'>Tyriis</span> <span class='ocrx_word' id='word_1_744' title='bbox 1562 2771 1603 2807; x_wconf 88' lang='lat' dir='ltr'>xi,</span> <span class='ocrx_word' id='word_1_745' title='bbox 1631 2774 1683 2806; x_wconf 87' lang='grc'>10,</span> <span class='ocrx_word' id='word_1_746' title='bbox 1714 2774 1755 2803; x_wconf 91' lang='grc'>10</span> <span class='ocrx_word' id='word_1_747' title='bbox 1789 2771 1839 2811; x_wconf 85' lang='lat' dir='ltr'>(et</span> 
     </span>
     <span class='ocr_line' id='line_1_117' title="bbox 1142 2813 1836 2855; baseline 0.003 -13"><span class='ocrx_word' id='word_1_748' title='bbox 1142 2813 1201 2843; x_wconf 90' lang='lat' dir='ltr'>hoe</span> <span class='ocrx_word' id='word_1_749' title='bbox 1225 2814 1367 2854; x_wconf 86' lang='lat' dir='ltr'>frequens</span> <span class='ocrx_word' id='word_1_750' title='bbox 1382 2814 1442 2844; x_wconf 86' lang='lat' dir='ltr'>fuit</span> <span class='ocrx_word' id='word_1_751' title='bbox 1466 2814 1550 2854; x_wconf 91' lang='lat' dir='ltr'>apud</span> <span class='ocrx_word' id='word_1_752' title='bbox 1577 2817 1704 2844; x_wconf 84' lang='lat' dir='ltr'>veteres.</span> <span class='ocrx_word' id='word_1_753' title='bbox 1738 2813 1836 2855; x_wconf 91' lang='lat' dir='ltr'>Apud</span> 
     </span>
     <span class='ocr_line' id='line_1_118' title="bbox 1143 2855 1838 2896; baseline 0.004 -11"><span class='ocrx_word' id='word_1_754' title='bbox 1143 2856 1282 2886; x_wconf 90' lang='lat' dir='ltr'>Curtium</span> <span class='ocrx_word' id='word_1_755' title='bbox 1300 2866 1391 2886; x_wconf 92' lang='lat' dir='ltr'>unum</span> <span class='ocrx_word' id='word_1_756' title='bbox 1408 2856 1545 2887; x_wconf 86' lang='lat' dir='ltr'>invenias</span> <span class='ocrx_word' id='word_1_757' title='bbox 1559 2855 1732 2896; x_wconf 89' lang='lat' dir='ltr'>exemplum</span> <span class='ocrx_word' id='word_1_758' title='bbox 1746 2856 1788 2893; x_wconf 89' lang='lat' dir='ltr'>iv,</span> <span class='ocrx_word' id='word_1_759' title='bbox 1804 2860 1838 2891; x_wconf 80' lang='lat'>5,</span> 
     </span>
     <span class='ocr_line' id='line_1_119' title="bbox 1143 2897 1836 2938; baseline -0.001 -9"><span class='ocrx_word' id='word_1_760' title='bbox 1143 2901 1182 2929; x_wconf 85' lang='lat'>19</span> <span class='ocrx_word' id='word_1_761' title='bbox 1199 2903 1230 2928; x_wconf 83' lang='lat' dir='ltr'>et</span> <span class='ocrx_word' id='word_1_762' title='bbox 1255 2898 1428 2929; x_wconf 91' lang='lat' dir='ltr'>Diodorum</span> <span class='ocrx_word' id='word_1_763' title='bbox 1455 2897 1529 2934; x_wconf 85' lang='lat' dir='ltr'>xvii,</span> <span class='ocrx_word' id='word_1_764' title='bbox 1549 2901 1601 2930; x_wconf 86' lang='lat'><strong>48.</strong></span> <span class='ocrx_word' id='word_1_765' title='bbox 1625 2898 1646 2927; x_wconf 83' lang='lat' dir='ltr'>s.</span> <span class='ocrx_word' id='word_1_766' title='bbox 1673 2904 1705 2928; x_wconf 88' lang='lat' dir='ltr'>et</span> <span class='ocrx_word' id='word_1_767' title='bbox 1728 2901 1781 2930; x_wconf 75' lang='lat'>49.</span> <span class='ocrx_word' id='word_1_768' title='bbox 1805 2908 1836 2938; x_wconf 89' lang='lat' dir='ltr'>p.</span> 
     </span>
     <span class='ocr_line' id='line_1_120' title="bbox 1141 2939 1837 2982; baseline 0.001 -13"><span class='ocrx_word' id='word_1_769' title='bbox 1141 2941 1225 2981; x_wconf 82' lang='lat' dir='ltr'>apud</span> <span class='ocrx_word' id='word_1_770' title='bbox 1234 2940 1353 2971; x_wconf 91' lang='lat' dir='ltr'>Livium</span> <span class='ocrx_word' id='word_1_771' title='bbox 1366 2951 1462 2982; x_wconf 88' lang='lat' dir='ltr'>prope</span> <span class='ocrx_word' id='word_1_772' title='bbox 1472 2939 1690 2971; x_wconf 81' lang='lat' dir='ltr'>infinita.Vide</span> <span class='ocrx_word' id='word_1_773' title='bbox 1697 2940 1731 2970; x_wconf 91' lang='lat' dir='ltr'>Li</span> <span class='ocrx_word' id='word_1_774' title='bbox 1737 2939 1837 2981; x_wconf 78' lang='lat' dir='ltr'>psium</span> 
     </span>
     <span class='ocr_line' id='line_1_121' title="bbox 1142 2982 1837 3027; baseline -0.001 -14"><span class='ocrx_word' id='word_1_775' title='bbox 1142 2983 1174 3013; x_wconf 93' lang='lat' dir='ltr'>in</span> <span class='ocrx_word' id='word_1_776' title='bbox 1190 2983 1373 3015; x_wconf 86' lang='lat' dir='ltr'>Admirand.</span> <span class='ocrx_word' id='word_1_777' title='bbox 1394 2984 1429 3022; x_wconf 87' lang='lat' dir='ltr'>ii,</span> <span class='ocrx_word' id='word_1_778' title='bbox 1443 2983 1493 3027; x_wconf 83' lang='lat'>9).</span> <span class='ocrx_word' id='word_1_779' title='bbox 1516 2983 1679 3016; x_wconf 70' lang='lat' dir='ltr'>Pausaniae</span> <span class='ocrx_word' id='word_1_780' title='bbox 1693 2982 1837 3023; x_wconf 72' lang='lat' dir='ltr'>regicidae</span> 
     </span>
    </p>
   </div>
  </div>
 </body>
</html>
