2174 3424
453 335 538 377 7²28

454 446 520 471 tur.
554 439 623 470 Liv.
653 446 787 470 xxvur.
816 442 846 469 5.
884 438 963 470 ‘Ibi
993 439 1147 471 exercitu

454 488 545 519 omni
559 488 692 528 relicto,
710 498 785 519 cum
801 488 940 520 cohorte
964 489 1055 530 regia
1076 490 1148 520 De-

453 538 652 570 metriadem
683 549 719 570 se
749 539 905 580 recepit!
951 540 1004 570 Id.
1032 549 1088 571 XL.
1114 543 1146 571 6.

453 589 462 605 ‘
479 589 640 619 Proxima
656 594 709 620 est
725 589 818 629 regia
838 590 956 621 cohors
973 589 1147 620 custodes-

453 648 517 680 que
544 638 718 679 corporis.’
764 640 907 680 Proprie
932 640 1021 670 enim
1044 641 1149 671 cohors

454 688 598 720 notabat
613 689 868 729 provincialium
890 689 1150 729 magistratuum

454 739 656 771 domesticos
677 740 881 781 comitesque
904 741 1150 779 honoratiores,

456 790 546 820 uude
571 790 692 822 Horat.
718 800 742 822 1.
767 791 802 822 S.
822 795 852 823 7.
882 792 891 808 ‘
909 791 1038 822 Laudat
1066 792 1149 822 Bru-

457 844 540 880 tum,
561 841 745 882 laudatque
771 840 977 872 cohortemz‘
1011 845 1047 872 et
1069 842 1151 874 Juv.

908 345 1048 376 NOTAE
1084 346 1345 376 VARIORUM
1382 347 1432 376 IN

1203 448 1282 470 vm.
1302 442 1371 470 127.
1395 440 1403 457 ‘
1423 439 1473 471 Sit
1492 439 1553 472 tibi
1572 446 1688 474 sancta
1706 442 1823 474 cohors
1844 450 1898 472 co-

1201 489 1346 520 mitum)
1373 490 1471 521 Gron.

1243 540 1261 579 ξ
1285 543 1324 570 10
1348 540 1461 571 Decem
1476 541 1590 583 millia]
1612 545 1727 574 14000.
1743 545 1899 572 numerat

1202 591 1380 622 Frontinus
1397 600 1445 622 ιν.
1470 591 1574 623 Strat.
1599 596 1628 623 2.
1652 595 1683 623 7.
1708 597 1742 623 et
1766 595 1797 624 S.
1820 592 1901 622 Ber-

1201 651 1316 672 neccer.
1360 641 1441 672 Dux
1467 651 1581 672 eorum
1603 642 1793 682 Xenophon
1823 640 1900 671 fuit.

1202 692 1280 723 Vid.
1296 691 1416 722 AElian.
1431 700 1487 721 111.
1508 692 1549 722 V.
1571 692 1616 722 H.
1636 694 1686 722 17.
1717 692 1789 722 Vor.

1249 741 1430 781 Ivzauxilz'o]
1445 741 1530 772 Mss.
1544 740 1669 770 habent
1683 751 1758 770 (1111.
1772 740 1904 780 rejecta

1205 802 1311 833 praep.
1327 801 1423 831 quam
1449 791 1529 821 lect.
1554 795 1638 830 puto
1656 789 1902 831 praefcrendam

1206 844 1366 884 vulgatae.
1389 840 1493 878 Schef.

1000 1120 1218 1168 LIBER
1261 1120 1354 1168 Vl.

505 1233 630 1264 CAP.1.
656 1236 671 1264 1
700 1234 768 1269 Quo
789 1235 878 1275 plura
892 1235 1016 1272 habent,
1039 1244 1072 1264 eo
1095 1243 1157 1263 am-

458 1282 651 1323 plior11,{5·c.]
682 1283 760 1314 Seu.
784 1293 824 1315 11.
849 1282 968 1315 Benef.
992 1286 1045 1314 27.
1080 1283 1088 1299 ‘
1106 1283 1156 1312 Eo

460 1333 587 1373 majora
613 1333 778 1372 cupimus,
809 1343 876 1374 quo
902 1333 1032 1373 majora
1056 1341 1158 1363 vene-

460 1387 559 1413 runt:
583 1383 755 1423 multoque
778 1383 986 1414 concitatior
1007 1387 1060 1413 est
1081 1392 1158 1413 ava-

461 1431 540 1462 ritia
570 1431 603 1462 in
633 1441 829 1472 magnarum
859 1441 959 1471 opum
993 1436 1158 1469 congestu

461 1480 641 1519 collocata,
662 1485 699 1511 ut
722 1479 867 1512 flammae
891 1481 1024 1512 infinito
1049 1482 1159 1514 acrior

463 1530 513 1561 vis
530 1536 592 1569 est,
608 1540 673 1571 quo
695 1540 737 1561 ex
760 1532 891 1571 majore
907 1531 1062 1562 incendio
1078 1533 1159 1562 emi-

462 1581 559 1613 cuit.’
583 1582 766 1613 Berneccer.
806 1582 853 1613 H.
868 1582 1074 1613 sententiam
1091 1582 1160 1622 pla-

462 1642 540 1662 nam
565 1641 637 1663 esse
658 1642 725 1663 non
750 1632 961 1673 ignorabam.
1008 1633 1076 1664 Sed
1100 1634 1161 1664 hoc

463 1693 529 1714 non
547 1684 682 1724 piamun
699 1688 765 1723 est,
782 1694 881 1724 quam
907 1684 995 1715 belle
1016 1683 1162 1722 dicatur,

463 1733 690 1765 Lacedoemonii
718 1744 752 1765 eo
787 1736 879 1775 ampl.
909 1736 1075 1775 cupientes,
1104 1745 1164 1766 non

462 1784 609 1815 contenti.
644 1784 714 1815 Ista
729 1784 795 1816 duo
812 1785 994 1826 participia
1010 1785 1164 1826 sicjungi

466 1834 538 1865 siue
575 1835 777 1875 interposita
812 1836 935 1875 copula
972 1845 1038 1866 non
1069 1840 1164 1866 recte

466 1895 578 1925 posse,
594 1885 651 1926 qui
676 1885 795 1916 Latine
812 1885 930 1916 doctus
951 1889 1015 1925 est,
1037 1891 1073 1916 et
1095 1886 1165 1916 ani-

466 1945 557 1966 mum
570 1936 739 1975 advertet,
754 1935 854 1967 facile
871 1935 1014 1967 videbit.
1052 1935 1121 1967 Sed
1138 1936 1166 1967 si

466 1986 525 2017 ilia
536 1985 640 2016 verba
652 1987 848 2026 conjungas,
857 1996 938 2017 more
949 1987 1067 2025 ingenii
1082 1988 1164 2018 hum.

466 2047 525 2077 quo
537 2037 631 2076 plura
645 2035 747 2075 habet,
763 2046 796 2067 eo
810 2038 901 2077 ampl.
918 2037 1082 2077 cupientis,
1098 2047 1167 2068 om-

469 2086 526 2117 nia
541 2085 669 2126 liquida
689 2089 789 2116 eruut
811 2091 847 2117 et
872 2096 963 2117 sana.
1008 2087 1168 2118 Lacedae-

468 2136 572 2168 monii
587 2145 653 2166 non
678 2136 830 2167 contenti
853 2136 1044 2167 accessione
1063 2136 1166 2167 Athe-

468 2187 634 2218 niensium
657 2187 744 2218 vires
765 2187 827 2218 sibi
845 2186 1047 2227 duplicatas,
1062 2187 1166 2218 totius

473 2237 564 2269 Asiae
589 2236 769 2277 imperium
790 2234 951 2267 affectare
978 2241 1169 2277 coeperunt,

471 2297 554 2319 more
573 2287 693 2327 ingenii
716 2287 800 2318 hum.
826 2296 882 2327 quo
906 2287 995 2327 plura
1017 2286 1170 2327 habentis,

472 2348 505 2369 co
527 2338 620 2379 ampl.
640 2337 802 2377 cupientis.
846 2336 902 2368 Sic
926 2336 1014 2367 enim
1036 2337 1168 2374 legend.

473 2397 564 2418 nunc
581 2396 716 2419 censeo,
761 2387 836 2418 Nec
859 2385 984 2417 offendi
1007 2386 1171 2417 debemus

474 2440 538 2470 hac
560 2437 745 2476 locutione,
768 2436 856 2478 quod
882 2437 1040 2476 ingenium
1065 2437 1171 2468 Imma-

474 2499 548 2520 mcm
575 2488 710 2519 dicatur
743 2487 854 2518 habere
880 2489 1001 2519 multa.-
1040 2497 1171 2519 sensum

475 2540 563 2571 enim
580 2538 731 2579 respexit
746 2541 784 2568 ut
795 2538 917 2568 millies
933 2537 1034 2569 ethic
1048 2538 1174 2568 Noster

478 2595 513 2621 et
530 2590 607 2629 alii;
630 2599 668 2621 ac
683 2589 712 2620 si
727 2588 932 2629 scripsisset,
957 2589 1055 2620 More
1072 2589 1175 2620 homi·

478 2650 572 2679 num,
598 2648 664 2681 quo
689 2639 788 2679 plura
813 2638 1021 2677 habentium,
1047 2648 1086 2669 eo
1108 2648 1175 2669 am-

477 2691 590 2731 pliora
609 2689 828 2730 cupientium.
855 2690 963 2720 Groev.
1007 2690 1094 2720 Sunt
1119 2688 1175 2730 qni

477 2742 532 2772 hic
563 2740 689 2782 aliquid
726 2744 922 2780 corruptum
953 2749 1025 2770 csse
1061 2739 1176 2771 existi-

481 2797 596 2831 mant3
631 2801 699 2823 non
729 2800 806 2831 ego.
853 2791 940 2822 Nam
971 2791 1063 2821 unna
1093 2800 1176 2830 opus

481 2843 668 2874 mutatione
687 2846 753 2881 cst,
768 2851 843 2872 cum
859 2841 932 2872 haec
951 2841 1120 2871 sententia
1134 2840 1178 2872 sit

1211 1234 1308 1273 plura
1331 1234 1471 1274 habent,
1496 1243 1538 1264 eo
1566 1238 1600 1265 et
1625 1233 1788 1274 ampliora
1814 1233 1908 1273 cupi-

1211 1287 1322 1322 entes,
1344 1294 1436 1314 more
1458 1284 1582 1324 ingenii
1605 1284 1752 1322 humani,
1777 1293 1822 1316 sc.
1844 1286 1908 1314 ἃς.

1212 1333 1346 1364 Deinde
1363 1343 1430 1364 non
1445 1334 1525 1364 satis
1538 1343 1579 1364 ex
1597 1344 1656 1364 usu
1672 1334 1768 1364 beuae
1782 1333 1910 1364 Latini-

1213 1383 1293 1413 tatis
1309 1383 1456 1422 videtur,
1478 1388 1516 1413 ut
1539 1383 1645 1423 dicas,
1659 1383 1829 1422 ingenium,
1852 1392 1909 1422 quo

1210 1434 1301 1473 plura
1324 1432 1427 1473 habet,
1453 1443 1486 1463 eo
1516 1432 1611 1463 etiam
1636 1435 1666 1464 et
1694 1434 1786 1472 plura
1812 1432 1910 1472 cupit.

1213 1482 1296 1514 Fab.
1341 1483 1420 1514 Non
1447 1492 1611 1523 aspernor
1637 1482 1910 1514 emendationem

1213 1532 1411 1571 Boxhornii,
1435 1533 1503 1568 Quo
1530 1533 1622 1573 plura
1643 1533 1733 1564 habet
1755 1543 1789 1564 eo
1815 1534 1911 1573 ampl.

1214 1582 1364 1622 capientis
1376 1593 1387 1619 ;
1403 1592 1499 1624 quam
1517 1587 1552 1614 et
1567 1584 1611 1615 cl.
1626 1583 1762 1615 Graevio
1776 1583 1913 1624 plaeere

1216 1633 1324 1665 video.
1368 1632 1488 1664 Altera
1505 1638 1616 1665 tamen
1634 1634 1738 1665 lectio
1751 1634 1823 1674 jam
1841 1642 1914 1664 aevo

1217 1684 1332 1715 Orosii
1348 1682 1449 1715 fuisse
1466 1683 1612 1715 videtur.
1643 1684 1758 1715 Habet
1774 1683 1862 1715 enim
1878 1687 1914 1715 et

1217 1733 1421 1774 Exscriptor
1456 1734 1514 1765 ille
1545 1743 1601 1764 111.
1633 1737 1662 1764 1.
1699 1734 1772 1764 sic:
1810 1733 1914 1766 ‘Quo

1217 1785 1315 1825 piura
1336 1783 1492 1823 habeant,
1518 1793 1558 1815 eo
1586 1785 1687 1824 ampl.
1714 1782 1915 1825 cupiente8.'

1224 1836 1323 1867 Vorst.
1355 1836 1469 1867 Graev.
1484 1846 1540 1876 quo
1552 1837 1643 1876 plura
1659 1835 1762 1876 habet,
1777 1846 1811 1867 eo
1821 1835 1915 1874 ampl.

1216 1886 1378 1926 cupientis,
1388 1886 1534 1927 nihilque
1551 1886 1598 1916 ait
1610 1895 1684 1916 esse
1699 1886 1835 1917 certius.
1860 1885 1916 1916 Ita

1216 1937 1296 1967 olim
1313 1941 1349 1967 et
1364 1936 1536 1967 Boxhorn.
1561 1937 1632 1976 Ego
1643 1941 1774 1966 temere
1787 1935 1832 1965 nil
1846 1944 1917 1965 mu-

1220 1992 1301 2026 tem,
1318 1987 1394 2028 quia
1417 1987 1451 2016 in
1476 1987 1541 2017 isto
1564 1986 1674 2016 habent
1690 1995 1756 2016 non
1773 1990 1841 2016 tam
1859 1984 1917 2016 ad-

1221 2036 1333 2068 tendit
1347 2036 1389 2067 ad
1408 2036 1579 2076 ingenium
1596 2036 1787 2074 humanum,
1804 2044 1918 2077 quam,

1223 2089 1312 2129 quod
1339 2089 1372 2119 in
1399 2089 1510 2119 animo
1534 2091 1620 2127 erat,
1643 2088 1732 2128 ipsos
1753 2087 1919 2117 homines.

1221 2140 1267 2170 Et
1297 2142 1480 2170 occurrunt
1502 2138 1583 2169 talia
1610 2137 1701 2168 alibi.
1738 2136 1816 2167 Vid.
1841 2146 1917 2177 quae

1220 2193 1378 2220 notamus
1409 2187 1533 2228 passim
1563 2187 1606 2217 ad
1643 2186 1772 2228 Hygin.
1814 2186 1920 2225 Schef.

1221 2239 1230 2255 ‘
1250 2238 1347 2269 More
1374 2237 1498 2277 ingenii
1524 2236 1679 2267 huinani’
1704 2236 1806 2267 etiam
1832 2236 1920 2269 dixit

1222 2288 1414 2328 Hegesipp.
1430 2296 1456 2319 1.
1472 2289 1523 2318 36.
1540 2292 1575 2318 et
1590 2289 1643 2318 37.

1266 2340 1282 2380 ς
1305 2341 1325 2369 2
1351 2337 1560 2378 Hercyllides]
1597 2336 1804 2378 Δερκυλλίδας
1831 2337 1921 2369 Xen.

1224 2398 1281 2420 111.
1304 2388 1408 2420 Diod.
1425 2397 1500 2419 xw.
1515 2390 1566 2419 39.
1583 2387 1677 2419 Plut.
1689 2389 1724 2419 in
1737 2387 1921 2419 Artaxerx.

1225 2449 1308 2480 quos
1324 2438 1392 2470 vid.
1438 2437 1516 2469 Huc
1541 2441 1677 2478 spectat
1691 2437 1793 2478 Trogi
1817 2438 1923 2478 Frag-

1226 2493 1375 2520 mentum
1392 2498 1447 2528 ap.
1464 2487 1629 2519 Priscian.
1641 2497 1690 2519 vr.
1706 2487 1802 2528 cujus
1819 2488 1923 2519 etiam

1228 2539 1310 2570 Mss.
1326 2538 1464 2577 babent,
1487 2538 1496 2555 ⁴
1514 2538 1556 2569 ab
1580 2536 1792 2569 Herculide.'
1824 2537 1924 2568 Oros.

1229 2599 1285 2621 ιιι.
1313 2593 1340 2620 1.
1373 2593 1474 2620 vocat
1504 2590 1513 2606 ‘
1534 2587 1763 2619 Hercilidem.’
1807 2588 1925 2620 ‘Der-

1229 2639 1380 2680 cynidae’
1407 2638 1562 2669 meminit
1575 2642 1610 2669 et
1627 2638 1721 2669 Plut.
1739 2637 1773 2668 in
1790 2637 1924 2678 Apoph.

1230 2691 1354 2722 Lacon.
1388 2690 1490 2727 Bong.
1545 2687 1714 2728 Leopard.
1747 2689 1927 2719 contendit

1230 2739 1365 2781 legend.
1403 2747 1477 2769 esse
1507 2737 1712 2778 Dercyllides.
1768 2739 1814 2769 Et
1844 2747 1926 2770 sane

1232 2795 1390 2821 auctores
1407 2787 1520 2820 Graeci
1538 2787 1626 2818 Xeu.
1644 2787 1746 2819 Diod.
1766 2788 1856 2820 Plut.
1882 2789 1928 2820 ita

1233 2849 1309 2870 eum
1327 2842 1458 2870 vocant.
1482 2837 1571 2871 Quia
1588 2841 1699 2868 tamen
1713 2837 1815 2877 ipsius
1826 2839 1929 2879 Trogi

484 2891 1181 2935 planaetpcrspicua:Lacedaemoniiquo
1236 2892 1475 2931 Fragmentum
1511 2898 1565 2929 ap.
1605 2888 1768 2919 Priscian.
1808 2897 1856 2920 vi.
1894 2889 1928 2920 in
