2174 3424
474 345 558 386 722

937 359 1077 389 NoTAE
1112 348 1332 392 murone
1343 362 1374 391 M
1410 362 1458 392 ιΝ

471 450 480 466 ⁸
501 449 628 489 Vulgus
645 448 717 480 sine
735 450 892 483 nomine!
923 453 1082 484 Tueretur.
1117 453 1174 485 Ita
1224 453 1266 484 ad
1281 464 1306 485 1.
1322 457 1353 486 7.
1376 457 1426 486 14.
1452 459 1488 486 et
1513 463 1552 485 ιι.
1573 457 1622 486 14.
1643 457 1692 486 10.
1716 453 1917 486 notavimus.

475 498 548 530 Cic.
581 508 666 531 xur.
695 500 738 531 ad
763 500 838 533 Att.
862 505 915 534 49.
949 504 1056 534 ‘Erat
1083 504 1172 536 enim

478 548 513 579 in
538 551 730 581 consulatus
756 552 919 592 petitione
947 563 1009 593 per
1035 559 1069 585 te
1093 554 1171 585 mibi

477 600 661 640 pollicitus,
684 602 711 632 si
737 602 815 642 quid
841 613 924 643 opus
947 609 1057 635 esset:
1083 605 1170 645 quod

472 659 536 690 ego
550 651 691 690 perinde
707 653 840 691 tuebar,
851 663 890 684 ac
904 654 929 684 si
944 664 1018 685 usus
1032 664 1140 686 esseni
1151 655 1170 686 :’

471 705 508 731 et
523 701 624 733 Catil.
640 711 694 733 111.
710 706 760 734 12.
781 704 790 720 ‘
806 703 895 734 Illud
913 704 1082 744 perficiam
1098 715 1171 745 pro·

471 749 573 789 fecto,
595 757 630 783 ut
647 762 698 792 ea,
721 763 797 794 quae
815 754 900 793 gessi
918 755 951 785 iu
977 756 1169 795 consulatu,

473 802 628 842 privatus
646 808 742 834 tuear
757 809 858 845 atque
877 805 1016 836 oruem.'
1030 805 1039 819 ’

516 853 533 892 ξ
551 854 590 882 10
614 852 717 893 Solus]
741 853 797 885 Sc.
814 863 832 885 e
850 855 991 886 ducibus
1015 866 1055 887 ac
1073 855 1170 887 trier-

473 902 590 932 arcbis.
614 903 714 935 Rern.

517 954 595 983 Cum
619 956 686 983 octo
709 953 852 994 navibus]
875 955 966 986 Plut.
1008 954 1055 986 At
1070 956 1169 987 Diod.

473 1011 556 1032 Χιιι.
574 1005 645 1034 106.
667 1005 733 1033 Τῶν
745 1002 802 1042 μὲν
816 1003 869 1034 οὖν
889 1007 1014 1045 τριηρῶν
1029 1004 1102 1036 δέκα
1115 1005 1170 1042 μό-

472 1063 526 1083 νον
553 1052 736 1092 διεξέπεσον,
764 1052 805 1084 ὧν
828 1054 899 1092 μίαν
923 1054 1004 1094 ἔχων
1027 1055 1130 1086 Κόνων
1154 1057 1170 1086 ὁ

472 1102 657 1142 στρατηγὸς,
672 1104 729 1141 τὴν
742 1103 799 1143 μὲν
819 1104 860 1136 εἷς
879 1104 1009 1143 Ἀθήνας
1024 1105 1170 1137 ἐπάνοδον

473 1150 607 1191 ἀπέγνω,
634 1155 697 1184 &c.
733 1155 892 1194 Bongzzrs.
947 1157 994 1187 H.
1022 1167 1169 1196 pugnam

470 1207 599 1242 praeter
612 1203 713 1235 Diod.
740 1206 876 1245 egregie
903 1206 1065 1237 describit
1081 1207 1169 1239 Xeu.

470 1251 561 1282 Hist.
578 1252 640 1284 Gr.
658 1261 697 1284 11.
742 1254 820 1285 Vid.
845 1255 948 1287 Paus.
964 1265 1019 1287 111.
1042 1267 1077 1297 p.
1095 1260 1167 1288 180.

470 1302 570 1333 Bern.

514 1353 603 1383 mr».
622 1363 684 1384 νιι.
719 1355 735 1394 §
761 1357 779 1385 3
805 1355 948 1396 Recepit]
973 1355 1096 1387 Melius
1122 1367 1168 1388 re-

469 1403 557 1443 cipit,
588 1407 623 1434 et
653 1414 731 1434 mox
761 1405 920 1444 relinquit,
937 1410 973 1436 ut
1003 1411 1168 1446 congruat

470 1453 619 1492 praeced.
639 1453 648 1470 ‘
665 1454 797 1485 mittit!
816 1455 960 1486 Freinslae.
1001 1456 1078 1487 Vid.
1095 1461 1166 1488 not.

472 1503 514 1533 ad
532 1512 564 1533 v.
582 1506 614 1533 9.
632 1506 683 1534 ll.
707 1504 805 1534 Bern-

512 1554 528 1594 ᾧ
545 1556 576 1584 4.
592 1557 622 1584 5.
638 1557 669 1585 6.
695 1554 773 1594 δια]
798 1554 1067 1595 Epitomatorem
1093 1565 1168 1596 pro-

469 1602 557 1634 fesso
575 1604 710 1634 minime
727 1605 945 1644 conveniens,
969 1610 1004 1637 et
1030 1604 1167 1637 affecta-

468 1655 560 1685 tione
577 1664 682 1694 prope
701 1655 818 1695 putida
834 1656 1070 1696 hypotyposis.
1095 1657 1146 1688 Id.

512 1706 529 1744 §
544 1707 564 1735 6
581 1705 752 1735 Fortunam
776 1705 928 1745 publicam
943 1706 1096 1746 questibus
1110 1706 1169 1737 ite-

467 1754 554 1794 rant]
578 1754 621 1785 H.
639 1764 668 1785 e.
688 1755 797 1786 denuo
813 1757 1108 1796 conquerebantur
1125 1757 1167 1787 de

468 1802 605 1834 fortuna
622 1804 767 1844 publica.
811 1806 877 1836 Sed
892 1816 934 1836 an
951 1807 1066 1838 iterare
1081 1818 1167 1847 ques-

466 1856 549 1886 tibus
563 1856 728 1895 fortunam
749 1858 924 1888 commode
941 1859 1085 1898 dicatur,
1100 1859 1166 1890 hae-

469 1916 538 1938 reo.
595 1908 700 1938 Certe
731 1916 796 1938 non
827 1912 897 1938 tam
927 1908 1064 1939 fortuna
1095 1909 1167 1949 ipsa

467 1957 621 1997 iteratur,
645 1967 744 1998 quam
761 1958 831 1997 ejus
848 1959 1021 1997 memoria,
1046 1963 1081 1989 ut
1102 1959 1165 1989 sal-

469 2011 537 2038 tem
555 2017 661 2047 genus
677 2007 739 2038 hoc
757 2008 801 2038 sit
817 2008 916 2048 paulo
934 2008 1048 2038 durius
1066 2012 1100 2039 et
1117 2008 1166 2039 in-

468 2058 642 2089 solentius.
699 2057 740 2088 In
768 2059 835 2088 Ms-
864 2059 1009 2099 quodam
1040 2059 1165 2098 legitur

461 2108 623 2147 fenerant,
647 2117 688 2138 ex
714 2117 779 2148 quo
807 2118 912 2148 prope
944 2109 1043 2139 venio
1074 2109 1106 2139 in
1135 2109 1165 2140 b.

469 2158 686 2196 seutentiam,
711 2158 885 2198 scripsisse
903 2158 993 2190 Just.
1010 2159 1167 2198 questibus

467 2210 609 2239 onerant.
657 2207 757 2238 Esset
774 2207 929 2247 profecto
946 2208 976 2239 b.
994 2209 1073 2239 lect.
1101 2210 1167 2239 ele-

468 2258 616 2297 gantior,
630 2262 665 2288 et
680 2258 806 2288 suetior
825 2258 967 2288 Latinis.
1003 2258 1058 2288 Sic
1076 2258 1165 2289 enim

468 2313 504 2338 et
526 2308 534 2324 ‘
556 2307 736 2346 laudibus,'
758 2308 766 2323 ‘
790 2308 1028 2347 contumeliis,'
1053 2308 1061 2324 ‘
1082 2308 1165 2349 inju-

467 2358 548 2398 riis‚’
571 2358 580 2375 ‘
598 2357 814 2396 maledictis,’
839 2358 847 2373 ‘
867 2357 996 2397 probris
1012 2358 1164 2388 onerare'

469 2409 592 2450 passim
618 2408 749 2447 legitur.
795 2406 883 2438 Add.
910 2407 996 2448 quod
1023 2418 1059 2438 re
1085 2418 1165 2438 vera

469 2459 623 2500 querelas
641 2468 705 2488 non
723 2458 935 2496 iteraverint,
948 2468 1023 2488 cum
1040 2457 1082 2488 de
1099 2457 1163 2488 for-

468 2514 550 2540 tuna
567 2508 702 2548 publica
731 2507 822 2548 prius
848 2517 913 2538 non
939 2507 1064 2538 fuerint
1087 2518 1165 2539 con-

469 2559 593 2600 questi,
622 2557 681 2589 sed
710 2562 839 2589 tantum
871 2559 963 2588 auxii
992 2563 1026 2589 et
1058 2558 1165 2589 dubii.

467 2609 572 2647 Schef.
620 2608 720 2648 Angli
741 2612 892 2645 onerant;
915 2609 1004 2650 quod
1027 2609 1165 2649 egregie

468 2658 582 2690 firmat
613 2659 847 2699 conjecturam
874 2664 1036 2699 nostram,
1066 2669 1165 2700 quam

467 2710 501 2740 in
518 2710 605 2741 notis
624 2709 872 2750 proposuimus.
896 2710 945 2740 Id.

511 2761 527 2800 ξ
549 2763 568 2791 7
603 2762 682 2791 Cum
705 2761 840 2800 privatis
867 2760 986 2791 casibus
1013 2760 1165 2800 querelam

467 2811 620 2851 publicam
644 2811 786 2850 miscent]
811 2811 894 2849 Pro,
921 2821 997 2842 cum
1026 2811 1165 2851 querela

469 2862 511 2891 de
539 2862 672 2892 casibus
700 2862 840 2901 privatis
868 2862 1039 2902 querelam
1057 2860 1164 2901 publi-

468 2922 542 2943 czun
573 2912 728 2944 miscent.
776 2912 879 2955 Cujus
909 2912 1042 2954 generis
1067 2912 1164 2953 plura

1228 503 1301 536 Vor-

1266 555 1282 594 ξ
1299 555 1318 584 8
1333 554 1529 595 Judicantes]
1554 554 1655 595 Angl.
1662 554 1819 594 judicant.
1843 555 1918 587 Nec

1222 604 1392 644 displicet.
1421 605 1493 635 Vor.

1264 655 1281 694 ξ
1307 657 1327 684 9
1356 654 1438 693 Sibi,
1464 654 1532 694 t5·c.]
1555 655 1644 685 Saxo
1670 664 1706 687 x.
1734 666 1768 697 p.
1793 658 1867 687 203.
1891 654 1916 686 f.

1220 704 1230 722 ‘
1253 705 1301 735 Ut
1320 705 1390 745 jam
1419 705 1483 735 sibi
1511 704 1688 735 victoriam
1706 710 1784 736 ante
1801 706 1916 736 oculos

1222 758 1461 794 praeponentes
1485 753 1567 795 (leg.
1581 753 1687 795 prop.)
1710 754 1745 785 in
1762 755 1917 795 praelium

1221 804 1438 845 prosilirent.'

1261 854 1433 894 Superbum
1448 854 1650 894 victoremque
1666 854 1783 884 hostem
1802 863 1916 893 propo·

1219 905 1338 945 nentes]
1360 903 1544 944 Ejicieudae
1573 913 1592 934 e
1621 908 1718 935 textu
1743 904 1917 943 scriptoris
1971 919 1975 924 ·

1220 954 1272 984 bae
1289 954 1363 984 duae
1381 954 1509 984 voculae
1523 964 1580 994 que
1601 954 1732 990 hostem
1757 954 1847 995 quod
1864 963 1918 985 me

1220 1014 1308 1044 pene
1325 1004 1433 1044 pudet
1450 1005 1677 1044 admonuisse,
1694 1005 1740 1036 ita
1758 1014 1811 1036 res
1826 1005 1917 1035 clara

1220 1058 1273 1085 est
1290 1058 1324 1084 et
1340 1053 1534 1086 manifesta.
1568 1054 1716 1095 Legeud.
1731 1065 1756 1086 s,
1770 1055 1918 1086 victorem

1214 1114 1305 1145 prop.
1331 1105 1413 1136 Fab.

1261 1156 1278 1195 ξ
1296 1158 1333 1185 ll
1361 1155 1525 1187 Feliciores
1539 1155 1624 1187 urbis
1638 1156 1743 1187 ruinas
1758 1155 1916 1196 ducentes]

1219 1204 1321 1246 Angli
1336 1206 1482 1245 dicentem,
1500 1207 1588 1247 quod
1606 1211 1641 1237 et
1657 1206 1766 1246 ipsun]
1785 1210 1916 1237 rectum

1219 1255 1365 1288 videtur.
1411 1257 1657 1296 Proponuutur
1680 1257 1768 1287 enim
1791 1256 1844 1287 bic
1861 1266 1916 1288 eo-

1218 1317 1290 1338 rum
1322 1308 1580 1339 lamentationes
1611 1312 1648 1340 et
1677 1308 1825 1349 querelae
1855 1316 1917 1348 per

1218 1367 1293 1387 suas
1317 1362 1444 1397 partes.
1488 1357 1537 1389 At
1564 1357 1645 1388 illud
1671 1358 1680 1375 ‘
1698 1356 1840 1388 ducere’
1872 1356 1915 1388 ad

1218 1411 1387 1437 secretum
1419 1407 1521 1437 animi
1558 1405 1707 1437 refertur
1737 1405 1914 1447 judicium.

1216 1457 1272 1487 Sic
1288 1457 1414 1488 Noster
1430 1457 1523 1496 alibi,
1537 1461 1576 1488 ut
1593 1466 1700 1488 xxrv.
1717 1459 1749 1488 4.
1767 1459 1800 1489 9.
1823 1456 1832 1473 ‘
1849 1457 1915 1488 Ac-

1219 1511 1288 1537 tum
1305 1507 1346 1537 de
1364 1507 1568 1538 Macedonia
1593 1508 1722 1544 dicem,
1745 1507 1773 1538 si
1794 1506 1914 1547 egeat)

1218 1557 1264 1588 Et
1282 1566 1332 1589 xl.
1348 1561 1378 1589 5.
1394 1561 1426 1589 4.
1448 1557 1458 1575 ‘
1473 1557 1517 1588 Se
1541 1566 1673 1599 quoque
1699 1566 1764 1587 uon
1787 1556 1915 1587 debere

1219 1608 1335 1638 melius
1352 1617 1491 1648 sperare
1509 1607 1688 1639 dicentes.’
1711 1606 1814 1646 Schef.

1265 1658 1393 1689 Taxatoe
1423 1657 1503 1697 sint]
1537 1657 1583 1688 H.
1613 1667 1645 1687 e.
1682 1656 1915 1695 constiterint,

1218 1708 1394 1739 aestimatae
1411 1707 1549 1740 fuerint.
1593 1708 1670 1740 Seu.
1695 1708 1737 1738 ad
1759 1708 1867 1738 Marc.
1884 1717 1915 1738 c.

1219 1761 1270 1789 19.
1283 1758 1291 1774 ‘
1303 1758 1402 1789 Tanti
1417 1757 1574 1799 quodque
1586 1757 1708 1788 malum
1721 1761 1785 1797 est,
1796 1755 1914 1797 quanti

1216 1808 1298 1839 illud
1320 1807 1531 1839 taxavimus?
1556 1808 1651 1838 Bern.
1696 1807 1784 1838 Plin.
1804 1815 1916 1839 xxxv.

1220 1861 1267 1889 ll.
1284 1859 1479 1889 ‘Talentum
1492 1857 1645 1889 Atticum
1660 1866 1737 1888 xvl.
1753 1858 1802 1888 M.
1818 1862 1915 1889 taxat

1216 1908 1346 1940 Varro?
1392 1908 1470 1939 Vid.
1487 1912 1522 1939 et
1538 1908 1628 1939 Flor.
1646 1917 1668 1938 1.
1687 1910 1740 1938 12.
1761 1910 1792 1938 8.
1817 1911 1853 1938 et
1872 1916 1913 1938 ιι.

1215 1961 1248 1989 6.
1275 1961 1326 1988 18.
1384 1959 1445 1988 Est
1476 1962 1590 1988 autem
1621 1957 1630 1973 ‘
1657 1956 1796 1988 taxare’
1822 1957 1912 1988 idem

1216 2007 1307 2048 qnod
1324 2008 1506 2039 aestimare.
1530 2008 1602 2039 Vor.
1838 2038 1842 2042 ,

1257 2058 1274 2097 ᾗ
1292 2059 1330 2087 12
1350 2057 1490 2097 Pridem]
1514 2058 1594 2097 Sup.
1610 2066 1649 2089 11.
1670 2060 1719 2089 12.
1736 2059 1786 2088 16.
1815 2057 1913 2088 Bern.

1259 2107 1344 2139 CAP.
1363 2117 1441 2139 vui.
1475 2109 1491 2148 ς
1514 2111 1531 2137 1
1564 2108 1617 2138 Sic
1632 2107 1767 2148 defletoe]
1791 2108 1839 2138 Ea
1856 2117 1913 2138 no-

1217 2158 1308 2188 tione
1337 2168 1400 2189 vox
1427 2163 1600 2198 usurpata,
1624 2164 1659 2188 ut
1683 2158 1778 2188 Suet.
1805 2158 1914 2199 Calig.

1217 2218 1246 2239 c.
1264 2211 1316 2239 38.
1339 2211 1347 2225 ‘
1366 2208 1562 2248 Diplomata
1579 2213 1615 2238 ut
1632 2212 1748 2238 vetera
1765 2212 1799 2239 et
1815 2208 1914 2239 obso-

1216 2258 1286 2288 leta
1312 2257 1492 2289 deflebat!
1525 2258 1581 2288 ubi
1609 2258 1694 2288 male
1722 2258 1914 2290 rescribunt

1216 2308 1272 2338 alii
1295 2309 1446 2349 (Ιξῇῖιιὺαέ.
1493 2309 1581 2339 Nam
1609 2306 1797 2338 ‘deflendi'
1828 2317 1912 2339 voce

1216 2359 1249 2388 in
1275 2358 1350 2389 eod.
1374 2367 1472 2388 sensu
1496 2358 1602 2389 utitur
1624 2358 1717 2389 Suet.
1735 2358 1840 2398 Calig.
1859 2361 1911 2389 30.

1215 2412 1246 2440 9.
1294 2409 1348 2439 Ita
1369 2408 1508 2439 verbum
1535 2412 1542 2424 ‘
1558 2407 1755 2448 deplorare'
1774 2408 1912 2448 ponitur

1215 2468 1268 2499 ap.
1302 2459 1373 2489 Liv.
1402 2467 1503 2489 xuu.
1531 2461 1563 2489 7.
1593 2461 1624 2489 4.
1676 2459 1732 2489 Ita
1758 2458 1836 2489 Sen.
1868 2458 1909 2489 ad

1215 2509 1324 2539 Marc.
1342 2511 1394 2539 26.
1419 2517 1470 2547 pr.
1493 2508 1587 2538 Curt.
1604 2517 1686 2538 νιιι.
1702 2510 1733 2538 6.
1752 2510 1800 2538 10.
1825 2507 1914 2539 Ven.

1216 2568 1256 2590 ιι.
1276 2562 1347 2589 119.
1378 2561 1406 2590 l.
1432 2558 1562 2588 Bernec.
1607 2557 1685 2588 vid.
1702 2556 1808 2588 Diod.
1827 2565 1911 2588 xm.

1214 2610 1302 2640 Xen.
1322 2609 1415 2639 Hist.
1437 2609 1498 2640 Gr.
1523 2618 1564 2638 11.
1600 2608 1693 2638 l’lut.
1710 2608 1743 2638 in
1762 2607 1909 2647 Lysand.

1215 2664 1250 2690 et
1266 2658 1380 2690 Alcib.
1395 2658 1514 2689 [Elian.
1531 2667 1580 2689 ιν.
1605 2658 1645 2689 V.
1658 2657 1704 2688 H.
1716 2657 1868 2697 Thucyd.
1884 2666 1909 2688 1.

1215 2709 1326 2741 strab.
1345 2718 1394 2740 lx.
1422 2710 1484 2739 Ox.

1260 2759 1426 2789 Obsidione
1451 2758 1642 2789 circumdata
1670 2757 1801 2788 obsessos
1822 2757 1910 2795 fame

1213 2810 1341 2850 urgent]
1363 2809 1460 2841 Junt.
1485 2809 1581 2839 obsid.
1598 2808 1801 2838 circumdatos
1821 2807 1853 2843 f.
1876 2817 1909 2838 u.

1214 2861 1270 2891 Sic
1285 2859 1420 2900 scripsit
1437 2859 1527 2891 Just.
1573 2857 1717 2889 obesssos
1738 2862 1789 2888 est
1807 2858 1909 2888 inter-

1215 2910 1362 2952 pretatio
1394 2909 1448 2939 τοῦ
1475 2909 1571 2940 obsid.
1599 2909 1811 2947 circumdatos,
1834 2916 1908 2948 quae
