2174 3424
514 345 600 385 702

560 449 577 488 ξ
601 450 640 479 13
665 445 744 487 Hic]
767 446 905 478 Rectius
920 446 988 478 Ms.
1009 447 1119 487 Bong.
1136 445 1211 478 His.

517 497 625 529 Gron.

562 549 579 588 ξ
604 550 644 578 16
667 546 873 587 Promiserat]
908 545 1009 587 Angl.
1037 556 1104 577 una
1129 555 1212 577 voce

519 597 652 628 auctius
672 607 770 637 prom.
787 597 886 628 Deus.
929 596 996 627 Sed
1013 596 1212 636 glossatoris

519 652 587 685 est3
625 647 789 687 praecedit
817 646 968 688 proxime
994 646 1036 677 de
1066 646 1215 687 oraculo,

521 706 587 738 quo
604 697 742 727 verbum
758 697 820 727 hoc
835 695 1004 727 referend.
1026 695 1130 733 Schef.

564 750 580 789 ξ
605 751 644 779 17
669 747 829 787 Fundam]
853 748 1056 779 Liv.111.60.
1078 746 1214 778 ‘Rebus

521 798 656 830 urbanis
670 798 876 838 compositis,
886 796 1095 839 fundatoque
1109 797 1216 838 plebis

522 849 636 880 statu!
663 849 761 880 Gron.

565 899 652 930 CAP.
669 907 706 929 v-
750 899 768 938 ξ
796 900 815 928 2
840 896 961 927 Deinde
975 906 1041 927 cum
1053 906 1110 936 per
1123 905 1219 926 annos

521 948 676 987 octoginta
693 947 805 986 gravia
819 946 979 977 servitutis
993 945 1135 985 verbera]
1162 945 1219 976 Ita

522 998 556 1027 li.
581 997 602 1028 l.
627 995 884 1036 distinguendus
911 1001 983 1026 est:
1013 995 1058 1026 D.
1083 1005 1108 1026 c.
1132 1005 1166 1034 p.
1190 1005 1220 1026 α.

524 1054 639 1077 Lxxx.
668 1056 702 1085 g.
723 1045 893 1084 servitutis,
918 1045 1044 1076 verbera
1070 1045 1220 1084 plerumq.

523 1099 552 1126 et
568 1096 699 1135 vincula,
722 1099 890 1135 coeteraque
911 1094 1106 1135 captivitatis
1129 1095 1222 1133 mala,

521 1156 609 1186 perp.
627 1148 735 1182 essent,
749 1147 801 1185 ‘5⁸⁶-
819 1146 916 1176 Voss.
961 1144 1004 1175 Id
1019 1144 1108 1185 quod
1124 1144 1221 1175 uobis

525 1206 657 1237 quoque
682 1196 721 1227 fit
747 1196 937 1227 verisimile.
974 1195 1040 1227 Inf.
1064 1205 1114 1227 X1.
1136 1198 1168 1226 3.
1191 1198 1223 1227 7.

526 1247 682 1277 similiter
706 1245 789 1285 fere,
821 1245 1052 1277 ‘Gravissima
1079 1255 1221 1286 quaeque

528 1295 698 1335 supplicia
741 1296 938 1326 miserrimae
984 1295 1222 1336 captivitatis!

534 1346 638 1377 Vorst.
673 1346 775 1377 Paus.
797 1346 830 1376 in
854 1346 1074 1377 Messeniacis
1096 1346 1225 1377 Messe-

527 1396 639 1426 nicum
653 1396 776 1426 bellum
790 1395 974 1426 secundum
991 1404 1076 1425 anno
1091 1403 1223 1426 xxxix.

528 1450 606 1485 post
642 1445 785 1485 primum
816 1443 919 1475 fuisse
948 1450 1076 1475 motum
1110 1444 1224 1475 tradit.

527 1495 595 1524 Sed
614 1504 632 1524 a
647 1494 737 1526 Just.
755 1497 822 1524 stat
838 1493 962 1524 Euseb.
980 1493 1013 1523 in
1028 1493 1226 1524 Chronicis:

529 1544 618 1584 quod
636 1543 814 1575 coufirmat
837 1544 965 1583 Tyrtaei
990 1548 1084 1582 aetas,
1108 1547 1145 1574 ut
1168 1543 1227 1574 ob-

530 1598 644 1624 servat
660 1602 797 1633 magnus
813 1593 967 1624 Valesius
991 1593 1033 1623 ad
1053 1593 1228 1633 Excerpta

531 1643 684 1675 Diodori.
722 1643 800 1683 Ipse
825 1644 913 1674 enini
929 1644 1087 1684 'I'yrtaeus
1103 1644 1228 1675 cecinit

533 1703 568 1724 se
587 1694 688 1724 tertia
702 1695 795 1734 ’γενεᾷ
810 1703 835 1724 s.
858 1698 960 1724 aetate
984 1698 1062 1734 post
1085 1694 1229 1734 primum

533 1743 660 1774 bellum
675 1744 717 1774 al)
735 1743 996 1774 Atheniensibus
1010 1743 1143 1774 missum
1157 1752 1229 1774 esse

534 1792 575 1823 ad
608 1793 901 1824 Lacedaemonios:
930 1793 1021 1831 ’γενεὰ
1046 1802 1126 1823 vero
1155 1797 1230 1824 erat

534 1845 587 1873 30.
615 1852 790 1883 annorum,
814 1847 853 1874 ut
876 1848 945 1874 tres
969 1842 1074 1882 γενεαὶ
1095 1843 1161 1874 sint
1175 1846 1230 1875 90.

538 1893 629 1924 anni.
656 1894 765 1925 Groev.

581 1943 781 1984 Plerumque]
802 1943 964 1983 Sebisius,
979 1953 1042 1976 nec
1058 1943 1158 1985 male,
1167 1944 1232 1985 ple-

536 1992 635 2033 rique.
662 1993 767 2024 Bern.

582 2040 801 2082 Captivitatis]
825 2042 879 2073 Ita
895 2042 961 2073 Ms.
974 2046 1008 2073 et
1023 2042 1132 2083 quaed.
1145 2042 1232 2074 Edd.

537 2095 573 2122 et
602 2091 674 2131 ipse
703 2101 815 2122 rursus
842 2091 974 2122 Auctor
997 2091 1057 2122 inf.
1075 2101 1125 2123 Χι.
1148 2094 1180 2124 3.
1201 2095 1233 2124 7.

539 2142 647 2180 Bong.
666 2140 772 2172 edidit
786 2145 885 2182 captae
899 2141 1048 2172 civitati&
1073 2141 1126 2172 Id.

593 2190 774 2230 Poenarum]
814 2191 877 2222 Hae
907 2196 983 2222 sunt
1014 2191 1236 2231 calamitates,

540 2250 623 2281 quas
661 2240 743 2272 victi
776 2250 795 2272 a
833 2241 1014 2272 victoribus
1049 2241 1237 2281 patiuntur,

541 2300 648 2332 eaque
677 2291 812 2323 notione
839 2292 925 2323 hanc
950 2301 1067 2323 vocem
1095 2296 1237 2332 usurpat

540 2341 619 2371 Seu.
637 2340 776 2381 Hippoi.
792 2343 866 2373 439.
896 2342 905 2358 ⁴
919 2342 977 2372 Me
993 2351 1073 2373 cura
1088 2342 1237 2373 solicitat

542 2388 605 2428 tui,
619 2389 718 2421 Quod
735 2394 768 2420 te
784 2390 856 2430 ipse
874 2390 980 2430 poenis
1007 2390 1164 2431 gravibus
1188 2391 1236 2421 in-

541 2438 649 2470 festus
666 2439 804 2470 domas!
828 2440 929 2471 Gron.

585 2491 602 2530 ξ
626 2492 644 2520 3
665 2490 881 2530 Conspiratius
890 2491 928 2521 ad
942 2501 1030 2521 arma
1041 2492 1241 2533 concurrunt]

543 2541 610 2571 Ms.
633 2540 738 2579 Leyd.
764 2540 958 2572 concinnius.
991 2541 1150 2572 Viderint
1166 2552 1239 2572 eru-

543 2590 605 2621 diti
621 2599 661 2619 an
678 2599 743 2620 nou
759 2590 801 2621 ab
819 2590 979 2622 Auctoris
994 2601 1095 2622 manu
1113 2592 1155 2622 sit
1171 2601 1241 2622 con-

544 2640 680 2670 citatius.
716 2640 818 2671 Certe
845 2641 907 2671 hoc
938 2641 1053 2681 placet
1084 2650 1154 2680 prae
1183 2640 1241 2671 illo

543 2689 758 2729 conspirantis,
782 2690 953 2721 Boxhorn.
989 2690 1094 2721 Boxh.
1107 2689 1241 2729 legend.

546 2742 660 2768 censet
671 2739 869 2770 concitatius:
886 2739 1035 2769 Sebisius
1050 2743 1162 2770 autem
1174 2749 1242 2769 con-

966 353 1109 384 NOTAE
1141 353 1406 384 VARIORUM
1439 353 1490 383 IN

1261 445 1351 477 Vell.
1368 455 1408 476 11.
1433 448 1506 477 130.
1529 448 1561 477 8.
1586 444 1758 484 emendat,
1779 445 1858 485 quod
1882 444 1954 475 adv.

1261 495 1324 526 nisi
1342 495 1456 526 forsan
1472 496 1524 526 hic
1541 496 1648 526 altera
1670 505 1735 526 vox
1754 495 1862 534 deest,
1879 503 1954 535 quae

1262 555 1305 576 ex
1329 546 1484 586 opposito
1508 545 1714 585 respondeat
1735 545 1780 583 τῷ
1801 544 1956 584 conspira-

1261 597 1334 628 tius.
1357 598 1501 627 Bernee.
1544 596 1614 626 Pro
1637 606 1693 636 quo
1718 605 1794 626 cum
1817 594 1954 626 Acidal.

1261 647 1395 687 legend.
1412 651 1494 687 puto
1508 648 1599 687 quod.
1637 647 1760 677 Placet
1771 646 1853 676 item
1866 644 1956 686 quod

1262 697 1297 727 in
1314 706 1377 727 uno
1397 697 1463 726 Ms.
1481 696 1609 736 reperit
1624 696 1733 735 Bong.
1750 694 1959 725 dimicandum

1263 746 1434 777 videbatur.
1452 747 1514 776 Est
1524 750 1636 775 autem
1648 744 1656 760 ‘
1666 743 1856 775 dimicaturi
1866 743 1960 775 vide-

1264 797 1408 836 bantur‚’
1429 801 1465 827 et
1485 797 1494 813 ‘
1507 794 1734 826 dimicandum
1757 791 1959 833 videbatur:

1265 857 1340 887 pro,
1356 845 1547 877 dimicaturi
1561 849 1669 883 erant,
1681 848 1716 875 et
1731 843 1959 874 dimicandum

1266 900 1351 927 erat.
1387 897 1396 913 ‘
1412 894 1545 926 Videri’
1566 904 1640 934 pro,
1656 903 1740 933 esse,
1755 903 1820 924 non
1837 902 1961 932 rarum,

1266 951 1304 976 ut
1320 946 1516 977 Graecorum
1540 945 1639 974 δοκεῖν
1660 953 1721 984 pro
1744 941 1829 974 εἶναι.
1857 942 1961 974 Vorst.

1268 996 1376 1027 Recte
1390 995 1472 1026 vidit
1484 994 1614 1026 Acidal.
1624 998 1659 1025 et
1668 994 1784 1024 Vorst.
1795 991 1963 1024 scribend.

1268 1055 1351 1085 esse,
1365 1047 1442 1085 quod
1457 1046 1599 1075 adversus
1613 1053 1716 1075 servos
1726 1053 1736 1073 .-
1754 1047 1789 1074 et
1805 1043 1852 1073 sic
1865 1042 1886 1074 J
1891 1045 1963 1073 unt.

1270 1096 1413 1136 Legitur
1435 1095 1469 1125 in
1493 1094 1567 1125 ead.
1583 1094 1635 1124 ed.
1653 1094 1766 1134 paullo
1783 1097 1861 1124 ante
1876 1095 1964 1123 tanto

1269 1144 1495 1185 conspirantius
1526 1154 1586 1185 pro
1612 1143 1833 1184 conspiratius:
1867 1142 1965 1173 male.

1273 1197 1379 1227 Groev.

1314 1247 1331 1286 ξ
1354 1248 1374 1276 4
1399 1245 1530 1276 Oraculo
1543 1243 1688 1285 Delphis]
1704 1244 1840 1275 Praeter
1853 1243 1967 1275 Strab-

1272 1304 1352 1327 vui.
1368 1296 1431 1335 leg.
1450 1297 1550 1327 Paus.
1566 1304 1618 1326 lv.
1651 1295 1753 1333 Bong.

1316 1347 1333 1386 ξ
1357 1350 1375 1376 5
1402 1346 1551 1376 Claudum
1577 1344 1668 1385 pede]
1703 1345 1786 1374 Mss.
1815 1342 1968 1383 plerique

1272 1394 1398 1426 habeut
1426 1396 1545 1433 claudo,
1575 1394 1663 1435 quod
1695 1393 1840 1424 fortasse
1870 1391 1968 1432 rejici

1275 1453 1340 1474 non
1357 1444 1487 1475 debuit.
1512 1443 1636 1474 Horat.
1650 1452 1705 1474 111.
1722 1442 1788 1474 Od.
1800 1445 1830 1473 2.
1851 1443 1860 1458 ‘
1876 1442 1966 1472 Raro

1274 1494 1531 1525 antecedentem
1544 1494 1722 1524 scelestum
1737 1491 1898 1523 Deseruit
1911 1499 1968 1532 pe-

1276 1543 1319 1574 de
1337 1553 1434 1584 poena
1449 1542 1592 1574 claudo.y
1615 1541 1719 1579 Schef.

1322 1595 1339 1634 ζ
1362 1596 1382 1624 6
1407 1592 1517 1632 Fusos]
1539 1593 1594 1623 Sic
1614 1593 1747 1623 omnino
1769 1601 1810 1622 ex
1828 1590 1896 1622 Ms.
1920 1599 1973 1621 re·

1279 1644 1447 1675 scribeud.
1481 1644 1559 1676 Jam
1574 1643 1676 1681 enim,
1692 1648 1872 1683 antequam
1887 1641 1974 1683 Tyr-

1279 1699 1364 1726 taeus
1381 1694 1568 1733 adveniret,
1583 1693 1690 1734 fugati
1707 1697 1814 1725 erant.
1839 1693 1937 1724 Gron-

1321 1745 1431 1775 Servos
1444 1754 1514 1775 snos
1525 1743 1788 1782 manumitterent]
1805 1741 1871 1782 Ap.
1882 1742 1974 1773 Thu·
2024 1731 2027 1735 ’

1280 1794 1357 1833 cyd.
1375 1799 1485 1824 tamen
1504 1803 1533 1825 v.
1549 1796 1580 1824 7.
1598 1796 1649 1824 12.
1685 1793 1842 1833 Spartani
1866 1791 1974 1823 servis

1281 1843 1414 1874 demum
1443 1853 1461 1874 e
1488 1843 1578 1873 bello
1609 1842 1752 1873 reversis
1781 1841 1975 1873 libertatem

1282 1893 1461 1924 donarunt.
1506 1891 1606 1924 Quod
1629 1896 1663 1922 et
1686 1890 1824 1922 Romani
1850 1889 1976 1922 fecere.

1281 1942 1356 1975 Liv.
1374 1951 1476 1974 xxiv.
1494 1945 1545 1973 16.
1562 1945 1591 1973 8.
1614 1942 1712 1973 Ber-n.

1325 1994 1343 2033 ς
1365 1995 1383 2023 7
1408 1992 1571 2031 Dignitati
1584 1990 1791 2031 succederent]
1808 1990 1893 2023 Eod.
1910 1999 1979 2022 mo·

1283 2042 1327 2073 do
1359 2042 1568 2072 ‘succedere
1597 2040 1755 2072 caritati'
1788 2040 1875 2071 dixit
1902 2040 1977 2071 Liv.

1285 2100 1384 2124 xxiv.
1401 2096 1432 2123 5.
1461 2092 1533 2122 Hos
1552 2100 1629 2122 vero
1646 2099 1772 2129 servos,
1787 2090 1908 2131 quibus
1922 2089 1980 2121 illa

1285 2140 1544 2182 pollicebantur,
1574 2137 1774 2170 ἐπευνάκτους
1802 2143 1979 2179 vocarunt,

1286 2191 1374 2232 quod
1391 2190 1488 2221 lectis
1505 2189 1711 2220 dominorum
1729 2193 1979 2225 successerant,

1288 2246 1376 2272 teste
1392 2239 1556 2272 Athenaeo
1574 2249 1623 2271 v1.
1635 2243 1688 2271 20.
1712 2239 1839 2280 Deipn.
1858 2248 1890 2279 p.
1904 2240 1979 2270 271.

1290 2291 1390 2322 Gran.

1331 2342 1349 2381 ς
1371 2342 1391 2371 8
1415 2339 1539 2378 quora
1557 2339 1740 2370 detrimenta
1757 2337 1879 2369 civitati
1898 2337 1983 2378 infli-

1285 2389 1412 2430 gerent]
1445 2389 1630 2430 Infligerent
1657 2388 1794 2429 scripsit
1818 2388 1982 2419 Bernecc.

1290 2441 1496 2471 auctoritate
1510 2439 1604 2469 unius
1617 2438 1700 2470 Cod.
1712 2438 1775 2469 Ms.
1788 2448 1886 2479 quem
1898 2437 1985 2469 vidit

1290 2490 1400 2529 Bong.
1425 2489 1492 2520 Alii
1517 2498 1631 2519 omnes
1652 2488 1869 2526 infunderent.-
1892 2486 1984 2529 quod

1291 2540 1381 2570 idem
1408 2539 1440 2569 in
1467 2538 1708 2580 antiquioribus
1733 2547 1867 2579 quoque
1892 2536 1982 2578 typis

1293 2588 1461 2628 expressis
1478 2593 1541 2618 est.
1587 2588 1660 2627 Ego
1686 2596 1753 2618 nou
1769 2587 1888 2617 dubito
1905 2586 1984 2627 quin

1292 2637 1425 2669 Auctor
1441 2637 1614 2677 scripserit
1630 2637 1837 2676 injungerent.
1878 2636 1986 2667 Detri-

1292 2691 1397 2719 menta
1430 2687 1591 2725 injungere
1627 2696 1702 2717 cum
1732 2686 1839 2716 minus
1870 2690 1987 2716 notum

1292 2741 1382 2769 esset
1405 2738 1559 2777 librariis,
1576 2737 1785 2777 scripserunt
1800 2746 1861 2782 pro
1883 2745 1923 2767 eo
1938 2736 1986 2766 in-

536 2788 708 2827 firmatiuS.
755 2788 862 2820 Nobis
879 2788 961 2819 nihil
981 2788 1131 2819 mutand.
1149 2788 1242 2819 vide·
1286 2788 1470 2827 funderent.-
1495 2787 1660 2828 quomodo
1687 2792 1721 2818 et
1749 2786 1809 2818 inf.
1836 2795 1924 2818 xnu.
1952 2789 1985 2818 5.

549 2843 613 2866 tur.
642 2836 746 2868 Vorst.

595 2886 661 2922 Quo
681 2888 837 2929 adversus,
856 2887 926 2928 ssa]
948 2888 1025 2921 Val.
1049 2886 1183 2920 Acidal.
1198 2886 1240 2919 ad

1294 2842 1344 2869 10.
1369 2848 1430 2878 pro
1449 2838 1587 2877 injunxit
1613 2837 1823 2877 scripserunt
1844 2836 1985 2867 incussit.

1293 2889 1418 2920 Brutus
1431 2889 1463 2920 in
1476 2889 1540 2929 Ep.
1555 2887 1597 2919 ad
1610 2887 1680 2919 Cic.
1699 2887 1708 2904 ‘
1724 2887 1778 2919 Ne
1791 2886 1871 2928 quid
1884 2885 1986 2918 detri-
