2174 3424
496 307 588 348 638·

498 407 633 440 suaderi
650 418 785 449 possum
799 413 836 441 ut
848 419 867 440 a
879 408 1028 441 doctoris
1041 410 1108 441 mei
1125 420 1198 441 sen-

499 459 609 491 tentia
627 459 811 491 discedam.
856 461 945 492 Nam
970 461 1052 492 licet
1077 461 1195 492 demus

497 514 677 554 nuptiarum
689 515 851 554 praemz'um
876 515 955 556 poni
971 525 1032 556 pro
1048 515 1193 556 nuptiali

499 564 649 605 praemio,
664 569 702 595 ut
723 565 731 581 ‘
745 574 864 595 munus
881 564 1009 596 funeris
1022 565 1032 579 ’
1048 576 1108 606 pro
1124 576 1194 596 mu-

497 624 578 645 nere
594 614 742 654 funebri,
757 619 869 646 tamen
886 614 1022 646 videtur
1037 615 1111 656 ipsa
1126 616 1195 656 huj.

497 664 563 695 loci
580 664 667 695 ratio
684 665 868 705 postulare,
889 669 926 696 ut
947 665 1099 705 legamus
1119 675 1194 705 nup-

498 715 613 746 tiarum
625 715 771 755 pretium.
802 714 921 746 Caedes
938 715 1026 745 enim
1043 714 1198 746 Candau-

497 765 538 795 lis
555 775 622 795 non
645 764 710 796 fuit
725 765 899 805 praemium
923 764 1094 804 nuptiale;
1119 774 1195 795 nam

499 815 641 854 praemia
657 814 825 855 nuptialia
841 813 1087 853 offerebantur,
1120 825 1196 845 cum

489 865 564 905 jam
594 864 806 895 conditiones
836 869 952 895 essent
989 864 1194 895 matrimonii

497 918 664 954 acceptae,
681 918 716 944 et
732 923 856 954 sponsa
870 914 903 944 in
920 914 1032 944 mariti
1060 923 1194 944 manum

498 963 733 1002 convenisset;
758 964 817 994 sed
836 963 983 1004 pretium
1001 964 1194 1003 nuptiarum

496 1022 549 1045 est
583 1024 648 1054 τρε,
686 1024 753 1055 qua
778 1015 934 1045 mulieres
961 1014 1195 1054 conciliantur,

497 1069 535 1096 ut
550 1066 582 1096 in
599 1065 732 1105 nuptias
747 1066 975 1106 consentiant,
985 1076 1039 1097 res
1054 1077 1129 1108 quae
1146 1067 1194 1097 vi-

496 1116 543 1146 ris
558 1116 688 1156 puellas
701 1121 735 1147 et
748 1116 878 1147 illarum
894 1117 1029 1156 nuptias
1042 1117 1192 1148 conficit.

497 1168 554 1199 Sic
585 1171 671 1198 vett.
695 1167 811 1199 locuti.
857 1168 948 1198 Flor.
965 1176 1021 1199 111.
1048 1170 1076 1199 1.
1100 1170 1108 1185 ‘
1126 1168 1194 1200 Qui

496 1217 555 1248 ubi
573 1216 700 1248 diffisus
718 1217 818 1248 rebus
844 1217 913 1248 suis
941 1218 1059 1249 alienae
1087 1218 1192 1248 cladis

496 1267 646 1298 accessio
662 1266 735 1297 fieri
754 1267 862 1305 timet,
885 1267 1031 1307 pretium
1055 1266 1192 1298 foederis

497 1322 598 1358 atque
624 1317 782 1348 amicitiae
807 1326 920 1357 regem
947 1316 1052 1348 facit!
1098 1316 1194 1347 Sicut

497 1366 553 1397 hic
569 1377 627 1398 rex
645 1366 790 1397 traditus
821 1365 886 1397 fuit
911 1367 1058 1406 pretium
1081 1367 1194 1397 amici-

497 1415 554 1446 tiae
580 1420 616 1446 et
641 1415 791 1454 foedcris,
816 1415 849 1446 h.
866 1425 897 1447 e.
922 1415 1103 1446 traditione
1131 1415 1193 1447 Ju-

496 1466 627 1506 gurtltae
641 1465 704 1496 sibi
722 1465 914 1496 conciliavit
929 1464 1039 1494 foedus
1063 1468 1097 1494 et
1113 1464 1193 1495 ami-

496 1515 612 1546 citiam
631 1515 860 1545 Romanorum
887 1514 1055 1552 Bocchus,
1082 1514 1130 1544 sic
1157 1518 1193 1544 et

496 1564 606 1596 caedes
624 1564 806 1596 Candaulis
832 1563 897 1595 fuit
914 1564 1062 1604 pretium
1080 1564 1192 1604 nupti-

498 1625 592 1646 arum
611 1615 750 1655 reginae.
797 1615 963 1654 Exempla
979 1615 1043 1644 alia
1057 1619 1135 1645 sunt
1158 1615 1191 1645 iu

496 1669 654 1706 promtu:
679 1665 748 1696 vid.
771 1665 918 1696 Gronov.
945 1665 978 1695 in
1003 1664 1193 1695 Obss.1au-

496 1715 597 1746 datis.
624 1716 730 1746 Groev.
777 1714 830 1745 Ad
855 1715 927 1745 haec
953 1715 1000 1744 sic
1018 1714 1135 1745 scribit
1149 1713 1194 1745 Α-

495 1766 601 1796 micus
619 1775 710 1796 meus
726 1765 761 1797 J.
780 1764 896 1796 Graev.
940 1764 1008 1795 Hic
1029 1765 1050 1795 l.
1067 1764 1192 1795 sanita-

497 1819 565 1845 tem
592 1815 670 1855 [ἃς.
701 1815 741 1846 V.
774 1825 866 1855 supr.
893 1814 988 1845 Citat
1017 1823 1119 1854 usque
1150 1814 1192 1844 ad

494 1865 578 1895 ‘scd
604 1864 729 1904 nuptiae
757 1864 932 1904 praemium
959 1863 1102 1903 caedis.']
1146 1863 1194 1894 At

496 1914 576 1945 mihi
592 1914 658 1944 alia
683 1914 853 1945 sententia
879 1918 945 1951 est,
969 1914 1016 1944 nil
1043 1913 1193 1945 mutand.

499 1975 546 1996 sc.
591 1965 647 1995 Ita
663 1964 749 1994 enim
763 1964 889 1996 Justin.
908 1963 1080 2003 scripsisse
1103 1963 1192 1994 vide-

497 2018 553 2044 tur
576 2013 618 2044 ad
642 2023 768 2044 morem
797 2013 1024 2045 Asiaticorum
1048 2017 1083 2044 et
1106 2018 1191 2044 vett.

497 2063 696 2094 Graecorum
713 2063 914 2103 respiciens,
931 2063 987 2103 qui
1003 2072 1141 2093 munera
1157 2067 1192 2093 et

496 2113 658 2153 grandem
675 2113 830 2153 pecuniae
847 2123 1009 2143 summam
1036 2113 1077 2143 ad
1094 2123 1192 2153 spon-

497 2172 567 2193 sam
598 2167 635 2193 et
669 2163 760 2193 illius
789 2167 951 2202 parentes
987 2163 1191 2202 mittel›ant;

496 2212 585 2252 quod
610 2222 651 2242 ex
677 2212 757 2243 libb.
783 2213 888 2243 Mosis
912 2216 948 2243 ct
974 2222 1016 2243 cx
1042 2212 1192 2243 Homero

496 2267 627 2293 certum
656 2268 729 2301 est,
754 2272 830 2303 quae
853 2263 941 2293 dona
964 2267 1000 2294 et
1023 2263 1087 2303 ipsi
1114 2262 1192 2293 ‘do-

498 2312 585 2343 tem'
625 2312 805 2343 vocabant.
862 2312 953 2343 Hinc
988 2313 1102 2354 itaque
1139 2317 1192 2344 est

496 2362 587 2403 quod
602 2372 680 2393 mox
698 2362 763 2393 ista
778 2362 893 2401 regina
915 2363 924 2379 ‘
939 2362 1100 2402 sanguine
1125 2372 1192 2393 ma-

496 2413 553 2443 riti
570 2411 708 2443 dotata'
725 2412 861 2452 dicitur,
875 2411 963 2453 quod
976 2412 1092 2452 Gyges
1107 2412 1192 2442 Can-

496 2462 622 2493 dauleu
648 2472 688 2493 eo
710 2461 776 2493 fine
804 2462 1025 2493 interfecerat
1042 2468 1079 2493 ut
1103 2463 1190 2494 illius

495 2512 623 2553 nuptiis
648 2512 827 2553 potiretur.
896 2513 944 2543 Eo
978 2522 1110 2554 quoque
1141 2523 1192 2544 re-

496 2562 808 2602 spectumaVirgil.
820 2560 925 2592 fuisse
942 2561 1099 2598 arbitror,
1115 2572 1192 2594 cum

497 2611 604 2642 dixit:
630 2612 639 2628 ‘
652 2611 823 2651 Sanguine
838 2612 986 2651 Trojano
1001 2621 1040 2643 ac
1068 2613 1191 2643 Rutulo

496 2660 672 2698 dotabere,
690 2660 806 2701 virgo.'
850 2662 959 2693 Quem
981 2662 1003 2693 l.
1020 2666 1099 2693 ante
1115 2672 1192 2693 ocu-

496 2711 546 2741 los
564 2711 718 2742 habuisse
732 2711 868 2742 videtur
882 2711 1009 2743 Justin.
1055 2712 1118 2743 Illa
1136 2722 1192 2742 au-

499 2765 565 2791 tem
583 2770 608 2791 s.
627 2761 765 2801 praemia
781 2771 808 2792 s.
834 2771 970 2793 munera
999 2762 1115 2794 Graeci
1137 2763 1192 2793 Ιιο-

497 2810 603 2841 mines
646 2809 717 2840 ἕδνα
746 2811 932 2851 vocabant,
961 2812 1050 2852 quod
1083 2811 1193 2842 sexies

497 2860 624 2900 septies
655 2860 697 2892 ab
722 2861 899 2893 Eustathio
928 2861 1069 2893 Homeri
1091 2861 1193 2892 inter-

498 2913 596 2950 prete
613 2914 782 2942 ostensum
807 2915 869 2942 cst.
918 2911 970 2943 Ad
995 2911 1193 2945 confirman-

952 317 1090 347 NOTAE
1125 318 1388 349 VARlORUM
1425 319 1474 348 IN

1245 411 1321 442 dam
1339 411 1430 442 illam
1444 420 1561 442 vocem
1585 411 1757 452 proemium,
1769 409 1866 442 unice
1887 410 1938 443 fa-

1245 463 1293 494 cit
1317 463 1406 504 quod
1438 463 1471 493 in
1500 471 1560 493 xv.
1585 466 1615 494 4.
1640 464 1775 495 anulum
1799 463 1939 495 ‘munus

1245 513 1445 544 concubitus
1458 513 1465 525 '
1492 519 1528 544 et
1544 514 1552 530 ‘
1565 514 1687 545 donum
1701 514 1709 528 '
1723 515 1765 546 ab
1782 514 1940 556 Apolline

1246 564 1419 604 accepisse
1458 563 1584 594 dicitur
1612 564 1774 595 Laodice.
1828 564 1942 595 Prius-

1247 623 1344 653 quam
1362 613 1458 652 abeo,
1471 613 1536 644 vid.
1553 614 1633 644 mihi
1649 614 1758 645 locum
1776 613 1942 654 insignem

1246 663 1342 696 Iliad.
1362 672 1412 694 xi.
1433 666 1506 694 242.
1527 666 1603 694 2-13.
1625 665 1696 694 244.
1742 663 1842 695 Quod
1870 663 1942 694 dixi

1246 713 1346 743 modo
1362 713 1404 744 de
1422 713 1518 744 donis
1537 723 1715 753 procorum
1734 723 1788 753 ap.
1805 717 1889 744 vett.
1904 713 1940 744 id

1244 762 1408 804 hodieque
1429 772 1484 802 ap.
1508 764 1645 802 Turcas,
1664 763 1860 804 Scythicum
1887 773 1942 803 ge-

1247 821 1319 851 nus,
1333 812 1488 853 usurpari
1505 812 1607 844 didici
1634 823 1676 843 ex
1700 814 1806 844 Petro
1831 813 1943 844 Bello-

1245 865 1300 895 nio
1317 868 1419 896 111.l.
1445 865 1560 896 Faber.
1607 865 1760 896 Gronov.
1786 873 1827 896 11.
1855 864 1941 895 obs.

1245 918 1296 946 25.
1310 916 1443 955 legend.
1461 920 1578 947 censet
1592 916 1772 956 nuptiarum
1783 915 1919 956 pretium
1930 925 1942 946 .·

1245 965 1374 996 caedem
1391 966 1479 996 enim
1493 965 1658 996 Candauli
1675 975 1741 996 non
1753 965 1941 1006 praemium,

1245 1015 1304 1045 sed
1322 1015 1482 1055 pretium,
1496 1014 1611 1054 fuisse,
1627 1025 1692 1056 quo
1709 1016 1826 1056 Gyges
1844 1015 1941 1057 quasi

1245 1064 1364 1095 emerit
1379 1069 1413 1096 et
1429 1070 1631 1096 consecutus
1655 1065 1789 1105 nuptias
1815 1064 1940 1104 fuerit;

1243 1113 1337 1154 ipsas
1351 1115 1485 1154 nuptias
1509 1120 1621 1146 autem
1645 1115 1821 1155 praemium
1838 1113 1942 1146 fuisse

1244 1163 1357 1194 caedis.
1386 1164 1489 1195 Vorst.
1534 1165 1596 1195 Vir
1622 1175 1769 1196 summus
1790 1165 1941 1196 Gronov.

1244 1214 1377 1254 legebat
1391 1215 1536 1254 pretium,
1554 1215 1642 1255 quod
1667 1216 1803 1247 Graevio
1820 1215 1941 1255 proba-

1245 1267 1310 1294 tur.
1356 1265 1496 1303 Haereo,
1510 1269 1544 1296 et
1557 1266 1718 1305 proemium
1731 1265 1862 1305 accipio
1880 1274 1941 1305 pro

1245 1315 1405 1345 mercede
1420 1316 1541 1346 laboris
1564 1316 1607 1346 ob
1623 1316 1842 1347 interfectum
1855 1316 1941 1347 Cau-

1244 1363 1386 1396 daulem.
1400 1366 1576 1397 Quomodo
1583 1366 1706 1406 proemiz'
1718 1376 1833 1397 vocem
1845 1375 1940 1397 usur-

1244 1414 1339 1453 pavit
1364 1419 1399 1445 et
1425 1415 1515 1446 Plin.
1531 1424 1581 1446 lx.
1597 1418 1628 1446 8.
1666 1415 1756 1446 ‘Sed
1779 1415 1939 1446 enixioris

1244 1473 1356 1503 operae
1384 1474 1481 1505 quam
1502 1465 1535 1495 in
1556 1465 1651 1496 unius
1674 1464 1741 1496 diei
1764 1466 1939 1506 praemium

1243 1514 1367 1544 conscii
1384 1513 1447 1544 sibi
1461 1514 1623 1554 [delphini
1643 1515 1828 1555 piscatores
1843 1515 1940 1556 adju-

1243 1565 1583 1605 vantes]operiuntur
1594 1565 1624 1595 in
1638 1564 1828 1604 posterum!
1837 1564 1942 1603 Schef.

1243 1614 1310 1645 Sed
1328 1615 1408 1655 quid
1431 1620 1482 1646 est
1497 1616 1592 1646 caedes
1609 1616 1762 1646 Candauli
1778 1615 1847 1653 suit
1862 1624 1942 1646 mer-

1243 1675 1292 1695 ces
1306 1664 1507 1704 nuptiarum?
1554 1665 1625 1696 Iino
1650 1666 1778 1706 nuptiae
1802 1665 1941 1696 fuerunt

1243 1725 1372 1746 merces
1383 1716 1498 1754 caedis,
1510 1721 1545 1746 ut
1555 1716 1596 1746 de
1609 1715 1772 1747 Gronovii
1785 1714 1940 1746 emenda-

1244 1766 1335 1796 tione
1353 1775 1416 1796 nou
1430 1767 1473 1797 sit
1486 1766 1718 1797 dubitandum.
1746 1766 1852 1795 Groev.

1289 1817 1331 1846 Et
1348 1826 1425 1846 uxor
1441 1816 1547 1846 mariti
1566 1815 1715 1854 sanguine
1730 1814 1851 1853 dotata]
1897 1815 1939 1845 In

1244 1865 1310 1896 Ms.
1327 1866 1470 1906 quodam
1494 1866 1620 1906 legitur
1643 1868 1673 1896 et
1695 1874 1790 1896 uxore
1813 1875 1853 1896 m.
1898 1866 1937 1896 F.

1243 1915 1377 1955 scripsit
1390 1915 1516 1947 Justin.
1529 1918 1558 1945 et
1574 1924 1655 1945 uxor
1667 1924 1683 1945 e
1697 1925 1738 1945 m.
1752 1924 1774 1945 s.
1793 1915 1824 1945 d.
1847 1914 1937 1955 quod

1243 1965 1299 2005 qui
1330 1974 1393 1995 nou
1422 1965 1679 2004 intellexerunt,
1709 1963 1866 1996 fecerunt
1896 1974 1937 1995 ex

1243 2014 1373 2045 duobus
1387 2014 1560 2045 vocabulis
1575 2024 1686 2054 imum,
1701 2019 1736 2045 et
1753 2025 1812 2055 pro
1830 2024 1908 2045 uxor
1923 2025 1939 2046 e

1242 2065 1451 2104 scripserunt
1466 2075 1570 2095 uxore.
1613 2065 1703 2095 Sane
1718 2065 1824 2095 dotata
1840 2076 1855 2095 e
1866 2074 1937 2095 san-

1238 2114 1334 2152 guiue
1351 2114 1536 2145 rectissime
1554 2114 1692 2153 dicitur,
1719 2125 1780 2155 per
1795 2115 1937 2155 adjecti-

1241 2173 1339 2194 onem
1355 2164 1613 2204 praepositiouis,
1626 2175 1699 2205 quae
1721 2165 1810 2196 hunc
1825 2174 1937 2196 casum

1241 2213 1339 2243 unice
1356 2213 1454 2253 regit.
1495 2214 1580 2244 Nam
1597 2223 1708 2244 casum
1722 2219 1853 2245 sextum
1870 2224 1936 2245 non

1242 2262 1389 2300 aliunde,
1407 2272 1506 2302 quam
1532 2273 1551 2293 a
1575 2263 1828 2303 praepositione,
1856 2273 1937 2304 pen-

1241 2311 1334 2349 dere,
1347 2311 1562 2342 sanctiorum
1574 2313 1664 2342 clare
1681 2312 1857 2353 probatum
1871 2317 1936 2353 est,

1242 2365 1279 2391 ut
1307 2361 1485 2391 dubitandi
1517 2371 1618 2392 causa
1646 2362 1737 2393 nulla
1775 2363 1933 2402 supersit.

1242 2411 1331 2444 Quia
1345 2416 1457 2442 tamen
1474 2410 1744 2452 frequentissime
1755 2413 1937 2453 omittitur,

1241 2461 1317 2492 ideo
1334 2471 1395 2501 pro
1412 2471 1490 2492 uxor
1505 2471 1532 2499 e,
1557 2467 1591 2493 et
1609 2467 1684 2502 post
1708 2472 1814 2503 uxore,
1837 2463 1933 2494 scioli

1241 2509 1395 2542 fecerunt
1410 2521 1498 2543 uxor.
1524 2511 1637 2544 Schef.

1284 2562 1371 2593 CAP.
1394 2571 1475 2593 vul.
1519 2563 1571 2602 §2
1598 2563 1754 2603 Tomyris]
1778 2563 1934 2594 Frontin.

1241 2621 1281 2643 11.
1299 2616 1330 2643 5.
1347 2616 1382 2643 et
1406 2613 1569 2644 Jornand.
1586 2613 1618 2643 in
1635 2614 1766 2645 Geticis
1782 2623 1812 2644 c.
1831 2616 1881 2644 10.
1897 2618 1934 2644 et

1242 2664 1347 2695 nostri
1369 2664 1464 2695 Vett.
1483 2673 1597 2695 omnes
1620 2668 1816 2695 constanter
1835 2664 1937 2694 Tami-

1240 2714 1297 2754 ris,
1312 2723 1376 2745 uno
1389 2718 1547 2754 excepto,
1570 2713 1627 2755 qui
1652 2713 1755 2744 habet
1774 2713 1910 2744 Tamaris
1921 2724 1934 2750 ;

1243 2762 1355 2794 Orosii
1373 2763 1456 2794 Mss.
1471 2773 1510 2795 ιι.
1523 2767 1556 2795 7.
1577 2764 1587 2781 ‘
1599 2762 1794 2794 Thameris.'
1831 2763 1933 2794 Vale-

1242 2813 1282 2843 rii
1298 2813 1348 2843 M.
1373 2813 1426 2844 ed.
1444 2818 1612 2854 postrema
1625 2821 1677 2844 ix.
1697 2816 1747 2844 10.
1769 2812 1934 2852 ‘Thamy-

1243 2862 1311 2894 ris.'
1355 2862 1531 2894 Herodoto
1554 2872 1579 2894 1.
1602 2865 1675 2894 207.
1701 2867 1736 2893 et
1759 2871 1851 2903 seqq.
1878 2865 1932 2893 est

1241 2912 1385 2954 Τόμυρις;
1404 2913 1476 2945 aliis
1490 2912 1630 2954 Τώμυρις.
1655 2913 1709 2944 De
1725 2912 1808 2953 Cyri
1822 2915 1930 2943 morte
