2101 3419
408 334 493 375 9112
866 351 1003 381 NOTAE
1040 353 1298 386 unionum
1336 334 1383 386 rN

885 528 1101 577 LIBER
1129 530 1389 578 XXVIII.

454 639 539 671 CAP.
564 650 588 672 Ι.
625 642 642 681 ξ
667 644 683 672 1
712 642 873 683 Olympias
893 644 1021 683 Pyrrhi,
1034 643 1102 683 Bym]

411 688 452 720 In
468 691 564 722 unico
582 692 695 731 verbo,
709 693 795 733 quod
814 693 922 732 ipsum
941 695 1102 733 monosyl-

407 739 520 770 labum
533 744 662 772 tantum
678 748 741 776 est,
755 742 873 781 iugens
891 752 996 773 error.
1023 744 1102 774 Cre-

408 788 508 819 deres
525 791 611 821 enim
639 791 879 831 Olympiadem
897 793 1019 832 Pyrrhi
1042 793 1103 823 fui-

410 849 462 869 am
480 840 510 869 in
527 840 593 871 fide
611 846 644 872 et
663 842 756 882 quasi
781 843 813 872 in
840 843 996 873 clientela
1011 844 1102 874 AEto-

408 889 516 920 lorum
544 890 662 930 fuisse,
695 892 784 932 quod
819 897 930 923 tamen
967 893 1101 924 minime

409 949 525 970 verum
550 946 613 972 est.
658 942 722 972 Sed
760 942 810 973 ita
850 953 902 974 res
929 952 963 973 se
990 943 1104 975 habet.

408 989 558 1029 Pyrrhus
573 991 605 1021 in
623 998 754 1031 partem
780 993 901 1032 praedae
918 993 1102 1024 communis

407 1039 487 1070 belli
517 1041 707 1080 portionem
736 1041 938 1073 Acarnaniae
963 1052 1104 1082 accepe-

407 1094 473 1120 rat.
518 1091 618 1121 Nnnc
653 1091 768 1129 Alton,
805 1097 980 1132 postquam
1019 1092 1105 1132 Pyr-

408 1139 486 1169 rhus
500 1141 607 1170 nullus
620 1145 683 1179 est,
702 1151 775 1171 eam
793 1151 864 1172 esse
883 1151 974 1171 suam
989 1147 1104 1181 postu-

408 1188 499 1227 lant3
524 1190 611 1230 quod
644 1190 699 1220 ubi
724 1191 814 1221 videt
841 1191 1032 1230 Olympias,
1049 1191 1102 1221 cui

406 1237 506 1269 facile
543 1245 635 1270 esset
672 1240 795 1271 bellum
820 1241 1034 1280 praesentire,
1060 1241 1103 1271 ad

407 1289 621 1319 Demetrium
655 1290 865 1321 Macedoniae
890 1300 1002 1330 regern
1028 1301 1102 1321 con-

406 1337 501 1377 fugit.
548 1339 666 1380 Itaque
683 1340 788 1371 isthuc
804 1340 853 1379 ab,
877 1341 966 1381 quod
994 1341 1104 1372 omnia

408 1388 602 1428 perturbat,
619 1390 751 1421 delend.
768 1395 830 1421 est.
854 1390 967 1421 Faber.

450 1439 499 1469 Ab
515 1440 642 1480 AEtolis]
665 1440 748 1471 Mss.
779 1441 883 1479 Bong.
906 1450 969 1471 non
987 1450 1103 1480 agnos-

408 1494 489 1519 cunt
519 1490 599 1520 illud
623 1490 670 1521 ab.
715 1491 760 1521 Et
786 1491 886 1521 miror
914 1501 992 1522 sane
1016 1492 1103 1522 viros

407 1539 524 1570 doctos
542 1540 692 1579 potuisse
718 1539 818 1571 ferre.
863 1540 915 1571 An
939 1541 1025 1571 enim
1041 1542 1104 1571 ista

407 1598 538 1620 sensmn
563 1590 688 1621 habent
712 1590 978 1630 convenientem,
993 1591 1031 1621 ab
1048 1593 1104 1622 AE'-

407 1640 480 1669 tolis
491 1639 627 1671 decurrit
644 1642 682 1671 ad
699 1649 802 1679 regem
818 1640 1033 1672 Macedonioe?
1048 1642 1104 1672 ubi

408 1694 520 1720 autem
538 1700 592 1730 ap.
609 1691 738 1721 AEtolos
756 1691 838 1721 istos
864 1690 941 1730 fnit,
964 1696 1022 1722 aut
1039 1702 1105 1733 quo

408 1738 474 1769 fnit
498 1740 618 1770 modo?
645 1741 738 1771 Lect.
767 1741 883 1772 veriss.
934 1743 1106 1782 AE....erip.

406 1788 663 1819 vol....decurrit:
687 1790 707 1820 i.
724 1799 752 1821 e.
769 1800 842 1820 cum
861 1791 963 1821 AEtoli
981 1792 1107 1822 vellent.

407 1838 550 1877 wipere,
568 1848 709 1880 eamque
723 1839 936 1880 impeterent.
960 1841 1062 1880 Schef.

450 1890 466 1928 ς
483 1893 502 1919 2
521 1890 642 1929 Ptiam]
661 1891 838 1922 scribend.
853 1892 1012 1928 Phthiam,
1026 1904 1106 1934 quo-

407 1939 507 1969 modo
530 1950 583 1979 ap.
607 1941 698 1970 l'lut.
725 1941 757 1970 in
787 1942 886 1980 Pyrr.
908 1945 937 1972 1.
966 1949 1104 1974 vocatur

408 1989 529 2029 Pyrrhi
552 1995 671 2020 mater.
708 1990 863 2029 Bongars.
908 1992 974 2022 Ms.
998 1993 1104 2022 Bithi-

406 2048 467 2069 am.
491 2038 588 2069 Junt.
607 2039 766 2079 Pythium.
799 2041 881 2080 Log.
902 2041 1039 2080 Phliam,
1055 2043 1103 2072 uti

407 2088 540 2128 legend.
572 2089 687 2119 docuit
714 2090 821 2129 Bong.
847 2092 953 2121 Groev.
994 2092 1105 2122 Phthi-

404 2148 455 2168 am
484 2138 652 2169 scribend.
688 2139 831 2170 Viderat
856 2140 964 2180 Bong.
989 2141 1102 2172 Faber.

407 2190 530 2220 Editur
557 2191 653 2229 vulgo
691 2191 809 2221 Pliam.
855 2191 921 2221 Sed
950 2193 1104 2232 agnoscit

406 2244 520 2271 tamen
550 2241 659 2280 Bong.
689 2241 822 2281 legend.
854 2242 1013 2274 Phthiam.
1059 2244 1104 2274 Et

398 2292 522 2332 juvant
548 2293 696 2323 nonnihil
719 2293 797 2324 edd.
830 2298 913 2325 vett.
944 2305 1017 2335 quae
1045 2296 1101 2327 lta-

406 2341 489 2372 bent
506 2342 646 2373 Pithiam
660 2343 711 2373 vel
730 2344 888 2384 Pythiam.
912 2345 995 2377 Vor.

448 2393 465 2432 ξ
489 2395 509 2422 6
536 2392 598 2427 Qui
623 2393 679 2423 soli
703 2395 852 2433 quondam
867 2395 1011 2426 adversus
1030 2396 1102 2427 Tro-

398 2440 502 2483 ianos]
526 2442 638 2474 Strab.
667 2451 701 2474 x.
729 2443 761 2474 id
780 2453 821 2474 ex
836 2444 972 2484 Ephoro
989 2445 1101 2478 docet.

404 2490 509 2530 Bong,
583 2513 607 2516 ⁴.
636 2498 657 2516 .'
682 2512 687 2516 ,
715 2501 762 2516 Α-ΓΛ
790 2500 799 2515 x

447 2540 533 2572 CAP.
552 2550 594 2571 11.
631 2542 682 2581 §1
707 2543 806 2573 AEtoli
832 2543 1014 2582 legationem
1042 2544 1103 2575 Ro-

401 2599 560 2620 manorum
574 2591 698 2630 superbe
709 2592 864 2632 audivere]
880 2593 932 2624 De
945 2594 1102 2626 universa

403 2640 541 2671 natione
560 2641 631 2671 Liv.
649 2651 731 2673 vni.
748 2645 800 2673 22.
814 2644 844 2679 ᾖ,
875 2643 883 2659 ‘
899 2643 1056 2674 Relatum
1082 2654 1102 2674 a

403 2688 548 2728 Graecis,
570 2695 672 2730 gente
700 2691 814 2729 lingua
834 2692 938 2732 magis
962 2697 1102 2724 strenua

401 2749 500 2780 quan]
516 2740 632 2780 factis,
646 2741 740 2773 ferox
752 2743 970 2783 responsum.’
1016 2744 1102 2775 Haec

401 2789 541 2820 istorum
570 2791 740 2822 hominum
777 2797 900 2823 natura
932 2793 966 2823 in
998 2802 1099 2824 canes

402 2848 535 2879 quoque
553 2840 699 2879 regionis
715 2840 787 2880 ejus
813 2845 1022 2881 transgressa
1036 2847 1099 2874 est.

401 2887 501 2919 Unde
515 2889 655 2921 Gratius
669 2891 798 2930 Cyneg.
824 2893 896 2922 186.
922 2892 930 2908 ‘
944 2891 992 2923 At
1008 2892 1098 2923 clan-

1155 654 1233 683 gore
1275 645 1361 676 citat
1397 654 1478 686 quos
1507 644 1653 675 nondum
1684 644 1853 685 conspicit

1154 703 1252 733 apros
1288 695 1399 724 AEtola
1438 704 1649 735 quaecunque
1685 695 1776 725 canis
1809 695 1852 725 de

1154 745 1260 784 stirpe
1276 745 1472 785 (malignum
1491 743 1676 783 Officium),
1706 745 1776 775 sive
1793 745 1852 774 illa

1154 799 1262 824 metus
1286 795 1433 825 convitia
1458 795 1560 834 rupit,
1577 795 1643 825 Seu
1662 794 1790 825 frustra
1803 795 1855 825 ni-

1156 845 1239 874 mius
1258 849 1417 884 properat
1434 844 1551 874 furor.’
1576 845 1673 875 Rern.

1196 894 1365 933 Andicere]
1390 895 1472 925 Mss.
1491 894 1554 924 mei
1568 895 1686 925 audire.
1711 895 1807 925 Mod.

1197 943 1226 974 A
1254 944 1361 983 quibus
1390 947 1436 974 tot
1471 944 1557 974 bellis
1593 945 1743 974 occidione
1780 945 1853 975 cassi

1152 993 1232 1032 sint]
1255 993 1352 1025 Junt.
1369 1004 1387 1024 α
1404 1005 1433 1033 q.
1451 997 1496 1024 tot
1510 994 1538 1023 b.
1554 995 1668 1030 vexati,
1684 995 1775 1025 toties
1789 1004 1851 1025 occ.

1154 1044 1226 1074 coesi
1241 1044 1315 1075 sint.
1359 1044 1425 1074 Sed
1437 1044 1509 1074 ltaec
1523 1044 1726 1084 interpolata
1741 1044 1856 1083 credo,

1155 1103 1216 1123 nec
1234 1093 1413 1124 recedend.
1441 1103 1512 1124 esse
1537 1093 1579 1124 ab
1597 1094 1735 1124 aliorum
1753 1094 1853 1126 codd.

1154 1143 1314 1173 lectione.
1336 1144 1345 1159 ‘
1359 1143 1472 1173 Bella'
1489 1144 1576 1174 enim
1594 1144 1645 1174 hic
1662 1149 1751 1182 sunt,
1769 1154 1855 1184 prce·

1158 1193 1215 1231 lia,
1242 1198 1279 1223 ut
1303 1192 1440 1224 infinitis
1465 1193 1537 1223 aliis
1565 1194 1597 1224 in
1623 1194 1727 1224 locis!
1752 1196 1854 1225 lx.4.

1159 1243 1167 1259 ‘
1182 1243 1278 1272 Bello
1295 1247 1568 1282 consumptorum
1585 1253 1728 1284 corpora
1741 1245 1855 1284 sepul-

1158 1297 1242 1322 turae
1261 1291 1431 1323 reddidit!
1473 1292 1540 1323 Sed
1559 1293 1630 1324 liaec
1647 1293 1746 1324 obvia
1763 1297 1853 1324 sunt.

1161 1341 1267 1372 Groev.

1200 1392 1215 1431 ξ
1241 1394 1260 1421 2
1286 1392 1378 1422 Prius
1399 1392 1464 1422 illis
1484 1395 1590 1431 portas
1613 1392 1756 1422 adt-ersus
1779 1392 1855 1422 Cur-

1157 1441 1366 1479 magimenses
1387 1442 1581 1481 aperiendus]
1630 1442 1715 1472 Haec
1751 1443 1854 1473 verba

1158 1500 1220 1529 ego
1246 1501 1310 1522 non
1342 1493 1504 1531 intelligo.
1552 1491 1644 1524 Quid
1671 1492 1758 1522 enim
1784 1502 1854 1531 ape-

1156 1541 1220 1571 rire
1247 1545 1352 1581 portas
1387 1543 1532 1572 adt-ersus
1567 1540 1722 1581 aliquem?
1762 1542 1855 1580 Non,

1157 1594 1262 1622 contra
1275 1593 1416 1632 aliquem,
1437 1593 1513 1632 quia
1529 1597 1646 1622 contra
1662 1601 1760 1632 quem
1787 1601 1854 1623 nou

1156 1643 1366 1682 aperiuntur,
1404 1643 1463 1673 sed
1502 1642 1717 1673 clauduntur.
1777 1642 1854 1673 Nec

1155 1693 1255 1722 etiam
1281 1693 1401 1732 aperire
1425 1692 1531 1731 alicui,
1558 1692 1648 1733 qnia,
1665 1692 1692 1723 si
1710 1692 1852 1723 Romani

1156 1747 1271 1781 portas
1283 1743 1494 1783 aperuissent
1505 1741 1853 1782 Carthaginiensibus,

1155 1793 1219 1824 hoc
1249 1794 1297 1824 eis
1333 1793 1374 1824 ad
1413 1793 1537 1824 bellum
1567 1796 1685 1823 contra
1714 1792 1854 1822 Graecos

1157 1843 1318 1882 prodesse
1336 1843 1418 1874 adeo
1444 1853 1509 1873 nou
1539 1847 1687 1882 poterat,
1705 1846 1741 1873 ut
1758 1840 1855 1873 obfu-

1155 1893 1236 1923 isset
1254 1894 1375 1933 potius.
1409 1893 1543 1924 Nullam
1562 1901 1642 1932 ergo
1655 1891 1757 1922 habet
1777 1901 1853 1922 cum

1157 1943 1282 1973 ceteris
1313 1943 1608 1983 conjunctionem3
1650 1941 1708 1972 sed
1747 1941 1856 1982 inepti

1157 1993 1352 2031 glossatoris
1381 1998 1446 2032 est,
1484 1993 1540 2033 qui
1578 1991 1681 2022 verba
1718 1992 1727 2008 ‘
1742 1996 1853 2022 metus

1159 2042 1237 2072 belli
1254 2041 1394 2072 Punici’
1419 2042 1666 2081 explicaverat,
1688 2041 1853 2071 intrusum

1159 2096 1277 2130 postea
1312 2091 1344 2121 in
1380 2096 1511 2122 textum
1546 2092 1619 2121 loco
1653 2091 1777 2130 alieno,
1813 2100 1853 2121 ac

1159 2145 1342 2180 propterea
1371 2141 1505 2172 dolend.
1549 2141 1673 2171 Sensus
1690 2139 1778 2170 enim
1795 2149 1854 2180 op-

1159 2191 1257 2221 timus
1284 2192 1354 2222 sine
1378 2192 1464 2222 illis:
1490 2190 1702 2231 Aperieudas
1733 2191 1856 2222 Roma-

1157 2241 1207 2270 nis
1226 2247 1355 2281 portaS,
1374 2241 1394 2272 i.
1410 2250 1438 2272 e.
1460 2239 1674 2271 efficiendum
1691 2241 1854 2272 submotis

1157 2291 1271 2322 Poenis
1299 2302 1325 2322 s.
1346 2290 1681 2331 Carthaginiensibus
1698 2289 1856 2331 profliga-

1157 2341 1282 2381 tisque,
1298 2345 1334 2371 ut
1355 2341 1487 2381 aperire
1505 2345 1621 2380 portas
1639 2346 1775 2381 queant,
1790 2350 1854 2372 nec

1155 2396 1249 2422 metu
1275 2392 1419 2431 impetus
1447 2391 1577 2422 hostilis
1606 2390 1765 2422 claudere
1794 2400 1852 2422 eas

1157 2446 1331 2481 cogantur.
1364 2441 1469 2479 Schef.

1200 2493 1217 2532 ξ
1240 2494 1259 2522 4
1286 2492 1475 2531 Coptamque
1490 2501 1549 2522 non
1565 2491 1654 2529 ferro
1669 2491 1855 2532 defendisse]

1156 2541 1267 2573 Etiam
1283 2542 1346 2572 hoc
1364 2541 1527 2581 ineptum.
1571 2541 1749 2574 Quomodo
1765 2542 1853 2573 enim

1155 2595 1256 2632 capta
1271 2590 1351 2622 urbs
1366 2590 1562 2621 defenditur
1577 2590 1692 2621 ferro?
1720 2591 1755 2622 Si
1772 2599 1853 2631 cap-

1156 2646 1204 2680 ta,
1236 2642 1307 2681 jam
1342 2640 1496 2671 defensio
1536 2644 1589 2672 est
1630 2649 1852 2681 supervacua.

1155 2692 1262 2722 Plane
1279 2691 1382 2731 igitur
1403 2691 1465 2721 hoc
1487 2690 1658 2728 defendisse
1674 2691 1786 2730 glossa
1800 2694 1853 2722 est

1156 2741 1337 2782 superioris
1364 2741 1474 2771 ‘tueri
1500 2740 1672 2780 potuisse!
1715 2741 1760 2771 Et
1783 2744 1853 2771 stat

1155 2802 1216 2833 per
1231 2802 1266 2822 se
1282 2792 1437 2831 ‘captam
1461 2791 1627 2821 redimere
1649 2789 1758 2821 ferro’
1775 2798 1850 2831 pro,

1155 2842 1280 2872 virtute
1297 2841 1464 2880 recipere.
1489 2841 1538 2871 111.

1196 2893 1212 2931 ξ
1237 2895 1253 2922 5
1284 2891 1422 2932 Viribus]
1455 2891 1536 2923 Mss.
1554 2891 1620 2924 mei
1635 2891 1769 2933 πινὺίὺηε,
1784 2900 1848 2933 quo

2078 1034 2091 1160 -n‘nssenfi-
2082 1007 2083 1010 „
2080 980 2085 987 =
2082 939 2085 956 —·
2087 896 2090 898 .
