2174 3424
439 370 524 411 8:22

482 474 531 505 Ne
537 472 712 511 fortunam,
727 472 795 514 Bra]
830 473 985 505 Prudens
1000 474 1134 506 consili-

438 533 506 563 um,
521 523 610 564 quod
624 527 659 554 et
674 523 825 564 Scipioni
842 523 1013 555 Hannibal
1027 524 1132 556 incul-

439 581 496 607 cat
512 585 566 615 ap.
593 575 666 607 Liv.
684 584 775 607 xxx.
790 578 841 607 30.
853 578 906 607 25.
929 577 938 593 ‘
955 575 1033 607 Non
1062 580 1130 607 sta-

438 630 574 657 tuentes
588 624 724 656 tandem
735 624 894 656 felicitati
905 635 972 656 suae
983 625 1131 665 modum,

437 684 502 706 nec
518 675 714 706 cohibentes
740 673 935 720 eflJerentem
964 685 1000 706 se
1026 675 1132 707 fortu-

437 734 536 763 nam3
560 728 686 765 quanto
715 725 816 756 altius
844 725 925 756 elati
951 730 1060 766 erant,
1091 735 1132 757 eo

439 774 561 806 soedius
579 778 763 807 corruunt.’
805 775 896 808 Add.
912 777 1008 808 Curt.
1027 786 1085 808 111.
1101 779 1132 807 8.

438 827 493 856 34.
537 825 626 854 Vell.
643 834 684 855 11.
700 828 754 856 70.
766 828 797 856 2.
822 825 917 856 Suet.
935 826 1020 856 Caes.
1035 828 1129 856 60.2.

439 879 476 905 et
505 874 650 905 maxime
676 875 769 907 Plut.
798 875 930 906 Lucull.
956 879 1008 907 80.
1042 875 1132 907 Add.

440 925 531 956 Flor.
550 934 599 956 1v.
614 928 644 955 2.
669 928 722 957 79.
747 929 783 956 et
810 930 880 956 not.
902 926 924 956 l.
947 926 1132 956 Berneccer.

439 975 523 1006 Ead.
540 976 670 1006 ratione
689 977 845 1007 Lactant.
862 975 902 1006 ad
916 975 1004 1006 Stat.
1016 985 1055 1007 11.
1067 976 1131 1007 Th.

439 1029 514 1057 (589.
536 1028 546 1041 ‘
559 1026 669 1056 Parce
684 1026 778 1057 Deis.
823 1026 923 1065 Nam,
947 1026 1003 1066 qui
1020 1026 1133 1056 immo-

439 1075 557 1106 derate
573 1084 632 1106 sua
655 1074 820 1106 felicitate
835 1076 953 1113 utitur,
979 1075 1132 1106 faventes

439 1126 503 1156 sibi
519 1126 609 1156 Deos
623 1124 769 1165 fatigat.'
812 1125 862 1156 M.
875 1125 954 1156 Sen.
971 1126 1132 1156 Controv.

440 1184 467 1206 1.
483 1179 513 1207 8.
536 1175 546 1191 ‘
561 1175 651 1207 Quid
666 1174 817 1214 fatigatae
845 1174 1001 1206 felicitati
1016 1175 1135 1205 moles-

441 1229 496 1256 tus
530 1234 564 1256 es
579 1225 599 1256 ?’
642 1230 678 1256 et
716 1224 859 1257 Quintil.
885 1225 986 1256 Decl.
1018 1234 1134 1256 chxr.

438 1274 448 1291 ‘
464 1274 613 1305 Fortuna
633 1274 720 1305 solet
735 1273 874 1314 fatigari
887 1274 909 1304 :’
932 1278 967 1305 et
993 1275 1088 1305 Curt.
1102 1283 1135 1305 v.

441 1326 474 1354 3.
496 1324 505 1340 ‘
520 1324 573 1354 Ne
587 1323 736 1353 victoriae
751 1323 995 1363 indulgentiam
1013 1322 1135 1363 fatiga-

441 1378 494 1404 ret
507 1373 527 1404 ε’
551 1378 585 1404 et
600 1373 716 1413 Eurip.
730 1373 831 1404 Rhes.
847 1376 922 1404 584.
956 1373 1046 1412 Ἥμΐν
1060 1374 1084 1405 δ’
1101 1374 1135 1405 οὐ

440 1421 589 1458 βιαστέον
602 1421 714 1461 τύχην.
744 1423 842 1453 Gron.

486 1476 502 1515 ξ
528 1476 567 1505 16
592 1474 686 1504 Castr
737 1473 827 1504 solito
850 1474 1135 1516 magnificentiora]

441 1526 537 1557 Curt.
555 1533 606 1555 1x.
622 1527 651 1555 3.
669 1527 720 1555 30.
744 1525 834 1555 Plut.
851 1523 948 1557 Alex.
965 1529 1036 1557 108.
1054 1527 1134 1557 Ber·-

440 1585 557 1607 neccer.
583 1575 707 1606 Mirum
720 1575 809 1615 quod
819 1575 973 1607 Justinus
985 1577 1067 1607 nihil
1081 1577 1134 1608 hic

442 1627 485 1657 de
511 1629 560 1658 12.
587 1626 654 1657 aris
682 1626 790 1664 addit,
829 1635 910 1667 quas
941 1626 1135 1658 Alexander

441 1683 513 1709 tum
540 1677 709 1715 erexerit3
734 1686 873 1717 quarum
897 1681 1009 1709 tamen
1039 1678 1135 1709 Curt.

442 1738 495 1759 lx.
516 1730 546 1759 3.
573 1730 624 1757 19.
654 1730 689 1757 et
714 1726 849 1758 Arrian.
873 1736 907 1758 v.
931 1727 1135 1759 mentionem

441 1779 592 1811 faciunt:
615 1782 649 1810 et
663 1777 820 1819 παρόραμα
834 1779 897 1809 hoc
918 1779 1046 1811 Justini
1063 1788 1135 1810 esse

441 1837 559 1862 censet
591 1829 774 1861 Blancard.
812 1828 879 1861 Inf.
917 1834 1030 1860 tamen
1067 1838 1135 1861 ΧΠ.

443 1884 494 1912 10.
519 1883 550 1911 6.
573 1880 759 1920 separatim
792 1882 801 1895 ‘
819 1879 974 1911 ararum'
997 1880 1137 1911 mentio-

442 1930 627 1962 nemfacit.
657 1930 731 1961 Vor.

487 1983 626 2017 Quorum
640 1979 859 2020 molitionibus]
891 1979 1054 2012 Quasnam
1068 1980 1100 2012 h.
1113 1980 1135 2010 l.

441 2032 613 2063 molitiones
627 2034 809 2070 castrorum,
833 2035 868 2061 et
895 2031 1061 2071 quomodo
1086 2040 1135 2062 eae

442 2087 574 2113 terrent
610 2081 763 2112 hostem?
822 2080 898 2112 Scio
937 2081 946 2097 ‘
964 2086 1134 2112 terrenam

442 2130 665 2163 molitionem’
677 2140 730 2171 ap.
745 2130 874 2162 Colum.
889 2139 940 2161 xr.
954 2133 984 2162 2.
997 2135 1033 2162 et
1047 2130 1056 2147 ‘
1066 2140 1136 2162 mo-

443 2182 498 2212 liri
530 2180 681 2220 terram,'
703 2181 736 2210 in
766 2180 875 2220 ejusd.
902 2180 1013 2220 operis
1036 2179 1134 2221 praef.

444 2231 502 2263 ubi
518 2236 554 2262 et
575 2232 585 2248 ‘
597 2240 752 2271 agrorum
769 2230 896 2271 solique
909 2229 1136 2261 molitionem’

442 2285 592 2321 usurpat.
636 2281 765 2312 Verum
781 2284 894 2310 castra
915 2280 1093 2320 plurimum
1117 2289 1137 2311 a

442 2337 549 2371 terra,
574 2331 656 2370 solo,
681 2330 770 2370 agris
792 2328 966 2369 differunt,
990 2339 1053 2361 nec
1069 2330 1137 2361 ulla

441 2383 532 2414 inter
559 2383 631 2413 haec
660 2379 858 2411 similitudo.
917 2380 1030 2412 Quare
1055 2379 1136 2410 mibi

444 2434 580 2477 quidem
608 2433 662 2464 vix
692 2436 745 2463 cst
769 2431 922 2470 dubium,
952 2431 1030 2472 quin
1055 2431 1136 2462 scri-

444 2484 545 2516 bcud.
572 2483 616 2514 sit
636 2481 866 2513 munitionibus.
911 2481 1007 2513 Curt.
1035 2481 1077 2513 de
1100 2491 1137 2512 re

446 2535 521 2566 cad.
545 2542 599 2564 rx.
614 2536 645 2564 3.
668 2533 676 2549 ‘
690 2531 903 2562 Munimenta
918 2541 1050 2572 quoque
1066 2541 1137 2563 cas-

443 2590 570 2617 trorum
582 2583 684 2625 jussit
695 2581 860 2614 extendi.’
892 2582 1019 2613 Vitium
1037 2592 1079 2613 cx
1095 2592 1136 2614 eo

901 379 1040 411 NOTAE
1073 378 1338 411 VARIORUM
1372 379 1425 410 1N

1185 473 1385 506 emendand.
1401 477 1520 506 censet
1530 472 1617 505 hunc
1633 472 1754 515 locum,
1768 473 1880 506 volen-

1186 524 1276 555 tibus
1294 524 1395 555 etiam
1414 524 1507 555 Curt.
1532 533 1581 554 1x.
1603 526 1635 555 3.
1656 527 1708 556 29.
1745 523 1881 555 Arrian.

1185 574 1246 605 sub
1274 573 1373 605 finem
1400 574 1478 604 libri
1505 578 1540 604 et
1563 574 1655 605 Plut.
1682 573 1783 606 Alex.
1806 577 1880 606 109.

1184 625 1312 655 Verum
1340 624 1418 665 quia
1443 624 1527 655 Mss.
1557 634 1623 656 non
1647 624 1821 665 addicunt,
1846 628 1883 656 et

1185 683 1265 705 vero
1297 673 1433 704 hostibus
1460 674 1563 704 etiam
1592 675 1882 715 qualitercumque

1186 723 1371 755 consistere
1398 728 1526 764 potest,
1560 724 1715 756 abstineo
1736 734 1882 756 manum.

1186 776 1369 805 Berneccer.
1416 774 1528 805 Credo
1545 783 1607 814 ego
1624 785 1698 806 cum
1720 775 1828 806 Sebis.
1845 779 1882 806 et

1186 826 1351 856 Bernecc.
1379 824 1514 865 legend.
1545 834 1618 856 esse
1641 825 1729 855 coesis
1752 825 1883 862 hostiis,·

1186 875 1354 916 quoniam,
1380 879 1418 905 ut
1444 874 1525 911 dixi,
1555 884 1630 905 aras
1663 883 1796 915 quoque
1829 877 1881 905 12.

1187 929 1258 955 tum
1285 925 1447 965 temporis
1478 929 1612 955 erectas
1643 933 1719 955 esse
1739 933 1781 954 ex
1805 923 1882 955 aliis

1173 974 1265 1005 ·sciri
1296 978 1421 1015 potest,
1453 979 1488 1004 et
1517 974 1665 1014 ipsarum
1694 973 1880 1005 hostiarum

1187 1034 1348 1054 caesarum
1366 1025 1421 1055 alii
1441 1023 1566 1054 diserte
1582 1023 1786 1054 mentionem
1802 1022 1885 1054 faci-

1187 1080 1258 1106 unt.
1302 1075 1385 1115 Ipsa
1407 1075 1519 1115 phrasi
1546 1075 1555 1091 ‘
1569 1074 1697 1105 hostias
1727 1072 1880 1105 caedere’

1186 1134 1260 1164 sup.
1288 1134 1337 1156 xr.
1363 1128 1393 1155 5.
1423 1127 1453 1156 6.
1483 1130 1519 1155 et
1547 1127 1599 1155 11.
1628 1125 1746 1155 utitur.
1778 1124 1881 1155 Vorst.

1185 1174 1358 1206 Inclinant
1373 1185 1487 1206 omnes
1502 1184 1554 1214 eo,
1567 1175 1654 1216 quod
1669 1184 1729 1215 pro
1745 1174 1882 1206 hostibus

1185 1224 1319 1265 legend.
1334 1226 1379 1256 sit
1395 1225 1523 1256 hostiis:
1541 1229 1575 1256 at
1587 1229 1779 1266 repugnant
1795 1226 1880 1257 Mss.

1184 1283 1313 1306 omneS.
1373 1276 1417 1305 Et
1452 1275 1585 1306 videtur
1621 1275 1713 1306 aliud
1736 1276 1882 1307 voluisse

1184 1325 1351 1363 Justinus,
1363 1335 1461 1366 quam
1475 1325 1562 1366 quod
1577 1330 1728 1366 censent,
1742 1335 1880 1366 respex-

1184 1374 1251 1405 isse
1267 1384 1389 1415 nempe
1405 1375 1677 1415 gratulationem,
1693 1375 1736 1406 de
1752 1386 1817 1417 qua
1832 1385 1882 1407 se-

1184 1424 1309 1464 quitur,
1331 1433 1382 1463 ac,
1407 1425 1516 1464 qualis
1542 1425 1600 1455 illa
1625 1424 1742 1464 fuerit,
1768 1425 1880 1457 verbis

1183 1474 1275 1505 hisce
1291 1474 1492 1515 explicasse,
1518 1475 1671 1506 nimirum
1689 1476 1795 1516 qualis
1812 1475 1881 1507 vic-

1186 1529 1295 1556 torum
1312 1535 1385 1556 esse
1401 1525 1588 1556 consuevit.
1618 1525 1780 1556 Solebant
1792 1526 1882 1557 enirn

1186 1576 1283 1607 caesis
1297 1575 1447 1607 hostibus
1463 1585 1503 1606 ac
1527 1574 1716 1616 profligatis
1733 1585 1752 1606 a
1767 1584 1882 1616 pugna

1185 1626 1296 1657 redire
1313 1636 1389 1657 cum
1406 1626 1646 1666 gratulatione,
1669 1625 1691 1658 i.
1708 1635 1739 1657 e.
1762 1624 1882 1657 faustis

1185 1678 1394 1709 clamoribus.
1440 1678 1535 1709 Suet.
1562 1677 1664 1709 Galb.
1696 1680 1748 1709 19.
1780 1678 1790 1695 ‘
1809 1676 1882 1719 Op-

1186 1738 1332 1769 pressos‚
1347 1728 1401 1770 qui
1415 1729 1712 1769 tumultuarentur,
1722 1727 1882 1759 advenire

1185 1777 1378 1820 frequentes
1399 1783 1534 1810 ceteros
1557 1778 1822 1819 gratulabundos
1846 1781 1883 1809 et

1185 1829 1219 1860 in
1235 1839 1332 1860 omne
1349 1829 1548 1869 obsequium
1564 1828 1725 1869 paratos!
1768 1829 1881 1869 Vulgo

1186 1879 1395 1918 gratulantes
1411 1878 1443 1909 hi
1458 1882 1537 1909 sunt
1553 1882 1703 1909 ovantes.
1738 1878 1858 1910 Festus
1872 1888 1881 1909 ε

1185 1928 1370 1968 ‘Ovantes‚
1399 1929 1570 1968 laetantes,
1593 1927 1636 1959 ab
1658 1937 1698 1959 eo
1720 1928 1881 1967 clamore,

1187 1988 1285 2019 quem
1315 1977 1445 2009 faciunt
1481 1978 1663 2009 redeuntes
1688 1987 1731 2009 ex
1766 1987 1881 2019 pugna

1186 2028 1331 2059 victores
1360 2027 1506 2059 milites?
1549 2027 1666 2059 Habes
1693 2037 1775 2060 ecce
1802 2037 1881 2060 con-

1186 2077 1396 2108 suetudinem
1413 2078 1596 2108 solemnem
1616 2077 1759 2109 militum
1775 2078 1882 2110 victo-

1185 2138 1258 2159 rum
1274 2138 1317 2159 ex
1343 2137 1457 2168 pugna
1478 2129 1722 2160 revertentium
1735 2129 1881 2160 claman-

1184 2179 1233 2218 di,
1249 2188 1348 2220 quem
1364 2179 1544 2210 clamorem
1560 2179 1615 2209 alii
1640 2179 1650 2196 ‘
1661 2178 1882 2219 ovationem,’

1184 2229 1240 2260 alii
1251 2230 1260 2246 ‘
1272 2228 1548 2270 gratulationem’
1564 2229 1752 2270 appellant.
1795 2229 1880 2261 Cum

1185 2279 1349 2320 ejusmodi
1365 2289 1446 2320 ergo
1462 2281 1689 2320 gratulatione
1705 2280 1791 2312 dicit
1804 2281 1880 2313 Jus-

1185 2331 1274 2361 tiuus
1290 2339 1443 2361 reversos
1459 2330 1492 2360 in
1507 2335 1620 2362 castra
1635 2331 1760 2362 milites
1776 2329 1881 2362 Alex-

1185 2380 1293 2420 andri,
1312 2384 1470 2422 tanquam
1486 2390 1522 2411 re
1538 2380 1708 2422 confecta,
1723 2380 1881 2422 profliga-

1184 2431 1227 2462 tis
1242 2431 1393 2463 omnibus
1418 2432 1583 2472 hostibus,
1606 2437 1642 2464 et
1663 2441 1752 2464 nunc
1768 2441 1880 2464 rever-

1185 2482 1252 2512 suri
1269 2481 1414 2514 domum.
1458 2482 1608 2522 chend.
1619 2493 1700 2524 ergo
1712 2492 1767 2524 ap.
1781 2492 1857 2514 eum
1871 2493 1880 2515 :

1185 2532 1307 2572 Itaque,
1332 2535 1367 2563 ut
1388 2532 1475 2563 coesis
1495 2532 1641 2572 hostibus,
1662 2542 1729 2563 cum
1742 2533 1882 2572 gratula-

1184 2583 1266 2614 tione
1280 2584 1313 2613 in
1328 2584 1430 2614 eudem
1444 2585 1545 2614 castra
1558 2586 1765 2615 revertuntur.
1792 2584 1879 2615 Con-

444 2633 660 2676 natmn‚quia
676 2632 807 2663 ratione
822 2631 940 2672 veteri,
964 2642 1025 2673 pro
1039 2633 1137 2664 munz'-
1180 2633 1314 2674 junetio
1338 2636 1374 2664 ut
1396 2633 1510 2673 periit,
1538 2642 1599 2673 per
1627 2632 1879 2665 similitudinem

444 2685 590 2723 tionibus,
620 2682 838 2714 monitionibus
862 2680 928 2713 fuit
955 2683 1135 2724 scriptum,

445 2735 533 2776 quod
549 2733 671 2766 deinde
687 2733 720 2764 in
732 2732 938 2764 molitionibus
952 2737 1137 2765 mutarunt.

444 2785 550 2822 Schef.

487 2837 504 2875 ᾧ
530 2837 567 2865 17
593 2832 692 2864 Coesis
720 2832 868 2873 hostibus,
902 2843 970 2865 cum
999 2833 1140 2873 gratula-

444 2884 616 2923 tiovzfe,is·c.]
654 2883 720 2914 Vix
737 2883 858 2914 omitto
875 2883 1063 2914 rescribere
1079 2894 1138 2914 αι’-

444 2934 488 2965 sis
516 2933 635 2973 hostiis,
662 2933 829 2975 quomodo
852 2933 1000 2965 nobiliss.
1025 2934 1134 2967 Sebis.

1184 2684 1376 2714 litterarum
1399 2682 1539 2714 duarum
1554 2683 1589 2714 in
1604 2683 1768 2715 vocabulo
1782 2692 1883 2725 prox·

1185 2733 1251 2766 ime
1264 2743 1366 2775 praec.
1378 2743 1445 2774 que.
1467 2732 1582 2765 Schef.

1228 2784 1269 2814 In
1282 2784 1386 2815 eadem
1399 2782 1604 2823 reverterunt]
1639 2782 1749 2815 Sebis.
1764 2784 1814 2815 via
1829 2793 1879 2816 eo-

1185 2835 1253 2866 dem
1262 2844 1273 2865 .·
1296 2840 1403 2872 recte,
1415 2837 1473 2863 aut
1484 2832 1580 2864 valde
1592 2831 1715 2865 fallor:
1732 2833 1779 2865 ita
1789 2833 1878 2865 enirn

1186 2893 1221 2917 ct
1251 2885 1344 2916 Curt.
1373 2892 1425 2915 ix,
1453 2886 1484 2915 2.
1513 2885 1566 2914 31.
1591 2882 1600 2899 ‘
1614 2883 1786 2925 Repetens
1811 2893 1879 2925 qua

1185 2944 1340 2968 emensus
1368 2933 1462 2967 crat!
1492 2933 1673 2966 Berueccer.
1730 2933 1878 2975 Vulgata
