<?xml version="1.0" encoding="UTF-8"?>
<!DOCTYPE html PUBLIC "-//W3C//DTD XHTML 1.0 Transitional//EN"
    "http://www.w3.org/TR/xhtml1/DTD/xhtml1-transitional.dtd">
<html xmlns="http://www.w3.org/1999/xhtml" xml:lang="en" lang="en">
 <head>
  <title>
</title>
<meta http-equiv="Content-Type" content="text/html;charset=utf-8" />
  <meta name='ocr-system' content='tesseract 3.04.00' />
  <meta name='ocr-capabilities' content='ocr_page ocr_carea ocr_par ocr_line ocrx_word'/>
</head>
<body>
  <div class='ocr_page' id='page_1' title='image "./historiaephilipp02just/historiaephilipp02just_0140.png"; bbox 0 0 2174 3424; ppageno 0'>
   <div class='ocr_carea' id='block_1_1' title="bbox 448 362 1156 2976">
    <p class='ocr_par' dir='ltr' id='par_1_1' title="bbox 451 362 1156 1110">
     <span class='ocr_line' id='line_1_1' title="bbox 455 362 1051 402; baseline -0.003 0"><span class='ocrx_word' id='word_1_1' title='bbox 455 362 540 402; x_wconf 69' lang='lat'><strong>7452</strong></span> <span class='ocrx_word' id='word_1_2' title='bbox 909 370 1051 400; x_wconf 83' lang='lat' dir='ltr'><strong>NOTAE</strong></span> 
     </span>
     <span class='ocr_line' id='line_1_2' title="bbox 456 464 1155 506; baseline -0.003 -9"><span class='ocrx_word' id='word_1_3' title='bbox 456 466 595 505; x_wconf 81' lang='lat' dir='ltr'>Europa</span> <span class='ocrx_word' id='word_1_4' title='bbox 611 467 662 496; x_wconf 87' lang='lat' dir='ltr'><strong>est</strong></span> <span class='ocrx_word' id='word_1_5' title='bbox 678 473 757 506; x_wconf 77' lang='lat' dir='ltr'><strong>pars</strong></span> <span class='ocrx_word' id='word_1_6' title='bbox 767 464 922 497; x_wconf 76' lang='lat' dir='ltr'><strong>Thraciae</strong></span> <span class='ocrx_word' id='word_1_7' title='bbox 938 465 979 497; x_wconf 84' lang='lat' dir='ltr'><strong>ad</strong></span> <span class='ocrx_word' id='word_1_8' title='bbox 997 465 1155 497; x_wconf 79' lang='lat' dir='ltr'><strong>Haemum</strong></span> 
     </span>
     <span class='ocr_line' id='line_1_3' title="bbox 455 515 1154 555; baseline 0.001 -9"><span class='ocrx_word' id='word_1_9' title='bbox 455 521 615 546; x_wconf 73' lang='lat' dir='ltr'><strong>montem.</strong></span> <span class='ocrx_word' id='word_1_10' title='bbox 672 515 739 546; x_wconf 85' lang='lat' dir='ltr'><strong>Sed</strong></span> <span class='ocrx_word' id='word_1_11' title='bbox 770 516 828 547; x_wconf 85' lang='lat' dir='ltr'><strong>illa</strong></span> <span class='ocrx_word' id='word_1_12' title='bbox 855 516 936 546; x_wconf 89' lang='lat' dir='ltr'><strong>nihil</strong></span> <span class='ocrx_word' id='word_1_13' title='bbox 967 516 1030 548; x_wconf 85' lang='lat' dir='ltr'><strong>huc</strong></span> <span class='ocrx_word' id='word_1_14' title='bbox 1056 516 1154 555; x_wconf 84' lang='lat' dir='ltr'><strong>facit,</strong></span> 
     </span>
     <span class='ocr_line' id='line_1_4' title="bbox 456 565 1155 608; baseline 0 -11"><span class='ocrx_word' id='word_1_15' title='bbox 456 576 532 597; x_wconf 89' lang='lat' dir='ltr'><strong>cum</strong></span> <span class='ocrx_word' id='word_1_16' title='bbox 564 565 606 596; x_wconf 87' lang='lat' dir='ltr'><strong>de</strong></span> <span class='ocrx_word' id='word_1_17' title='bbox 644 566 850 596; x_wconf 84' lang='lat' dir='ltr'><strong>Macedonia</strong></span> <span class='ocrx_word' id='word_1_18' title='bbox 887 566 957 597; x_wconf 88' lang='lat' dir='ltr'><strong>sola</strong></span> <span class='ocrx_word' id='word_1_19' title='bbox 986 567 1155 608; x_wconf 85' lang='lat' dir='ltr'><strong>loquatur.</strong></span> 
     </span>
     <span class='ocr_line' id='line_1_5' title="bbox 454 615 1156 657; baseline 0 -10"><span class='ocrx_word' id='word_1_20' title='bbox 454 616 546 647; x_wconf 77' lang='lat' dir='ltr'><strong>Puto</strong></span> <span class='ocrx_word' id='word_1_21' title='bbox 563 615 695 655; x_wconf 85' lang='lat' dir='ltr'><strong>legend.</strong></span> <span class='ocrx_word' id='word_1_22' title='bbox 713 616 746 646; x_wconf 82' lang='lat' dir='ltr'><strong>in</strong></span> <span class='ocrx_word' id='word_1_23' title='bbox 764 616 913 656; x_wconf 77' lang='grc' dir='ltr'><strong>Εανορία.</strong></span> <span class='ocrx_word' id='word_1_24' title='bbox 939 617 1088 657; x_wconf 84' lang='lat' dir='ltr'><strong>Europia</strong></span> <span class='ocrx_word' id='word_1_25' title='bbox 1104 621 1156 648; x_wconf 87' lang='lat' dir='ltr'><strong>est</strong></span> 
     </span>
     <span class='ocr_line' id='line_1_6' title="bbox 454 665 1154 707; baseline 0.003 -12"><span class='ocrx_word' id='word_1_26' title='bbox 454 665 565 706; x_wconf 85' lang='lat' dir='ltr'><strong>portio</strong></span> <span class='ocrx_word' id='word_1_27' title='bbox 590 665 815 704; x_wconf 62' lang='lat' dir='ltr'><strong>Macedoniae,</strong></span> <span class='ocrx_word' id='word_1_28' title='bbox 842 666 875 696; x_wconf 81' lang='lat' dir='ltr'><strong>in</strong></span> <span class='ocrx_word' id='word_1_29' title='bbox 903 676 970 707; x_wconf 86' lang='lat' dir='ltr'><strong>qua</strong></span> <span class='ocrx_word' id='word_1_30' title='bbox 1000 667 1154 706; x_wconf 87' lang='lat' dir='ltr'>Europus</span> 
     </span>
     <span class='ocr_line' id='line_1_7' title="bbox 456 716 1154 757; baseline 0.001 -11"><span class='ocrx_word' id='word_1_31' title='bbox 456 716 600 753; x_wconf 55' lang='lat' dir='ltr'><strong>civitam,</strong></span> <span class='ocrx_word' id='word_1_32' title='bbox 647 716 705 746; x_wconf 91' lang='lat' dir='ltr'><strong>ubi</strong></span> <span class='ocrx_word' id='word_1_33' title='bbox 740 717 923 757; x_wconf 87' lang='lat' dir='ltr'><strong>Europum,</strong></span> <span class='ocrx_word' id='word_1_34' title='bbox 955 717 1154 748; x_wconf 87' lang='lat' dir='ltr'><strong>Macedonis</strong></span> 
     </span>
     <span class='ocr_line' id='line_1_8' title="bbox 453 766 1154 807; baseline 0 -10"><span class='ocrx_word' id='word_1_35' title='bbox 453 766 574 804; x_wconf 81' lang='lat' dir='ltr'><strong>filium,</strong></span> <span class='ocrx_word' id='word_1_36' title='bbox 596 775 733 806; x_wconf 75' lang='lat' dir='ltr'><strong>regnum</strong></span> <span class='ocrx_word' id='word_1_37' title='bbox 750 767 897 798; x_wconf 78' lang='lat' dir='ltr'><strong>tenuisse</strong></span> <span class='ocrx_word' id='word_1_38' title='bbox 920 777 1024 807; x_wconf 86' lang='lat' dir='ltr'><strong>penes</strong></span> <span class='ocrx_word' id='word_1_39' title='bbox 1041 771 1154 798; x_wconf 88' lang='lat' dir='ltr'><strong>aucto-</strong></span> 
     </span>
     <span class='ocr_line' id='line_1_9' title="bbox 454 815 1153 857; baseline -0.001 -10"><span class='ocrx_word' id='word_1_40' title='bbox 454 825 508 847; x_wconf 89' lang='lat' dir='ltr'><strong>res</strong></span> <span class='ocrx_word' id='word_1_41' title='bbox 536 815 620 846; x_wconf 77' lang='lat' dir='ltr'><strong>fides</strong></span> <span class='ocrx_word' id='word_1_42' title='bbox 646 820 708 846; x_wconf 83' lang='lat' dir='ltr'><strong>est.</strong></span> <span class='ocrx_word' id='word_1_43' title='bbox 741 817 827 848; x_wconf 78' lang='lat' dir='ltr'><strong>Voss.</strong></span> <span class='ocrx_word' id='word_1_44' title='bbox 874 817 1153 857; x_wconf 82' lang='lat' dir='ltr'><strong>Geographorum</strong></span> 
     </span>
     <span class='ocr_line' id='line_1_10' title="bbox 454 866 1155 908; baseline 0 -11"><span class='ocrx_word' id='word_1_45' title='bbox 454 866 590 908; x_wconf 89' lang='lat' dir='ltr'><strong>quidam</strong></span> <span class='ocrx_word' id='word_1_46' title='bbox 608 866 693 896; x_wconf 87' lang='lat' dir='ltr'><strong>hanc</strong></span> <span class='ocrx_word' id='word_1_47' title='bbox 709 866 940 906; x_wconf 71' lang='lat' dir='ltr'><strong>regiuncu‘lam</strong></span> <span class='ocrx_word' id='word_1_48' title='bbox 956 868 988 897; x_wconf 88' lang='lat' dir='ltr'><strong>iu</strong></span> <span class='ocrx_word' id='word_1_49' title='bbox 1012 867 1155 897; x_wconf 82' lang='lat' dir='ltr'><strong>Thracia</strong></span> 
     </span>
     <span class='ocr_line' id='line_1_11' title="bbox 454 916 1154 955; baseline -0.003 -6"><span class='ocrx_word' id='word_1_50' title='bbox 454 921 623 955; x_wconf 83' lang='lat' dir='ltr'><strong>statuunt,</strong></span> <span class='ocrx_word' id='word_1_51' title='bbox 645 916 700 947; x_wconf 72' lang='lat' dir='ltr'><strong>aiii</strong></span> <span class='ocrx_word' id='word_1_52' title='bbox 718 917 751 946; x_wconf 87' lang='lat' dir='ltr'><strong>in</strong></span> <span class='ocrx_word' id='word_1_53' title='bbox 779 917 993 948; x_wconf 82' lang='lat' dir='ltr'><strong>Macedonia.</strong></span> <span class='ocrx_word' id='word_1_54' title='bbox 1041 918 1086 948; x_wconf 88' lang='lat' dir='ltr'><strong>Et</strong></span> <span class='ocrx_word' id='word_1_55' title='bbox 1100 926 1154 947; x_wconf 85' lang='lat' dir='ltr'><strong>res</strong></span> 
     </span>
     <span class='ocr_line' id='line_1_12' title="bbox 452 967 1154 1008; baseline -0.001 -10"><span class='ocrx_word' id='word_1_56' title='bbox 452 967 553 998; x_wconf 87' lang='lat' dir='ltr'><strong>hodie</strong></span> <span class='ocrx_word' id='word_1_57' title='bbox 571 967 771 1008; x_wconf 84' lang='lat' dir='ltr'><strong>pervulgata</strong></span> <span class='ocrx_word' id='word_1_58' title='bbox 787 971 822 998; x_wconf 90' lang='lat' dir='ltr'><strong>et</strong></span> <span class='ocrx_word' id='word_1_59' title='bbox 838 968 988 998; x_wconf 81' lang='lat' dir='ltr'><strong>contrita</strong></span> <span class='ocrx_word' id='word_1_60' title='bbox 1002 971 1064 998; x_wconf 87' lang='lat' dir='ltr'><strong>est.</strong></span> <span class='ocrx_word' id='word_1_61' title='bbox 1088 967 1154 997; x_wconf 87' lang='lat' dir='ltr'><strong>Ta-</strong></span> 
     </span>
     <span class='ocr_line' id='line_1_13' title="bbox 452 1017 1153 1057; baseline -0.001 -9"><span class='ocrx_word' id='word_1_62' title='bbox 452 1028 530 1048; x_wconf 88' lang='lat' dir='ltr'><strong>men</strong></span> <span class='ocrx_word' id='word_1_63' title='bbox 555 1018 668 1048; x_wconf 82' lang='lat' dir='ltr'><strong>malim</strong></span> <span class='ocrx_word' id='word_1_64' title='bbox 693 1017 843 1048; x_wconf 82' lang='lat' dir='ltr'><strong>scribere</strong></span> <span class='ocrx_word' id='word_1_65' title='bbox 875 1018 1023 1057; x_wconf 75' lang='lat' dir='ltr'><strong>Eur-epia,</strong></span> <span class='ocrx_word' id='word_1_66' title='bbox 1049 1022 1087 1049; x_wconf 91' lang='lat' dir='ltr'><strong>ut</strong></span> <span class='ocrx_word' id='word_1_67' title='bbox 1110 1017 1153 1048; x_wconf 90' lang='lat' dir='ltr'><strong>cl.</strong></span> 
     </span>
     <span class='ocr_line' id='line_1_14' title="bbox 451 1066 970 1110; baseline 0 -11"><span class='ocrx_word' id='word_1_68' title='bbox 451 1069 551 1101; x_wconf 81' lang='lat' dir='ltr'><strong>Voss.</strong></span> <span class='ocrx_word' id='word_1_69' title='bbox 565 1078 665 1110; x_wconf 79' lang='lat' dir='ltr'><strong>quani</strong></span> <span class='ocrx_word' id='word_1_70' title='bbox 683 1068 819 1107; x_wconf 82' lang='lat' dir='ltr'><em>Europa.</em></span> <span class='ocrx_word' id='word_1_71' title='bbox 849 1066 970 1099; x_wconf 84' lang='lat' dir='ltr'><strong>Faber.</strong></span> 
     </span>
    </p>

    <p class='ocr_par' dir='ltr' id='par_1_2' title="bbox 450 1117 1154 1753">
     <span class='ocr_line' id='line_1_15' title="bbox 489 1117 1154 1158; baseline -0.002 -9"><span class='ocrx_word' id='word_1_72' title='bbox 489 1119 633 1158; x_wconf 79' lang='lat' dir='ltr'><strong>Europus</strong></span> <span class='ocrx_word' id='word_1_73' title='bbox 641 1117 777 1157; x_wconf 80' lang='lat' dir='ltr'><strong>nomine]</strong></span> <span class='ocrx_word' id='word_1_74' title='bbox 792 1118 847 1148; x_wconf 91' lang='lat' dir='ltr'><strong>Sic</strong></span> <span class='ocrx_word' id='word_1_75' title='bbox 860 1122 950 1148; x_wconf 83' lang='lat' dir='ltr'><strong>amat</strong></span> <span class='ocrx_word' id='word_1_76' title='bbox 963 1117 1054 1158; x_wconf 89' lang='lat' dir='ltr'><strong>loqui</strong></span> <span class='ocrx_word' id='word_1_77' title='bbox 1068 1118 1154 1148; x_wconf 87' lang='lat' dir='ltr'><strong>Nos-</strong></span> 
     </span>
     <span class='ocr_line' id='line_1_16' title="bbox 453 1171 1151 1208; baseline -0.001 -9"><span class='ocrx_word' id='word_1_78' title='bbox 453 1172 520 1208; x_wconf 82' lang='lat' dir='ltr'><strong>ter,</strong></span> <span class='ocrx_word' id='word_1_79' title='bbox 541 1174 578 1199; x_wconf 90' lang='lat' dir='ltr'><strong>ut</strong></span> <span class='ocrx_word' id='word_1_80' title='bbox 604 1178 643 1200; x_wconf 84' lang='lat'><strong>11.</strong></span> <span class='ocrx_word' id='word_1_81' title='bbox 670 1171 702 1199; x_wconf 88' lang='grc'><strong>9.</strong></span> <span class='ocrx_word' id='word_1_82' title='bbox 728 1171 759 1199; x_wconf 84' lang='grc'><strong>2.</strong></span> <span class='ocrx_word' id='word_1_83' title='bbox 782 1177 864 1199; x_wconf 79' lang='lat' dir='ltr'><strong>xul.</strong></span> <span class='ocrx_word' id='word_1_84' title='bbox 880 1171 910 1198; x_wconf 86' lang='lat'><strong>2.</strong></span> <span class='ocrx_word' id='word_1_85' title='bbox 926 1171 958 1198; x_wconf 86' lang='grc'><strong>7.</strong></span> <span class='ocrx_word' id='word_1_86' title='bbox 981 1176 1058 1199; x_wconf 79' lang='lat' dir='ltr'><strong>xxr.</strong></span> <span class='ocrx_word' id='word_1_87' title='bbox 1076 1171 1105 1198; x_wconf 95' lang='lat' dir='ltr'><strong>l.</strong></span> <span class='ocrx_word' id='word_1_88' title='bbox 1122 1171 1151 1198; x_wconf 94' lang='lat'><strong>1.</strong></span> 
     </span>
     <span class='ocr_line' id='line_1_17' title="bbox 452 1218 1152 1257; baseline -0.001 -8"><span class='ocrx_word' id='word_1_89' title='bbox 452 1219 541 1250; x_wconf 79' lang='lat' dir='ltr'><strong>Veli.</strong></span> <span class='ocrx_word' id='word_1_90' title='bbox 568 1228 608 1250; x_wconf 91' lang='lat'><strong>11.</strong></span> <span class='ocrx_word' id='word_1_91' title='bbox 631 1223 662 1251; x_wconf 86' lang='lat'><strong>5.</strong></span> <span class='ocrx_word' id='word_1_92' title='bbox 682 1221 713 1249; x_wconf 85' lang='grc'><strong>2.</strong></span> <span class='ocrx_word' id='word_1_93' title='bbox 760 1219 816 1249; x_wconf 91' lang='lat' dir='ltr'><strong>Ita</strong></span> <span class='ocrx_word' id='word_1_94' title='bbox 841 1219 970 1257; x_wconf 33' lang='lat' dir='ltr'><strong>‘naves‘</strong></span> <span class='ocrx_word' id='word_1_95' title='bbox 994 1218 1152 1249; x_wconf 79' lang='lat' dir='ltr'><strong>ducentae</strong></span> 
     </span>
     <span class='ocr_line' id='line_1_18' title="bbox 452 1269 1151 1309; baseline 0.001 -10"><span class='ocrx_word' id='word_1_96' title='bbox 452 1269 617 1308; x_wconf 87' lang='lat' dir='ltr'><strong>numero‚&#39;</strong></span> <span class='ocrx_word' id='word_1_97' title='bbox 647 1279 721 1309; x_wconf 84' lang='lat' dir='ltr'><strong>sup.</strong></span> <span class='ocrx_word' id='word_1_98' title='bbox 753 1278 794 1299; x_wconf 79' lang='grc' dir='ltr'><strong>ιι.</strong></span> <span class='ocrx_word' id='word_1_99' title='bbox 823 1272 873 1299; x_wconf 83' lang='grc'><strong>10.</strong></span> <span class='ocrx_word' id='word_1_100' title='bbox 897 1272 950 1300; x_wconf 85' lang='grc'><strong>20.</strong></span> <span class='ocrx_word' id='word_1_101' title='bbox 995 1269 1151 1300; x_wconf 85' lang='lat' dir='ltr'><strong>Ceterum</strong></span> 
     </span>
     <span class='ocr_line' id='line_1_19' title="bbox 452 1319 1153 1362; baseline -0.001 -10"><span class='ocrx_word' id='word_1_102' title='bbox 452 1322 609 1362; x_wconf 82' lang='lat' dir='ltr'>Europus</span> <span class='ocrx_word' id='word_1_103' title='bbox 640 1321 696 1351; x_wconf 83' lang='lat' dir='ltr'><strong>iile</strong></span> <span class='ocrx_word' id='word_1_104' title='bbox 729 1320 927 1351; x_wconf 84' lang='lat' dir='ltr'><strong>Macedonis</strong></span> <span class='ocrx_word' id='word_1_105' title='bbox 957 1319 1003 1350; x_wconf 87' lang='lat' dir='ltr'><strong>fil.</strong></span> <span class='ocrx_word' id='word_1_106' title='bbox 1033 1319 1110 1359; x_wconf 87' lang='lat' dir='ltr'><strong>fuit,</strong></span> <span class='ocrx_word' id='word_1_107' title='bbox 1133 1329 1153 1351; x_wconf 85' lang='lat' dir='ltr'>a</span> 
     </span>
     <span class='ocr_line' id='line_1_20' title="bbox 453 1369 1151 1411; baseline 0.001 -10"><span class='ocrx_word' id='word_1_108' title='bbox 453 1381 520 1411; x_wconf 90' lang='lat' dir='ltr'><strong>quo</strong></span> <span class='ocrx_word' id='word_1_109' title='bbox 563 1372 571 1386; x_wconf 92' lang='lat'>‘</span> <span class='ocrx_word' id='word_1_110' title='bbox 588 1372 763 1410; x_wconf 89' lang='lat' dir='ltr'><strong>Europus&#39;</strong></span> <span class='ocrx_word' id='word_1_111' title='bbox 810 1369 1022 1399; x_wconf 82' lang='lat' dir='ltr'><strong>Macedoniae</strong></span> <span class='ocrx_word' id='word_1_112' title='bbox 1061 1369 1151 1402; x_wconf 83' lang='lat' dir='ltr'><strong>urbs.</strong></span> 
     </span>
     <span class='ocr_line' id='line_1_21' title="bbox 450 1419 1151 1461; baseline -0.003 -9"><span class='ocrx_word' id='word_1_113' title='bbox 450 1421 570 1461; x_wconf 84' lang='lat' dir='ltr'><strong>Stepli.</strong></span> <span class='ocrx_word' id='word_1_114' title='bbox 586 1421 618 1450; x_wconf 89' lang='lat' dir='ltr'><strong>in</strong></span> <span class='ocrx_word' id='word_1_115' title='bbox 644 1419 725 1450; x_wconf 85' lang='lat' dir='ltr'><strong>Urb.</strong></span> <span class='ocrx_word' id='word_1_116' title='bbox 750 1423 785 1450; x_wconf 90' lang='lat' dir='ltr'><strong>et</strong></span> <span class='ocrx_word' id='word_1_117' title='bbox 807 1419 959 1459; x_wconf 87' lang='lat' dir='ltr'><strong>Thucyd.</strong></span> <span class='ocrx_word' id='word_1_118' title='bbox 975 1428 1014 1450; x_wconf 84' lang='grc' dir='ltr'><strong>Π.</strong></span> <span class='ocrx_word' id='word_1_119' title='bbox 1031 1422 1082 1450; x_wconf 86' lang='grc'><strong>21.</strong></span> <span class='ocrx_word' id='word_1_120' title='bbox 1097 1423 1151 1450; x_wconf 83' lang='grc'><strong>36.</strong></span> 
     </span>
     <span class='ocr_line' id='line_1_22' title="bbox 453 1469 1152 1510; baseline 0.001 -10"><span class='ocrx_word' id='word_1_121' title='bbox 453 1469 501 1500; x_wconf 75' lang='lat' dir='ltr'><strong>At</strong></span> <span class='ocrx_word' id='word_1_122' title='bbox 525 1470 678 1501; x_wconf 81' lang='lat' dir='ltr'><strong>Eustath.</strong></span> <span class='ocrx_word' id='word_1_123' title='bbox 703 1470 735 1500; x_wconf 91' lang='lat' dir='ltr'><strong>in</strong></span> <span class='ocrx_word' id='word_1_124' title='bbox 761 1469 1028 1510; x_wconf 77' lang='lat' dir='ltr'><strong>Lycophronem,</strong></span> <span class='ocrx_word' id='word_1_125' title='bbox 1051 1470 1152 1502; x_wconf 84' lang='lat' dir='ltr'><strong>eund.</strong></span> 
     </span>
     <span class='ocr_line' id='line_1_23' title="bbox 452 1519 1152 1561; baseline 0 -11"><span class='ocrx_word' id='word_1_126' title='bbox 452 1521 582 1561; x_wconf 86' lang='lat' dir='ltr'><strong>cujusd.</strong></span> <span class='ocrx_word' id='word_1_127' title='bbox 622 1520 755 1551; x_wconf 87' lang='lat' dir='ltr'><strong>Himeri</strong></span> <span class='ocrx_word' id='word_1_128' title='bbox 781 1519 863 1550; x_wconf 84' lang='lat' dir='ltr'><strong>facit</strong></span> <span class='ocrx_word' id='word_1_129' title='bbox 891 1519 1008 1558; x_wconf 88' lang='lat' dir='ltr'><strong>filium,</strong></span> <span class='ocrx_word' id='word_1_130' title='bbox 1040 1530 1059 1551; x_wconf 86' lang='lat' dir='ltr'>a</span> <span class='ocrx_word' id='word_1_131' title='bbox 1087 1531 1152 1561; x_wconf 85' lang='lat' dir='ltr'><strong>quo</strong></span> 
     </span>
     <span class='ocr_line' id='line_1_24' title="bbox 451 1570 1151 1610; baseline 0 -9"><span class='ocrx_word' id='word_1_132' title='bbox 451 1571 658 1602; x_wconf 84' lang='lat' dir='ltr'>nominatam</span> <span class='ocrx_word' id='word_1_133' title='bbox 698 1571 865 1610; x_wconf 83' lang='lat' dir='ltr'>Europam</span> <span class='ocrx_word' id='word_1_134' title='bbox 896 1570 1059 1601; x_wconf 75' lang='lat' dir='ltr'><strong>credibile</strong></span> <span class='ocrx_word' id='word_1_135' title='bbox 1088 1576 1151 1602; x_wconf 84' lang='lat' dir='ltr'><strong>est.</strong></span> 
     </span>
     <span class='ocr_line' id='line_1_25' title="bbox 451 1621 1153 1661; baseline 0 -9"><span class='ocrx_word' id='word_1_136' title='bbox 451 1621 653 1661; x_wconf 83' lang='lat' dir='ltr'><strong>Quanquam</strong></span> <span class='ocrx_word' id='word_1_137' title='bbox 684 1625 822 1660; x_wconf 80' lang='lat' dir='ltr'><strong>etymon</strong></span> <span class='ocrx_word' id='word_1_138' title='bbox 854 1621 997 1661; x_wconf 85' lang='lat' dir='ltr'><strong>Europae</strong></span> <span class='ocrx_word' id='word_1_139' title='bbox 1027 1627 1153 1652; x_wconf 88' lang='lat' dir='ltr'><strong>morta-</strong></span> 
     </span>
     <span class='ocr_line' id='line_1_26' title="bbox 450 1671 1152 1711; baseline 0.004 -11"><span class='ocrx_word' id='word_1_140' title='bbox 450 1671 531 1701; x_wconf 84' lang='lat' dir='ltr'>lium</span> <span class='ocrx_word' id='word_1_141' title='bbox 559 1671 683 1701; x_wconf 89' lang='lat' dir='ltr'><strong>nemini</strong></span> <span class='ocrx_word' id='word_1_142' title='bbox 713 1676 925 1711; x_wconf 85' lang='lat' dir='ltr'><strong>compertum</strong></span> <span class='ocrx_word' id='word_1_143' title='bbox 950 1671 1055 1703; x_wconf 84' lang='lat' dir='ltr'>tradit</span> <span class='ocrx_word' id='word_1_144' title='bbox 1081 1672 1152 1703; x_wconf 83' lang='lat' dir='ltr'><strong>He-</strong></span> 
     </span>
     <span class='ocr_line' id='line_1_27' title="bbox 451 1721 798 1753; baseline 0.006 -2"><span class='ocrx_word' id='word_1_145' title='bbox 451 1721 524 1751; x_wconf 86' lang='lat' dir='ltr'>rod.</span> <span class='ocrx_word' id='word_1_146' title='bbox 543 1731 593 1752; x_wconf 94' lang='lat' dir='ltr'><strong>1v.</strong></span> <span class='ocrx_word' id='word_1_147' title='bbox 614 1724 668 1752; x_wconf 79' lang='lat'><strong>45.</strong></span> <span class='ocrx_word' id='word_1_148' title='bbox 699 1722 798 1753; x_wconf 77' lang='lat' dir='ltr'><strong>Rern.</strong></span> 
     </span>
    </p>

    <p class='ocr_par' dir='ltr' id='par_1_3' title="bbox 449 1772 1153 2222">
     <span class='ocr_line' id='line_1_28' title="bbox 494 1772 1153 1813; baseline 0.002 -10"><span class='ocrx_word' id='word_1_149' title='bbox 494 1774 511 1812; x_wconf 49' lang='grc' dir='ltr'>ᾧ</span> <span class='ocrx_word' id='word_1_150' title='bbox 533 1775 551 1803; x_wconf 86' lang='grc'>7</span> <span class='ocrx_word' id='word_1_151' title='bbox 579 1772 734 1812; x_wconf 80' lang='lat' dir='ltr'><strong>Caranus]</strong></span> <span class='ocrx_word' id='word_1_152' title='bbox 758 1772 864 1803; x_wconf 87' lang='lat' dir='ltr'><strong>Solin.</strong></span> <span class='ocrx_word' id='word_1_153' title='bbox 892 1782 969 1813; x_wconf 83' lang='lat' dir='ltr'><strong>cap.</strong></span> <span class='ocrx_word' id='word_1_154' title='bbox 994 1776 1025 1804; x_wconf 88' lang='grc'><strong>9.</strong></span> <span class='ocrx_word' id='word_1_155' title='bbox 1048 1777 1083 1804; x_wconf 84' lang='lat' dir='ltr'><strong>et</strong></span> <span class='ocrx_word' id='word_1_156' title='bbox 1104 1773 1153 1804; x_wconf 80' lang='lat' dir='ltr'><strong>ita</strong></span> 
     </span>
     <span class='ocr_line' id='line_1_29' title="bbox 451 1822 1149 1863; baseline 0.001 -10"><span class='ocrx_word' id='word_1_157' title='bbox 451 1822 682 1854; x_wconf 84' lang='lat' dir='ltr'><strong>emendandus</strong></span> <span class='ocrx_word' id='word_1_158' title='bbox 698 1823 821 1853; x_wconf 85' lang='lat' dir='ltr'><strong>Euseb.</strong></span> <span class='ocrx_word' id='word_1_159' title='bbox 835 1833 876 1853; x_wconf 86' lang='lat' dir='ltr'><strong>ex</strong></span> <span class='ocrx_word' id='word_1_160' title='bbox 894 1824 977 1854; x_wconf 84' lang='lat' dir='ltr'><strong>Mss.</strong></span> <span class='ocrx_word' id='word_1_161' title='bbox 994 1824 1149 1863; x_wconf 82' lang='lat' dir='ltr'><strong>Bongars.</strong></span> 
     </span>
     <span class='ocr_line' id='line_1_30' title="bbox 450 1873 1150 1914; baseline 0.003 -11"><span class='ocrx_word' id='word_1_162' title='bbox 450 1873 518 1914; x_wconf 88' lang='lat' dir='ltr'><strong>Ap.</strong></span> <span class='ocrx_word' id='word_1_163' title='bbox 540 1883 639 1914; x_wconf 85' lang='lat' dir='ltr'><strong>quem</strong></span> <span class='ocrx_word' id='word_1_164' title='bbox 663 1878 714 1904; x_wconf 86' lang='lat' dir='ltr'><strong>est</strong></span> <span class='ocrx_word' id='word_1_165' title='bbox 735 1874 897 1905; x_wconf 70' lang='lat' dir='ltr'><strong>Cramam.</strong></span> <span class='ocrx_word' id='word_1_166' title='bbox 923 1874 1010 1904; x_wconf 79' lang='lat' dir='ltr'><strong>Veil.</strong></span> <span class='ocrx_word' id='word_1_167' title='bbox 1029 1883 1052 1904; x_wconf 89' lang='lat'><strong>1.</strong></span> <span class='ocrx_word' id='word_1_168' title='bbox 1069 1877 1101 1904; x_wconf 88' lang='lat'><strong>6.</strong></span> <span class='ocrx_word' id='word_1_169' title='bbox 1119 1877 1150 1905; x_wconf 88' lang='grc'><strong>5.</strong></span> 
     </span>
     <span class='ocr_line' id='line_1_31' title="bbox 450 1922 1149 1963; baseline 0 -9"><span class='ocrx_word' id='word_1_170' title='bbox 450 1925 541 1954; x_wconf 87' lang='lat' dir='ltr'><strong>hune</strong></span> <span class='ocrx_word' id='word_1_171' title='bbox 579 1925 587 1940; x_wconf 87' lang='lat'>‘</span> <span class='ocrx_word' id='word_1_172' title='bbox 607 1923 740 1963; x_wconf 84' lang='lat' dir='ltr'><strong>generis</strong></span> <span class='ocrx_word' id='word_1_173' title='bbox 774 1923 877 1963; x_wconf 80' lang='lat' dir='ltr'><strong>regii&#39;</strong></span> <span class='ocrx_word' id='word_1_174' title='bbox 910 1922 1012 1954; x_wconf 75' lang='lat' dir='ltr'><strong>fuisse</strong></span> <span class='ocrx_word' id='word_1_175' title='bbox 1043 1923 1149 1954; x_wconf 86' lang='lat' dir='ltr'><strong>dicit:</strong></span> 
     </span>
     <span class='ocr_line' id='line_1_32' title="bbox 449 1974 1151 2006; baseline -0.001 -1"><span class='ocrx_word' id='word_1_176' title='bbox 449 1974 545 2006; x_wconf 87' lang='lat' dir='ltr'><strong>Suid.</strong></span> <span class='ocrx_word' id='word_1_177' title='bbox 587 1979 717 2004; x_wconf 83' lang='lat' dir='ltr'><strong>tantum</strong></span> <span class='ocrx_word' id='word_1_178' title='bbox 748 1974 872 2004; x_wconf 87' lang='lat' dir='ltr'><strong>‘unum</strong></span> <span class='ocrx_word' id='word_1_179' title='bbox 909 1983 951 2004; x_wconf 90' lang='lat' dir='ltr'><strong>ex</strong></span> <span class='ocrx_word' id='word_1_180' title='bbox 993 1974 1151 2005; x_wconf 82' lang='lat' dir='ltr'><strong>Herculis</strong></span> 
     </span>
     <span class='ocr_line' id='line_1_33' title="bbox 449 2023 1152 2065; baseline 0.001 -10"><span class='ocrx_word' id='word_1_181' title='bbox 449 2023 619 2065; x_wconf 82' lang='lat' dir='ltr'><strong>posteris.&#39;</strong></span> <span class='ocrx_word' id='word_1_182' title='bbox 658 2024 783 2055; x_wconf 81' lang='lat' dir='ltr'><strong>Auson.</strong></span> <span class='ocrx_word' id='word_1_183' title='bbox 803 2025 867 2064; x_wconf 91' lang='lat' dir='ltr'><strong>Ep.</strong></span> <span class='ocrx_word' id='word_1_184' title='bbox 896 2033 974 2056; x_wconf 81' lang='lat' dir='ltr'><strong>xix.</strong></span> <span class='ocrx_word' id='word_1_185' title='bbox 1002 2027 1010 2042; x_wconf 91' lang='lat'>‘</span> <span class='ocrx_word' id='word_1_186' title='bbox 1025 2026 1070 2056; x_wconf 90' lang='lat' dir='ltr'><strong>Et</strong></span> <span class='ocrx_word' id='word_1_187' title='bbox 1089 2027 1152 2056; x_wconf 82' lang='lat' dir='ltr'><strong>Ca-</strong></span> 
     </span>
     <span class='ocr_line' id='line_1_34' title="bbox 450 2075 1152 2115; baseline 0.001 -9"><span class='ocrx_word' id='word_1_188' title='bbox 450 2085 580 2115; x_wconf 80' lang='lat' dir='ltr'><strong>ranum,</strong></span> <span class='ocrx_word' id='word_1_189' title='bbox 603 2075 730 2106; x_wconf 61' lang='lat' dir='ltr'><strong>Pellaea</strong></span> <span class='ocrx_word' id='word_1_190' title='bbox 754 2075 848 2106; x_wconf 81' lang='lat' dir='ltr'><strong>dedit</strong></span> <span class='ocrx_word' id='word_1_191' title='bbox 867 2076 923 2115; x_wconf 90' lang='lat' dir='ltr'><strong>qui</strong></span> <span class='ocrx_word' id='word_1_192' title='bbox 945 2076 1077 2106; x_wconf 87' lang='lat' dir='ltr'><strong>nomina</strong></span> <span class='ocrx_word' id='word_1_193' title='bbox 1102 2085 1152 2107; x_wconf 90' lang='lat' dir='ltr'><strong>re-</strong></span> 
     </span>
     <span class='ocr_line' id='line_1_35' title="bbox 450 2126 1150 2168; baseline 0.001 -10"><span class='ocrx_word' id='word_1_194' title='bbox 450 2127 553 2167; x_wconf 89' lang='lat' dir='ltr'><strong>gum.’</strong></span> <span class='ocrx_word' id='word_1_195' title='bbox 595 2126 673 2157; x_wconf 90' lang='lat' dir='ltr'><strong>Vid.</strong></span> <span class='ocrx_word' id='word_1_196' title='bbox 704 2127 827 2166; x_wconf 82' lang='lat' dir='ltr'><strong>Scalig.</strong></span> <span class='ocrx_word' id='word_1_197' title='bbox 858 2127 985 2158; x_wconf 86' lang='lat' dir='ltr'><strong>Canon.</strong></span> <span class='ocrx_word' id='word_1_198' title='bbox 1016 2127 1150 2168; x_wconf 85' lang='lat' dir='ltr'><strong>Isagog.</strong></span> 
     </span>
     <span class='ocr_line' id='line_1_36' title="bbox 449 2179 740 2222; baseline -0.007 -10"><span class='ocrx_word' id='word_1_199' title='bbox 449 2191 484 2222; x_wconf 82' lang='lat' dir='ltr'><strong>p.</strong></span> <span class='ocrx_word' id='word_1_200' title='bbox 502 2183 574 2211; x_wconf 75' lang='lat'><strong>33-1.</strong></span> <span class='ocrx_word' id='word_1_201' title='bbox 591 2179 613 2211; x_wconf 87' lang='lat' dir='ltr'><strong>f.</strong></span> <span class='ocrx_word' id='word_1_202' title='bbox 642 2180 740 2210; x_wconf 83' lang='lat' dir='ltr'><strong>Rern.</strong></span> 
     </span>
    </p>

    <p class='ocr_par' dir='ltr' id='par_1_4' title="bbox 449 2228 1154 2523">
     <span class='ocr_line' id='line_1_37' title="bbox 493 2228 1152 2272; baseline -0.002 -10"><span class='ocrx_word' id='word_1_203' title='bbox 493 2233 547 2272; x_wconf 73' lang='lat'><strong>§8</strong></span> <span class='ocrx_word' id='word_1_204' title='bbox 572 2232 675 2269; x_wconf 81' lang='lat' dir='ltr'><strong>Regni</strong></span> <span class='ocrx_word' id='word_1_205' title='bbox 690 2231 791 2261; x_wconf 80' lang='lat' dir='ltr'><strong>sedem</strong></span> <span class='ocrx_word' id='word_1_206' title='bbox 803 2228 933 2269; x_wconf 77' lang='lat' dir='ltr'><strong>statuit]</strong></span> <span class='ocrx_word' id='word_1_207' title='bbox 958 2229 1061 2270; x_wconf 86' lang='lat' dir='ltr'><strong>Lego,</strong></span> <span class='ocrx_word' id='word_1_208' title='bbox 1085 2240 1152 2261; x_wconf 85' lang='lat' dir='ltr'><strong>una</strong></span> 
     </span>
     <span class='ocr_line' id='line_1_38' title="bbox 449 2280 1150 2323; baseline 0 -11"><span class='ocrx_word' id='word_1_209' title='bbox 449 2282 590 2323; x_wconf 74' lang='lat' dir='ltr'><strong>parvula</strong></span> <span class='ocrx_word' id='word_1_210' title='bbox 614 2281 734 2311; x_wconf 80' lang='lat' dir='ltr'><strong>vocula</strong></span> <span class='ocrx_word' id='word_1_211' title='bbox 759 2280 885 2319; x_wconf 75' lang='lat' dir='ltr'><strong>addita,</strong></span> <span class='ocrx_word' id='word_1_212' title='bbox 901 2280 944 2310; x_wconf 81' lang='lat' dir='ltr'><strong>ibi</strong></span> <span class='ocrx_word' id='word_1_213' title='bbox 968 2290 1036 2318; x_wconf 77' lang='lat' dir='ltr'><strong>reg.</strong></span> <span class='ocrx_word' id='word_1_214' title='bbox 1057 2290 1083 2310; x_wconf 84' lang='lat' dir='ltr'><strong>s.</strong></span> <span class='ocrx_word' id='word_1_215' title='bbox 1109 2285 1150 2312; x_wconf 84' lang='lat' dir='ltr'><strong>st.</strong></span> 
     </span>
     <span class='ocr_line' id='line_1_39' title="bbox 450 2330 1152 2363; baseline 0 -1"><span class='ocrx_word' id='word_1_216' title='bbox 450 2331 572 2363; x_wconf 88' lang='lat' dir='ltr'><strong>Faber.</strong></span> <span class='ocrx_word' id='word_1_217' title='bbox 620 2331 713 2362; x_wconf 84' lang='lat' dir='ltr'><strong>Nihil</strong></span> <span class='ocrx_word' id='word_1_218' title='bbox 730 2330 918 2361; x_wconf 81' lang='lat' dir='ltr'><strong>inculcand.</strong></span> <span class='ocrx_word' id='word_1_219' title='bbox 937 2335 1027 2361; x_wconf 87' lang='lat' dir='ltr'><strong>cont.</strong></span> <span class='ocrx_word' id='word_1_220' title='bbox 1051 2331 1152 2362; x_wconf 82' lang='lat' dir='ltr'><strong>iibro-</strong></span> 
     </span>
     <span class='ocr_line' id='line_1_40' title="bbox 450 2378 1154 2420; baseline 0 -9"><span class='ocrx_word' id='word_1_221' title='bbox 450 2391 522 2412; x_wconf 91' lang='lat' dir='ltr'><strong>rum</strong></span> <span class='ocrx_word' id='word_1_222' title='bbox 548 2380 660 2418; x_wconf 87' lang='lat' dir='ltr'><strong>fidem,</strong></span> <span class='ocrx_word' id='word_1_223' title='bbox 676 2380 736 2410; x_wconf 84' lang='lat' dir='ltr'><strong>sed</strong></span> <span class='ocrx_word' id='word_1_224' title='bbox 764 2379 943 2420; x_wconf 85' lang='lat' dir='ltr'><strong>repetend.</strong></span> <span class='ocrx_word' id='word_1_225' title='bbox 967 2378 1028 2410; x_wconf 79' lang='grc' dir='ltr'><strong>ἀπὸ</strong></span> <span class='ocrx_word' id='word_1_226' title='bbox 1053 2381 1154 2411; x_wconf 82' lang='grc' dir='ltr'>κοινοῦ</span> 
     </span>
     <span class='ocr_line' id='line_1_41' title="bbox 449 2431 1152 2469; baseline 0.001 -7"><span class='ocrx_word' id='word_1_227' title='bbox 449 2433 621 2463; x_wconf 79' lang='lat' dir='ltr'><strong>Edessam:</strong></span> <span class='ocrx_word' id='word_1_228' title='bbox 646 2432 795 2461; x_wconf 77' lang='lat' dir='ltr'><strong>Edessam</strong></span> <span class='ocrx_word' id='word_1_229' title='bbox 818 2440 882 2469; x_wconf 79' lang='lat' dir='ltr'><strong>reg.</strong></span> <span class='ocrx_word' id='word_1_230' title='bbox 896 2440 921 2460; x_wconf 92' lang='lat' dir='ltr'><strong>s.</strong></span> <span class='ocrx_word' id='word_1_231' title='bbox 940 2434 980 2461; x_wconf 79' lang='lat' dir='ltr'><strong>st.</strong></span> <span class='ocrx_word' id='word_1_232' title='bbox 1000 2431 1031 2462; x_wconf 87' lang='lat' dir='ltr'><strong>h.</strong></span> <span class='ocrx_word' id='word_1_233' title='bbox 1045 2441 1077 2462; x_wconf 88' lang='lat' dir='ltr'><strong>e.</strong></span> <span class='ocrx_word' id='word_1_234' title='bbox 1101 2441 1152 2463; x_wconf 80' lang='lat' dir='ltr'><strong>re-</strong></span> 
     </span>
     <span class='ocr_line' id='line_1_42' title="bbox 450 2480 1108 2523; baseline 0.002 -12"><span class='ocrx_word' id='word_1_235' title='bbox 450 2482 537 2523; x_wconf 83' lang='lat' dir='ltr'><strong>giam</strong></span> <span class='ocrx_word' id='word_1_236' title='bbox 555 2481 638 2512; x_wconf 76' lang='lat' dir='ltr'><strong>facit</strong></span> <span class='ocrx_word' id='word_1_237' title='bbox 656 2480 771 2511; x_wconf 78' lang='lat' dir='ltr'><strong>sedem</strong></span> <span class='ocrx_word' id='word_1_238' title='bbox 790 2480 963 2511; x_wconf 79' lang='lat' dir='ltr'><strong>Edessam.</strong></span> <span class='ocrx_word' id='word_1_239' title='bbox 1001 2481 1108 2513; x_wconf 78' lang='lat' dir='ltr'><strong>Graev.</strong></span> 
     </span>
    </p>

    <p class='ocr_par' dir='ltr' id='par_1_5' title="bbox 450 2530 1151 2621">
     <span class='ocr_line' id='line_1_43' title="bbox 495 2530 1151 2572; baseline 0.002 -10"><span class='ocrx_word' id='word_1_240' title='bbox 495 2533 570 2572; x_wconf 65' lang='lat'><strong>§10</strong></span> <span class='ocrx_word' id='word_1_241' title='bbox 596 2530 759 2570; x_wconf 70' lang='lat' dir='ltr'><strong>Edessam]</strong></span> <span class='ocrx_word' id='word_1_242' title='bbox 790 2530 995 2562; x_wconf 75' lang='lat' dir='ltr'><strong>Ptolemaeus</strong></span> <span class='ocrx_word' id='word_1_243' title='bbox 1022 2540 1076 2563; x_wconf 87' lang='lat'><strong>111.</strong></span> <span class='ocrx_word' id='word_1_244' title='bbox 1103 2534 1151 2568; x_wconf 81' lang='lat'><strong>13,</strong></span> 
     </span>
     <span class='ocr_line' id='line_1_44' title="bbox 450 2580 1003 2621; baseline 0 -9"><span class='ocrx_word' id='word_1_245' title='bbox 450 2580 602 2612; x_wconf 83' lang='grc' dir='ltr'>Αἷδέσσαν</span> <span class='ocrx_word' id='word_1_246' title='bbox 617 2584 870 2612; x_wconf 76' lang='lat' dir='ltr'><strong>commemorat.</strong></span> <span class='ocrx_word' id='word_1_247' title='bbox 900 2582 1003 2621; x_wconf 76' lang='lat' dir='ltr'><strong>Bong.</strong></span> 
     </span>
    </p>

    <p class='ocr_par' dir='ltr' id='par_1_6' title="bbox 448 2631 1151 2976">
     <span class='ocr_line' id='line_1_45' title="bbox 492 2631 1151 2671; baseline -0.002 -8"><span class='ocrx_word' id='word_1_248' title='bbox 492 2631 669 2671; x_wconf 77' lang='lat' dir='ltr'><strong>AEdessam]</strong></span> <span class='ocrx_word' id='word_1_249' title='bbox 715 2632 760 2661; x_wconf 81' lang='lat' dir='ltr'><strong>Et</strong></span> <span class='ocrx_word' id='word_1_250' title='bbox 792 2631 845 2661; x_wconf 80' lang='lat' dir='ltr'><strong>hic</strong></span> <span class='ocrx_word' id='word_1_251' title='bbox 877 2631 992 2662; x_wconf 86' lang='lat' dir='ltr'><strong>Juntae</strong></span> <span class='ocrx_word' id='word_1_252' title='bbox 1025 2632 1151 2663; x_wconf 87' lang='lat' dir='ltr'><strong>rectius</strong></span> 
     </span>
     <span class='ocr_line' id='line_1_46' title="bbox 449 2681 1151 2716; baseline -0.004 0"><span class='ocrx_word' id='word_1_253' title='bbox 449 2684 600 2716; x_wconf 80' lang='lat' dir='ltr'><strong>scribunt</strong></span> <span class='ocrx_word' id='word_1_254' title='bbox 617 2683 776 2713; x_wconf 85' lang='lat' dir='ltr'><strong>Edessam.</strong></span> <span class='ocrx_word' id='word_1_255' title='bbox 801 2681 930 2712; x_wconf 66' lang='lat' dir='ltr'><strong>Graecis</strong></span> <span class='ocrx_word' id='word_1_256' title='bbox 947 2682 1151 2713; x_wconf 73' lang='grc' dir='ltr'>εηίιῐιἜδεσ-</span> 
     </span>
     <span class='ocr_line' id='line_1_47' title="bbox 451 2731 1151 2774; baseline 0.001 -10"><span class='ocrx_word' id='word_1_257' title='bbox 451 2745 493 2764; x_wconf 85' lang='grc' dir='ltr'><strong>σα</strong></span> <span class='ocrx_word' id='word_1_258' title='bbox 508 2734 634 2764; x_wconf 79' lang='lat' dir='ltr'><strong>dicitur</strong></span> <span class='ocrx_word' id='word_1_259' title='bbox 646 2742 711 2763; x_wconf 89' lang='lat' dir='ltr'><strong>nou</strong></span> <span class='ocrx_word' id='word_1_260' title='bbox 725 2731 873 2772; x_wconf 74' lang='grc' dir='ltr'><strong>Αἵδεσσα,</strong></span> <span class='ocrx_word' id='word_1_261' title='bbox 889 2734 976 2774; x_wconf 85' lang='lat' dir='ltr'><strong>quod</strong></span> <span class='ocrx_word' id='word_1_262' title='bbox 994 2733 1040 2764; x_wconf 84' lang='lat' dir='ltr'><strong>Is.</strong></span> <span class='ocrx_word' id='word_1_263' title='bbox 1054 2734 1151 2766; x_wconf 85' lang='lat' dir='ltr'><strong>Voss.</strong></span> 
     </span>
     <span class='ocr_line' id='line_1_48' title="bbox 450 2782 1150 2824; baseline -0.001 -8"><span class='ocrx_word' id='word_1_264' title='bbox 450 2785 494 2816; x_wconf 79' lang='lat' dir='ltr'><strong>ad</strong></span> <span class='ocrx_word' id='word_1_265' title='bbox 522 2784 647 2814; x_wconf 83' lang='lat' dir='ltr'><strong>Melam</strong></span> <span class='ocrx_word' id='word_1_266' title='bbox 671 2792 711 2814; x_wconf 86' lang='lat'><strong>11.</strong></span> <span class='ocrx_word' id='word_1_267' title='bbox 739 2785 769 2813; x_wconf 83' lang='grc'><strong>3.</strong></span> <span class='ocrx_word' id='word_1_268' title='bbox 798 2782 928 2822; x_wconf 83' lang='lat' dir='ltr'><strong>docuit,</strong></span> <span class='ocrx_word' id='word_1_269' title='bbox 956 2784 1011 2824; x_wconf 87' lang='lat' dir='ltr'><strong>qui</strong></span> <span class='ocrx_word' id='word_1_270' title='bbox 1040 2788 1075 2815; x_wconf 78' lang='lat' dir='ltr'><strong>et</strong></span> <span class='ocrx_word' id='word_1_271' title='bbox 1104 2784 1150 2815; x_wconf 89' lang='lat' dir='ltr'><strong>ibi</strong></span> 
     </span>
     <span class='ocr_line' id='line_1_49' title="bbox 448 2833 1149 2874; baseline 0 -8"><span class='ocrx_word' id='word_1_272' title='bbox 448 2835 600 2866; x_wconf 79' lang='lat' dir='ltr'><strong>ostendit</strong></span> <span class='ocrx_word' id='word_1_273' title='bbox 618 2833 702 2863; x_wconf 80' lang='lat' dir='ltr'><strong>bene</strong></span> <span class='ocrx_word' id='word_1_274' title='bbox 725 2833 758 2863; x_wconf 89' lang='lat' dir='ltr'><strong>in</strong></span> <span class='ocrx_word' id='word_1_275' title='bbox 790 2833 871 2863; x_wconf 76' lang='lat' dir='ltr'><strong>Mss.</strong></span> <span class='ocrx_word' id='word_1_276' title='bbox 894 2843 967 2864; x_wconf 85' lang='lat' dir='ltr'><strong>esse</strong></span> <span class='ocrx_word' id='word_1_277' title='bbox 984 2835 1149 2874; x_wconf 69' lang='lat' dir='ltr'><strong>AEgeazles.</strong></span> 
     </span>
     <span class='ocr_line' id='line_1_50' title="bbox 449 2882 1149 2924; baseline 0.003 -9"><span class='ocrx_word' id='word_1_278' title='bbox 449 2882 610 2924; x_wconf 78' lang='grc' dir='ltr'>Αἷγεισίδης</span> <span class='ocrx_word' id='word_1_279' title='bbox 625 2883 709 2914; x_wconf 92' lang='lat' dir='ltr'><strong>enim</strong></span> <span class='ocrx_word' id='word_1_280' title='bbox 734 2883 800 2914; x_wconf 91' lang='lat' dir='ltr'><strong>dici</strong></span> <span class='ocrx_word' id='word_1_281' title='bbox 825 2883 973 2916; x_wconf 82' lang='lat' dir='ltr'><strong>dialecto</strong></span> <span class='ocrx_word' id='word_1_282' title='bbox 991 2885 1149 2917; x_wconf 78' lang='lat' dir='ltr'><strong>Macedo-</strong></span> 
     </span>
     <span class='ocr_line' id='line_1_51' title="bbox 448 2931 922 2976; baseline -0.004 -9"><span class='ocrx_word' id='word_1_283' title='bbox 448 2936 526 2967; x_wconf 88' lang='lat' dir='ltr'><strong>nica</strong></span> <span class='ocrx_word' id='word_1_284' title='bbox 541 2944 601 2976; x_wconf 82' lang='lat' dir='ltr'><strong>pro</strong></span> <span class='ocrx_word' id='word_1_285' title='bbox 618 2931 790 2972; x_wconf 78' lang='grc' dir='ltr'><strong>Αἷγειάτης.</strong></span> <span class='ocrx_word' id='word_1_286' title='bbox 817 2934 922 2965; x_wconf 78' lang='lat' dir='ltr'><strong>Groev.</strong></span> 
     </span>
    </p>
   </div>
   <div class='ocr_carea' id='block_1_2' title="bbox 1088 368 1434 401">
    <p class='ocr_par' dir='ltr' id='par_1_7' title="bbox 1088 368 1434 401">
     <span class='ocr_line' id='line_1_52' title="bbox 1088 368 1434 401; baseline -0.006 -1"><span class='ocrx_word' id='word_1_287' title='bbox 1088 369 1349 401; x_wconf 78' lang='lat' dir='ltr'><strong>VARm-RUM</strong></span> <span class='ocrx_word' id='word_1_288' title='bbox 1383 368 1434 399; x_wconf 78' lang='lat' dir='ltr'><strong>IN</strong></span> 
     </span>
    </p>
   </div>
   <div class='ocr_carea' id='block_1_3' title="bbox 1199 465 1906 2976">
    <p class='ocr_par' dir='ltr' id='par_1_8' title="bbox 1202 465 1906 1400">
     <span class='ocr_line' id='line_1_53' title="bbox 1248 465 1903 508; baseline 0.002 -11"><span class='ocrx_word' id='word_1_289' title='bbox 1248 466 1381 507; x_wconf 80' lang='lat' dir='ltr'><strong>AEgeas]</strong></span> <span class='ocrx_word' id='word_1_290' title='bbox 1405 467 1414 484; x_wconf 87' lang='lat'>‘</span> <span class='ocrx_word' id='word_1_291' title='bbox 1429 467 1531 508; x_wconf 84' lang='lat' dir='ltr'><strong>AEgas</strong></span> <span class='ocrx_word' id='word_1_292' title='bbox 1546 466 1554 481; x_wconf 91' lang='lat'>’</span> <span class='ocrx_word' id='word_1_293' title='bbox 1571 470 1669 499; x_wconf 81' lang='lat' dir='ltr'><strong>vocat</strong></span> <span class='ocrx_word' id='word_1_294' title='bbox 1685 467 1771 499; x_wconf 89' lang='lat' dir='ltr'><strong>Plln.</strong></span> <span class='ocrx_word' id='word_1_295' title='bbox 1787 475 1838 499; x_wconf 78' lang='grc' dir='ltr'><strong>ιν.</strong></span> <span class='ocrx_word' id='word_1_296' title='bbox 1857 465 1903 498; x_wconf 89' lang='lat' dir='ltr'><strong>N.</strong></span> 
     </span>
     <span class='ocr_line' id='line_1_54' title="bbox 1206 515 1903 558; baseline 0 -11"><span class='ocrx_word' id='word_1_297' title='bbox 1206 515 1252 547; x_wconf 90' lang='lat' dir='ltr'><strong>H.</strong></span> <span class='ocrx_word' id='word_1_298' title='bbox 1270 519 1300 548; x_wconf 90' lang='lat'><strong>9.</strong></span> <span class='ocrx_word' id='word_1_299' title='bbox 1324 522 1359 547; x_wconf 89' lang='lat' dir='ltr'><strong>et</strong></span> <span class='ocrx_word' id='word_1_300' title='bbox 1382 517 1486 548; x_wconf 89' lang='lat' dir='ltr'><strong>Solin.</strong></span> <span class='ocrx_word' id='word_1_301' title='bbox 1512 527 1587 558; x_wconf 84' lang='lat' dir='ltr'><strong>cap.</strong></span> <span class='ocrx_word' id='word_1_302' title='bbox 1611 521 1641 549; x_wconf 85' lang='lat'><strong>9.</strong></span> <span class='ocrx_word' id='word_1_303' title='bbox 1674 518 1821 548; x_wconf 73' lang='lat' dir='ltr'><strong>Ptolem.</strong></span> <span class='ocrx_word' id='word_1_304' title='bbox 1847 525 1903 548; x_wconf 85' lang='lat'><strong>111.</strong></span> 
     </span>
     <span class='ocr_line' id='line_1_55' title="bbox 1207 565 1903 607; baseline 0.003 -11"><span class='ocrx_word' id='word_1_305' title='bbox 1207 569 1258 597; x_wconf 90' lang='grc'><strong>13.</strong></span> <span class='ocrx_word' id='word_1_306' title='bbox 1282 565 1404 606; x_wconf 72' lang='grc' dir='ltr'><strong>Αἷγαία.</strong></span> <span class='ocrx_word' id='word_1_307' title='bbox 1431 568 1585 607; x_wconf 63' lang='lat' dir='ltr'><strong>Bongam.</strong></span> <span class='ocrx_word' id='word_1_308' title='bbox 1628 569 1770 600; x_wconf 83' lang='lat' dir='ltr'><strong>Salmas.</strong></span> <span class='ocrx_word' id='word_1_309' title='bbox 1786 568 1827 599; x_wconf 86' lang='lat' dir='ltr'><strong>ad</strong></span> <span class='ocrx_word' id='word_1_310' title='bbox 1843 569 1903 599; x_wconf 88' lang='lat' dir='ltr'><strong>So-</strong></span> 
     </span>
     <span class='ocr_line' id='line_1_56' title="bbox 1204 616 1903 657; baseline 0.003 -11"><span class='ocrx_word' id='word_1_311' title='bbox 1204 616 1264 647; x_wconf 83' lang='lat' dir='ltr'><strong>lin.</strong></span> <span class='ocrx_word' id='word_1_312' title='bbox 1282 619 1355 647; x_wconf 88' lang='lat'><strong>156.</strong></span> <span class='ocrx_word' id='word_1_313' title='bbox 1380 616 1422 648; x_wconf 93' lang='lat' dir='ltr'><strong>A.</strong></span> <span class='ocrx_word' id='word_1_314' title='bbox 1440 620 1469 648; x_wconf 89' lang='lat'><strong>1.</strong></span> <span class='ocrx_word' id='word_1_315' title='bbox 1492 617 1608 657; x_wconf 78' lang='lat' dir='ltr'><strong>tradit,</strong></span> <span class='ocrx_word' id='word_1_316' title='bbox 1623 617 1655 648; x_wconf 89' lang='lat' dir='ltr'><strong>in</strong></span> <span class='ocrx_word' id='word_1_317' title='bbox 1678 618 1780 648; x_wconf 86' lang='lat' dir='ltr'><strong>Plinii</strong></span> <span class='ocrx_word' id='word_1_318' title='bbox 1807 617 1903 649; x_wconf 83' lang='lat' dir='ltr'><strong>libris</strong></span> 
     </span>
     <span class='ocr_line' id='line_1_57' title="bbox 1205 665 1904 708; baseline 0.004 -13"><span class='ocrx_word' id='word_1_319' title='bbox 1205 666 1288 696; x_wconf 89' lang='lat' dir='ltr'><strong>Mss.</strong></span> <span class='ocrx_word' id='word_1_320' title='bbox 1305 665 1423 696; x_wconf 88' lang='lat' dir='ltr'><strong>haberi</strong></span> <span class='ocrx_word' id='word_1_321' title='bbox 1442 668 1451 683; x_wconf 81' lang='lat'><strong><em>⁴</em></strong></span> <span class='ocrx_word' id='word_1_322' title='bbox 1472 666 1598 707; x_wconf 80' lang='lat' dir='ltr'><strong>AEgiae‚’</strong></span> <span class='ocrx_word' id='word_1_323' title='bbox 1621 668 1708 708; x_wconf 88' lang='lat' dir='ltr'><strong>quod</strong></span> <span class='ocrx_word' id='word_1_324' title='bbox 1730 672 1780 698; x_wconf 85' lang='lat' dir='ltr'><strong>est</strong></span> <span class='ocrx_word' id='word_1_325' title='bbox 1806 668 1904 698; x_wconf 83' lang='lat' dir='ltr'><strong>Grae-</strong></span> 
     </span>
     <span class='ocr_line' id='line_1_58' title="bbox 1205 716 1903 758; baseline 0.004 -12"><span class='ocrx_word' id='word_1_326' title='bbox 1205 726 1279 747; x_wconf 89' lang='lat' dir='ltr'><strong>cum</strong></span> <span class='ocrx_word' id='word_1_327' title='bbox 1295 716 1433 755; x_wconf 71' lang='grc' dir='ltr'><strong>Αἵγειαιι</strong></span> <span class='ocrx_word' id='word_1_328' title='bbox 1457 727 1532 747; x_wconf 90' lang='lat' dir='ltr'><strong>nam</strong></span> <span class='ocrx_word' id='word_1_329' title='bbox 1549 723 1694 758; x_wconf 86' lang='lat' dir='ltr'><strong>utroque</strong></span> <span class='ocrx_word' id='word_1_330' title='bbox 1710 718 1808 749; x_wconf 91' lang='lat' dir='ltr'><strong>modo</strong></span> <span class='ocrx_word' id='word_1_331' title='bbox 1822 718 1903 757; x_wconf 81' lang='lat' dir='ltr'><strong>dici,</strong></span> 
     </span>
     <span class='ocr_line' id='line_1_59' title="bbox 1205 766 1902 808; baseline 0.001 -11"><span class='ocrx_word' id='word_1_332' title='bbox 1205 771 1240 798; x_wconf 89' lang='lat' dir='ltr'><strong>et</strong></span> <span class='ocrx_word' id='word_1_333' title='bbox 1265 766 1368 806; x_wconf 76' lang='grc' dir='ltr'>Αἰγαὶ,</span> <span class='ocrx_word' id='word_1_334' title='bbox 1389 771 1424 798; x_wconf 92' lang='lat' dir='ltr'><strong>et</strong></span> <span class='ocrx_word' id='word_1_335' title='bbox 1439 768 1564 807; x_wconf 71' lang='grc' dir='ltr'><strong>Αἴγειαι.</strong></span> <span class='ocrx_word' id='word_1_336' title='bbox 1606 768 1726 799; x_wconf 83' lang='lat' dir='ltr'><strong>Latine</strong></span> <span class='ocrx_word' id='word_1_337' title='bbox 1750 768 1759 785; x_wconf 90' lang='lat'>‘</span> <span class='ocrx_word' id='word_1_338' title='bbox 1777 767 1902 808; x_wconf 81' lang='lat' dir='ltr'><strong>AEgiae’</strong></span> 
     </span>
     <span class='ocr_line' id='line_1_60' title="bbox 1205 816 1906 858; baseline 0.001 -11"><span class='ocrx_word' id='word_1_339' title='bbox 1205 817 1258 847; x_wconf 84' lang='lat' dir='ltr'><strong>vel</strong></span> <span class='ocrx_word' id='word_1_340' title='bbox 1273 817 1281 832; x_wconf 90' lang='lat'>‘</span> <span class='ocrx_word' id='word_1_341' title='bbox 1298 816 1436 856; x_wconf 84' lang='lat' dir='ltr'><strong>AEgeae‚&#39;</strong></span> <span class='ocrx_word' id='word_1_342' title='bbox 1454 817 1549 857; x_wconf 82' lang='lat' dir='ltr'><strong>quasi</strong></span> <span class='ocrx_word' id='word_1_343' title='bbox 1565 817 1574 834; x_wconf 86' lang='lat'>‘</span> <span class='ocrx_word' id='word_1_344' title='bbox 1593 816 1787 858; x_wconf 82' lang='lat' dir='ltr'><strong>Caprarias’</strong></span> <span class='ocrx_word' id='word_1_345' title='bbox 1812 817 1906 848; x_wconf 81' lang='lat' dir='ltr'><strong>dixe·</strong></span> 
     </span>
     <span class='ocr_line' id='line_1_61' title="bbox 1204 866 1904 907; baseline 0.001 -11"><span class='ocrx_word' id='word_1_346' title='bbox 1204 867 1271 897; x_wconf 86' lang='lat' dir='ltr'><strong>ris:</strong></span> <span class='ocrx_word' id='word_1_347' title='bbox 1295 871 1331 898; x_wconf 86' lang='lat' dir='ltr'><strong>et</strong></span> <span class='ocrx_word' id='word_1_348' title='bbox 1344 877 1363 897; x_wconf 84' lang='lat' dir='ltr'>a</span> <span class='ocrx_word' id='word_1_349' title='bbox 1380 866 1562 907; x_wconf 82' lang='lat' dir='ltr'><strong>dissyllabo</strong></span> <span class='ocrx_word' id='word_1_350' title='bbox 1580 867 1715 907; x_wconf 86' lang='lat' dir='ltr'><strong>quidem</strong></span> <span class='ocrx_word' id='word_1_351' title='bbox 1732 876 1806 898; x_wconf 85' lang='lat' dir='ltr'><strong>esse</strong></span> <span class='ocrx_word' id='word_1_352' title='bbox 1823 876 1904 907; x_wconf 84' lang='lat' dir='ltr'><strong>gen·</strong></span> 
     </span>
     <span class='ocr_line' id='line_1_62' title="bbox 1206 915 1904 957; baseline -0.003 -9"><span class='ocrx_word' id='word_1_353' title='bbox 1206 916 1265 948; x_wconf 84' lang='lat' dir='ltr'><strong>tile</strong></span> <span class='ocrx_word' id='word_1_354' title='bbox 1277 915 1413 956; x_wconf 75' lang='grc' dir='ltr'><strong>Αἰγαῖος,</strong></span> <span class='ocrx_word' id='word_1_355' title='bbox 1426 927 1445 947; x_wconf 85' lang='lat' dir='ltr'>a</span> <span class='ocrx_word' id='word_1_356' title='bbox 1460 916 1636 957; x_wconf 78' lang='lat' dir='ltr'><strong>trisyllaba</strong></span> <span class='ocrx_word' id='word_1_357' title='bbox 1646 915 1810 955; x_wconf 79' lang='grc' dir='ltr'>Αἷγεάτης,</span> <span class='ocrx_word' id='word_1_358' title='bbox 1823 926 1904 957; x_wconf 88' lang='lat' dir='ltr'><strong>quo-</strong></span> 
     </span>
     <span class='ocr_line' id='line_1_63' title="bbox 1205 966 1905 1006; baseline -0.001 -9"><span class='ocrx_word' id='word_1_359' title='bbox 1205 967 1303 997; x_wconf 86' lang='lat' dir='ltr'><strong>modo</strong></span> <span class='ocrx_word' id='word_1_360' title='bbox 1333 971 1368 997; x_wconf 90' lang='lat' dir='ltr'><strong>et</strong></span> <span class='ocrx_word' id='word_1_361' title='bbox 1397 966 1451 997; x_wconf 88' lang='lat' dir='ltr'><strong>hie</strong></span> <span class='ocrx_word' id='word_1_362' title='bbox 1479 966 1725 1006; x_wconf 83' lang='lat' dir='ltr'><strong>rescripsimus,</strong></span> <span class='ocrx_word' id='word_1_363' title='bbox 1752 967 1905 1006; x_wconf 78' lang='lat' dir='ltr'><strong>AEgeatus</strong></span> 
     </span>
     <span class='ocr_line' id='line_1_64' title="bbox 1203 1014 1904 1057; baseline -0.001 -10"><span class='ocrx_word' id='word_1_364' title='bbox 1203 1017 1385 1057; x_wconf 85' lang='lat' dir='ltr'><strong>(quomodo</strong></span> <span class='ocrx_word' id='word_1_365' title='bbox 1400 1021 1435 1047; x_wconf 84' lang='lat' dir='ltr'><strong>et</strong></span> <span class='ocrx_word' id='word_1_366' title='bbox 1450 1017 1532 1047; x_wconf 88' lang='lat' dir='ltr'><strong>Tac.</strong></span> <span class='ocrx_word' id='word_1_367' title='bbox 1544 1015 1587 1046; x_wconf 88' lang='lat' dir='ltr'><strong>A.</strong></span> <span class='ocrx_word' id='word_1_368' title='bbox 1602 1014 1721 1057; x_wconf 80' lang='lat'><strong>11.47.)</strong></span> <span class='ocrx_word' id='word_1_369' title='bbox 1736 1026 1810 1046; x_wconf 90' lang='lat' dir='ltr'><strong>cum</strong></span> <span class='ocrx_word' id='word_1_370' title='bbox 1827 1016 1904 1046; x_wconf 87' lang='lat' dir='ltr'><strong>hac-</strong></span> 
     </span>
     <span class='ocr_line' id='line_1_65' title="bbox 1204 1067 1902 1107; baseline -0.001 -9"><span class='ocrx_word' id='word_1_371' title='bbox 1204 1072 1303 1098; x_wconf 80' lang='lat' dir='ltr'><strong>tenus</strong></span> <span class='ocrx_word' id='word_1_372' title='bbox 1333 1068 1417 1099; x_wconf 88' lang='lat' dir='ltr'><strong>editi</strong></span> <span class='ocrx_word' id='word_1_373' title='bbox 1450 1077 1539 1098; x_wconf 90' lang='lat' dir='ltr'><strong>omn.</strong></span> <span class='ocrx_word' id='word_1_374' title='bbox 1562 1068 1721 1107; x_wconf 66' lang='lat' dir='ltr'><strong>AEgeazlas</strong></span> <span class='ocrx_word' id='word_1_375' title='bbox 1748 1067 1902 1098; x_wconf 78' lang='lat' dir='ltr'><strong>habeant.</strong></span> 
     </span>
     <span class='ocr_line' id='line_1_66' title="bbox 1204 1116 1904 1158; baseline -0.001 -10"><span class='ocrx_word' id='word_1_376' title='bbox 1204 1118 1386 1148; x_wconf 70' lang='lat' dir='ltr'><strong>Bernoecer.</strong></span> <span class='ocrx_word' id='word_1_377' title='bbox 1410 1117 1629 1158; x_wconf 71' lang='lat' dir='ltr'><strong>Antiquior-es</strong></span> <span class='ocrx_word' id='word_1_378' title='bbox 1645 1116 1735 1157; x_wconf 79' lang='lat' dir='ltr'><strong>typis</strong></span> <span class='ocrx_word' id='word_1_379' title='bbox 1751 1117 1904 1157; x_wconf 83' lang='lat' dir='ltr'><strong>expressi</strong></span> 
     </span>
     <span class='ocr_line' id='line_1_67' title="bbox 1204 1167 1902 1206; baseline 0.001 -9"><span class='ocrx_word' id='word_1_380' title='bbox 1204 1172 1238 1198; x_wconf 90' lang='lat' dir='ltr'><strong>et</strong></span> <span class='ocrx_word' id='word_1_381' title='bbox 1266 1168 1349 1198; x_wconf 83' lang='lat' dir='ltr'><strong>Mss.</strong></span> <span class='ocrx_word' id='word_1_382' title='bbox 1379 1168 1554 1206; x_wconf 78' lang='lat' dir='ltr'><strong>AEgeadas:</strong></span> <span class='ocrx_word' id='word_1_383' title='bbox 1599 1167 1763 1198; x_wconf 88' lang='lat' dir='ltr'><strong>Bernecc.</strong></span> <span class='ocrx_word' id='word_1_384' title='bbox 1788 1172 1902 1198; x_wconf 79' lang='lat' dir='ltr'><strong>tamen</strong></span> 
     </span>
     <span class='ocr_line' id='line_1_68' title="bbox 1203 1217 1903 1256; baseline 0.001 -9"><span class='ocrx_word' id='word_1_385' title='bbox 1203 1217 1322 1248; x_wconf 84' lang='lat' dir='ltr'><strong>maluit</strong></span> <span class='ocrx_word' id='word_1_386' title='bbox 1351 1219 1512 1256; x_wconf 82' lang='lat' dir='ltr'><strong>AEgeatas.</strong></span> <span class='ocrx_word' id='word_1_387' title='bbox 1569 1217 1636 1248; x_wconf 87' lang='lat' dir='ltr'><strong>Sed</strong></span> <span class='ocrx_word' id='word_1_388' title='bbox 1666 1222 1798 1248; x_wconf 88' lang='lat' dir='ltr'><strong>rectum</strong></span> <span class='ocrx_word' id='word_1_389' title='bbox 1829 1226 1903 1248; x_wconf 85' lang='lat' dir='ltr'><strong>esse</strong></span> 
     </span>
     <span class='ocr_line' id='line_1_69' title="bbox 1203 1260 1902 1309; baseline -0.001 -10"><span class='ocrx_word' id='word_1_390' title='bbox 1203 1270 1372 1308; x_wconf 80' lang='lat' dir='ltr'><strong>AEgeadas,</strong></span> <span class='ocrx_word' id='word_1_391' title='bbox 1388 1269 1488 1309; x_wconf 88' lang='lat' dir='ltr'><strong>idque</strong></span> <span class='ocrx_word' id='word_1_392' title='bbox 1505 1260 1653 1300; x_wconf 76' lang='lat' dir='ltr'><strong>dialecto</strong></span> <span class='ocrx_word' id='word_1_393' title='bbox 1675 1268 1902 1299; x_wconf 82' lang='lat' dir='ltr'><strong>Macedonica</strong></span> 
     </span>
     <span class='ocr_line' id='line_1_70' title="bbox 1203 1318 1902 1360; baseline -0.003 -10"><span class='ocrx_word' id='word_1_394' title='bbox 1203 1319 1269 1350; x_wconf 89' lang='lat' dir='ltr'><strong>dici</strong></span> <span class='ocrx_word' id='word_1_395' title='bbox 1285 1330 1346 1360; x_wconf 85' lang='lat' dir='ltr'><strong>pro</strong></span> <span class='ocrx_word' id='word_1_396' title='bbox 1363 1321 1524 1358; x_wconf 78' lang='lat' dir='ltr'><strong>AEgeatas,</strong></span> <span class='ocrx_word' id='word_1_397' title='bbox 1550 1319 1654 1350; x_wconf 88' lang='lat' dir='ltr'><strong>docet</strong></span> <span class='ocrx_word' id='word_1_398' title='bbox 1677 1319 1724 1350; x_wconf 84' lang='lat' dir='ltr'><strong>Is.</strong></span> <span class='ocrx_word' id='word_1_399' title='bbox 1747 1319 1845 1350; x_wconf 88' lang='lat' dir='ltr'><strong>Voss.</strong></span> <span class='ocrx_word' id='word_1_400' title='bbox 1868 1318 1902 1349; x_wconf 84' lang='lat' dir='ltr'><strong>in</strong></span> 
     </span>
     <span class='ocr_line' id='line_1_71' title="bbox 1202 1369 1624 1400; baseline -0.002 0"><span class='ocrx_word' id='word_1_401' title='bbox 1202 1369 1304 1400; x_wconf 86' lang='lat' dir='ltr'><strong>Notis</strong></span> <span class='ocrx_word' id='word_1_402' title='bbox 1320 1369 1361 1399; x_wconf 88' lang='lat' dir='ltr'><strong>ad</strong></span> <span class='ocrx_word' id='word_1_403' title='bbox 1378 1370 1517 1399; x_wconf 69' lang='lat' dir='ltr'><strong>Melam.</strong></span> <span class='ocrx_word' id='word_1_404' title='bbox 1552 1369 1624 1400; x_wconf 81' lang='lat' dir='ltr'><strong>Vor.</strong></span> 
     </span>
    </p>

    <p class='ocr_par' dir='ltr' id='par_1_9' title="bbox 1200 1417 1904 2220">
     <span class='ocr_line' id='line_1_72' title="bbox 1245 1417 1902 1460; baseline -0.003 -10"><span class='ocrx_word' id='word_1_405' title='bbox 1245 1420 1317 1460; x_wconf 70' lang='lat' dir='ltr'><strong>§ll</strong></span> <span class='ocrx_word' id='word_1_406' title='bbox 1343 1420 1439 1450; x_wconf 81' lang='lat' dir='ltr'><strong>Pulso</strong></span> <span class='ocrx_word' id='word_1_407' title='bbox 1464 1419 1573 1449; x_wconf 76' lang='lat' dir='ltr'><strong>deinde</strong></span> <span class='ocrx_word' id='word_1_408' title='bbox 1599 1419 1702 1457; x_wconf 80' lang='lat' dir='ltr'><strong>Mida,</strong></span> <span class='ocrx_word' id='word_1_409' title='bbox 1726 1427 1808 1456; x_wconf 82' lang='lat' dir='ltr'><strong>nam,</strong></span> <span class='ocrx_word' id='word_1_410' title='bbox 1831 1417 1902 1458; x_wconf 57' lang='lat' dir='ltr'><strong>Esca]</strong></span> 
     </span>
     <span class='ocr_line' id='line_1_73' title="bbox 1203 1467 1903 1508; baseline -0.001 -9"><span class='ocrx_word' id='word_1_411' title='bbox 1203 1469 1391 1508; x_wconf 85' lang='lat' dir='ltr'><strong>Brygorum</strong></span> <span class='ocrx_word' id='word_1_412' title='bbox 1411 1468 1538 1499; x_wconf 81' lang='lat' dir='ltr'><strong>Midam</strong></span> <span class='ocrx_word' id='word_1_413' title='bbox 1552 1478 1666 1508; x_wconf 85' lang='lat' dir='ltr'><strong>regem</strong></span> <span class='ocrx_word' id='word_1_414' title='bbox 1678 1467 1781 1498; x_wconf 84' lang='lat' dir='ltr'><strong>fuisse</strong></span> <span class='ocrx_word' id='word_1_415' title='bbox 1801 1472 1903 1498; x_wconf 81' lang='lat' dir='ltr'><strong>testa-</strong></span> 
     </span>
     <span class='ocr_line' id='line_1_74' title="bbox 1204 1517 1903 1560; baseline -0.003 -10"><span class='ocrx_word' id='word_1_416' title='bbox 1204 1524 1259 1550; x_wconf 84' lang='lat' dir='ltr'><strong>tur</strong></span> <span class='ocrx_word' id='word_1_417' title='bbox 1283 1520 1411 1550; x_wconf 84' lang='lat' dir='ltr'><strong>Herod.</strong></span> <span class='ocrx_word' id='word_1_418' title='bbox 1446 1519 1557 1560; x_wconf 71' lang='grc' dir='ltr'>Βρύγοι</span> <span class='ocrx_word' id='word_1_419' title='bbox 1581 1525 1707 1558; x_wconf 83' lang='lat' dir='ltr'><strong>autem,</strong></span> <span class='ocrx_word' id='word_1_420' title='bbox 1722 1523 1758 1550; x_wconf 86' lang='lat' dir='ltr'><strong>et</strong></span> <span class='ocrx_word' id='word_1_421' title='bbox 1778 1517 1903 1558; x_wconf 72' lang='lat' dir='ltr'><strong>Bpr&#39;fyes,</strong></span> 
     </span>
     <span class='ocr_line' id='line_1_75' title="bbox 1205 1568 1904 1611; baseline -0.001 -11"><span class='ocrx_word' id='word_1_422' title='bbox 1205 1575 1240 1601; x_wconf 90' lang='lat' dir='ltr'><strong>et</strong></span> <span class='ocrx_word' id='word_1_423' title='bbox 1255 1569 1466 1611; x_wconf 71' lang='grc' dir='ltr'><strong>Φρύγες,ειιηῑ</strong></span> <span class='ocrx_word' id='word_1_424' title='bbox 1483 1571 1541 1602; x_wconf 83' lang='lat' dir='ltr'><strong>iid.</strong></span> <span class='ocrx_word' id='word_1_425' title='bbox 1556 1570 1679 1601; x_wconf 90' lang='lat' dir='ltr'><strong>Strabo</strong></span> <span class='ocrx_word' id='word_1_426' title='bbox 1694 1578 1761 1600; x_wconf 78' lang='grc' dir='ltr'><strong>ΧΠ.</strong></span> <span class='ocrx_word' id='word_1_427' title='bbox 1777 1568 1904 1608; x_wconf 83' lang='grc' dir='ltr'>Ὁμοίως</span> 
     </span>
     <span class='ocr_line' id='line_1_76' title="bbox 1204 1618 1902 1662; baseline -0.003 -10"><span class='ocrx_word' id='word_1_428' title='bbox 1204 1620 1236 1652; x_wconf 80' lang='grc' dir='ltr'><strong>δὲ</strong></span> <span class='ocrx_word' id='word_1_429' title='bbox 1251 1621 1301 1652; x_wconf 78' lang='grc' dir='ltr'><strong>καὶ</strong></span> <span class='ocrx_word' id='word_1_430' title='bbox 1317 1620 1439 1662; x_wconf 79' lang='grc' dir='ltr'>Βρύγοι,</span> <span class='ocrx_word' id='word_1_431' title='bbox 1453 1621 1504 1652; x_wconf 80' lang='grc' dir='ltr'><strong>καὶ</strong></span> <span class='ocrx_word' id='word_1_432' title='bbox 1526 1620 1651 1662; x_wconf 78' lang='grc' dir='ltr'>Βρύγες,</span> <span class='ocrx_word' id='word_1_433' title='bbox 1666 1619 1716 1651; x_wconf 81' lang='grc' dir='ltr'><strong>καὶ</strong></span> <span class='ocrx_word' id='word_1_434' title='bbox 1731 1618 1856 1660; x_wconf 78' lang='grc' dir='ltr'>Φρύγες,</span> <span class='ocrx_word' id='word_1_435' title='bbox 1873 1619 1902 1650; x_wconf 78' lang='grc' dir='ltr'><strong>οἳ</strong></span> 
     </span>
     <span class='ocr_line' id='line_1_77' title="bbox 1203 1669 1903 1713; baseline 0 -11"><span class='ocrx_word' id='word_1_436' title='bbox 1203 1671 1300 1703; x_wconf 78' lang='grc' dir='ltr'><strong>αὐτοί.</strong></span> <span class='ocrx_word' id='word_1_437' title='bbox 1338 1672 1431 1702; x_wconf 86' lang='lat' dir='ltr'><strong>Male</strong></span> <span class='ocrx_word' id='word_1_438' title='bbox 1457 1673 1556 1713; x_wconf 84' lang='lat' dir='ltr'><strong>vulgo</strong></span> <span class='ocrx_word' id='word_1_439' title='bbox 1584 1670 1691 1712; x_wconf 75' lang='grc' dir='ltr'>Βρέγοι</span> <span class='ocrx_word' id='word_1_440' title='bbox 1717 1675 1753 1701; x_wconf 89' lang='lat' dir='ltr'><strong>et</strong></span> <span class='ocrx_word' id='word_1_441' title='bbox 1779 1669 1903 1711; x_wconf 75' lang='grc' dir='ltr'><strong>Βρέγες.</strong></span> 
     </span>
     <span class='ocr_line' id='line_1_78' title="bbox 1202 1721 1902 1764; baseline -0.003 -10"><span class='ocrx_word' id='word_1_442' title='bbox 1202 1723 1281 1754; x_wconf 83' lang='lat' dir='ltr'><strong>vid.</strong></span> <span class='ocrx_word' id='word_1_443' title='bbox 1321 1733 1454 1764; x_wconf 83' lang='lat' dir='ltr'><strong>quoque</strong></span> <span class='ocrx_word' id='word_1_444' title='bbox 1489 1723 1645 1754; x_wconf 75' lang='lat' dir='ltr'><strong>Eustath.</strong></span> <span class='ocrx_word' id='word_1_445' title='bbox 1681 1721 1724 1753; x_wconf 88' lang='lat' dir='ltr'><strong>ad</strong></span> <span class='ocrx_word' id='word_1_446' title='bbox 1756 1722 1902 1762; x_wconf 82' lang='lat' dir='ltr'><strong>Dionys.</strong></span> 
     </span>
     <span class='ocr_line' id='line_1_79' title="bbox 1203 1771 1902 1813; baseline -0.003 -9"><span class='ocrx_word' id='word_1_447' title='bbox 1203 1773 1409 1804; x_wconf 80' lang='lat' dir='ltr'><strong>Macedones</strong></span> <span class='ocrx_word' id='word_1_448' title='bbox 1438 1773 1526 1804; x_wconf 89' lang='lat' dir='ltr'><strong>enim</strong></span> <span class='ocrx_word' id='word_1_449' title='bbox 1555 1771 1593 1803; x_wconf 78' lang='grc' dir='ltr'><strong>τὸ</strong></span> <span class='ocrx_word' id='word_1_450' title='bbox 1616 1779 1640 1813; x_wconf 85' lang='grc' dir='ltr'><em>φ</em></span> <span class='ocrx_word' id='word_1_451' title='bbox 1665 1776 1798 1803; x_wconf 81' lang='lat' dir='ltr'><strong>mutant</strong></span> <span class='ocrx_word' id='word_1_452' title='bbox 1819 1772 1850 1802; x_wconf 92' lang='lat' dir='ltr'><strong>in</strong></span> <span class='ocrx_word' id='word_1_453' title='bbox 1868 1773 1902 1809; x_wconf 84' lang='grc' dir='ltr'><strong>β.</strong></span> 
     </span>
     <span class='ocr_line' id='line_1_80' title="bbox 1204 1822 1902 1864; baseline -0.003 -10"><span class='ocrx_word' id='word_1_454' title='bbox 1204 1824 1281 1855; x_wconf 90' lang='lat' dir='ltr'><strong>Non</strong></span> <span class='ocrx_word' id='word_1_455' title='bbox 1298 1828 1408 1854; x_wconf 83' lang='lat' dir='ltr'><strong>autem</strong></span> <span class='ocrx_word' id='word_1_456' title='bbox 1426 1824 1556 1864; x_wconf 89' lang='lat' dir='ltr'><strong>pulsum</strong></span> <span class='ocrx_word' id='word_1_457' title='bbox 1574 1832 1647 1854; x_wconf 87' lang='lat' dir='ltr'><strong>esse</strong></span> <span class='ocrx_word' id='word_1_458' title='bbox 1664 1822 1866 1853; x_wconf 85' lang='lat' dir='ltr'><strong>Macedonia</strong></span> <span class='ocrx_word' id='word_1_459' title='bbox 1881 1831 1902 1852; x_wconf 88' lang='lat' dir='ltr'>a</span> 
     </span>
     <span class='ocr_line' id='line_1_81' title="bbox 1203 1874 1901 1916; baseline -0.004 -9"><span class='ocrx_word' id='word_1_460' title='bbox 1203 1877 1348 1914; x_wconf 84' lang='lat' dir='ltr'><strong>Carano,</strong></span> <span class='ocrx_word' id='word_1_461' title='bbox 1372 1876 1488 1907; x_wconf 88' lang='lat' dir='ltr'><strong>Conon</strong></span> <span class='ocrx_word' id='word_1_462' title='bbox 1505 1885 1558 1916; x_wconf 91' lang='lat' dir='ltr'><strong>ap.</strong></span> <span class='ocrx_word' id='word_1_463' title='bbox 1575 1876 1675 1906; x_wconf 87' lang='lat' dir='ltr'><strong>Phot.</strong></span> <span class='ocrx_word' id='word_1_464' title='bbox 1689 1874 1811 1915; x_wconf 87' lang='lat' dir='ltr'><strong>inquit,</strong></span> <span class='ocrx_word' id='word_1_465' title='bbox 1827 1874 1901 1913; x_wconf 86' lang='lat' dir='ltr'><strong>sed,</strong></span> 
     </span>
     <span class='ocr_line' id='line_1_82' title="bbox 1201 1924 1902 1966; baseline -0.004 -8"><span class='ocrx_word' id='word_1_466' title='bbox 1201 1927 1280 1958; x_wconf 82' lang='grc' dir='ltr'>ὅπως</span> <span class='ocrx_word' id='word_1_467' title='bbox 1303 1928 1384 1966; x_wconf 79' lang='grc' dir='ltr'>αὐτῷ</span> <span class='ocrx_word' id='word_1_468' title='bbox 1407 1926 1520 1966; x_wconf 75' lang='grc' dir='ltr'>χρυσὸς</span> <span class='ocrx_word' id='word_1_469' title='bbox 1534 1926 1654 1965; x_wconf 78' lang='grc' dir='ltr'>ἐγίνετο</span> <span class='ocrx_word' id='word_1_470' title='bbox 1676 1925 1716 1956; x_wconf 83' lang='grc' dir='ltr'><strong>τὰ</strong></span> <span class='ocrx_word' id='word_1_471' title='bbox 1731 1924 1772 1956; x_wconf 84' lang='grc' dir='ltr'><strong>εἷς</strong></span> <span class='ocrx_word' id='word_1_472' title='bbox 1786 1924 1902 1966; x_wconf 83' lang='grc' dir='ltr'>τροφὴν</span> 
     </span>
     <span class='ocr_line' id='line_1_83' title="bbox 1200 1975 1903 2018; baseline -0.003 -10"><span class='ocrx_word' id='word_1_473' title='bbox 1200 1977 1390 2018; x_wconf 83' lang='grc' dir='ltr'>παραθέμενα</span> <span class='ocrx_word' id='word_1_474' title='bbox 1416 1976 1547 2016; x_wconf 81' lang='grc' dir='ltr'>ἅπαντα,</span> <span class='ocrx_word' id='word_1_475' title='bbox 1568 1976 1619 2007; x_wconf 84' lang='grc' dir='ltr'><strong>καὶ</strong></span> <span class='ocrx_word' id='word_1_476' title='bbox 1640 1977 1691 2015; x_wconf 85' lang='grc' dir='ltr'><strong>ὡς,</strong></span> <span class='ocrx_word' id='word_1_477' title='bbox 1716 1975 1763 2006; x_wconf 81' lang='grc' dir='ltr'><strong>διὰ</strong></span> <span class='ocrx_word' id='word_1_478' title='bbox 1785 1975 1903 2006; x_wconf 82' lang='grc' dir='ltr'>τούτων</span> 
     </span>
     <span class='ocr_line' id='line_1_84' title="bbox 1200 2026 1901 2068; baseline -0.004 -9"><span class='ocrx_word' id='word_1_479' title='bbox 1200 2028 1307 2060; x_wconf 80' lang='grc' dir='ltr'>πείσας</span> <span class='ocrx_word' id='word_1_480' title='bbox 1321 2029 1357 2059; x_wconf 81' lang='grc' dir='ltr'><strong>τὸ</strong></span> <span class='ocrx_word' id='word_1_481' title='bbox 1373 2027 1502 2065; x_wconf 82' lang='grc' dir='ltr'>ὑπήκοον</span> <span class='ocrx_word' id='word_1_482' title='bbox 1523 2028 1576 2058; x_wconf 82' lang='grc' dir='ltr'><strong>ἀπ’</strong></span> <span class='ocrx_word' id='word_1_483' title='bbox 1599 2026 1740 2068; x_wconf 76' lang='grc' dir='ltr'>Εὐρώπης</span> <span class='ocrx_word' id='word_1_484' title='bbox 1763 2027 1901 2063; x_wconf 80' lang='grc' dir='ltr'>διαβῆναι</span> 
     </span>
     <span class='ocr_line' id='line_1_85' title="bbox 1200 2076 1902 2118; baseline -0.006 -8"><span class='ocrx_word' id='word_1_485' title='bbox 1200 2079 1255 2110; x_wconf 78' lang='grc' dir='ltr'><strong>τὸν</strong></span> <span class='ocrx_word' id='word_1_486' title='bbox 1279 2078 1523 2118; x_wconf 79' lang='grc' dir='ltr'>Ἑλλήσποντον,</span> <span class='ocrx_word' id='word_1_487' title='bbox 1548 2076 1621 2118; x_wconf 81' lang='grc' dir='ltr'>ὑπὲρ</span> <span class='ocrx_word' id='word_1_488' title='bbox 1644 2076 1765 2108; x_wconf 81' lang='grc' dir='ltr'>Μυσίαν</span> <span class='ocrx_word' id='word_1_489' title='bbox 1789 2076 1902 2118; x_wconf 76' lang='grc' dir='ltr'>ᾤκησε,</span> 
     </span>
     <span class='ocr_line' id='line_1_86' title="bbox 1200 2127 1902 2171; baseline -0.003 -11"><span class='ocrx_word' id='word_1_490' title='bbox 1200 2129 1320 2171; x_wconf 82' lang='grc' dir='ltr'>Φρύγας</span> <span class='ocrx_word' id='word_1_491' title='bbox 1342 2128 1410 2160; x_wconf 77' lang='grc' dir='ltr'><strong>ἀντὶ</strong></span> <span class='ocrx_word' id='word_1_492' title='bbox 1436 2128 1558 2170; x_wconf 81' lang='grc' dir='ltr'><em>Βρὺγων</em></span> <span class='ocrx_word' id='word_1_493' title='bbox 1577 2127 1681 2169; x_wconf 85' lang='grc' dir='ltr'>βραχύ</span> <span class='ocrx_word' id='word_1_494' title='bbox 1695 2140 1726 2158; x_wconf 77' lang='grc' dir='ltr'><strong>τι</strong></span> <span class='ocrx_word' id='word_1_495' title='bbox 1740 2134 1902 2168; x_wconf 80' lang='grc' dir='ltr'>παραλλα·</span> 
     </span>
     <span class='ocr_line' id='line_1_87' title="bbox 1200 2177 1900 2220; baseline -0.004 -8"><span class='ocrx_word' id='word_1_496' title='bbox 1200 2182 1306 2220; x_wconf 67' lang='lat' dir='ltr'><strong>&#39;yda-ns</strong></span> <span class='ocrx_word' id='word_1_497' title='bbox 1317 2182 1373 2218; x_wconf 83' lang='grc' dir='ltr'><strong>τῆς</strong></span> <span class='ocrx_word' id='word_1_498' title='bbox 1386 2179 1495 2219; x_wconf 83' lang='grc' dir='ltr'>λέξεως</span> <span class='ocrx_word' id='word_1_499' title='bbox 1509 2177 1800 2218; x_wconf 84' lang='grc' dir='ltr'>μετονομασθέντας.</span> <span class='ocrx_word' id='word_1_500' title='bbox 1829 2179 1900 2210; x_wconf 87' lang='lat' dir='ltr'><strong>Vos.</strong></span> 
     </span>
    </p>

    <p class='ocr_par' dir='ltr' id='par_1_10' title="bbox 1199 2229 1902 2820">
     <span class='ocr_line' id='line_1_88' title="bbox 1243 2229 1902 2271; baseline -0.003 -10"><span class='ocrx_word' id='word_1_501' title='bbox 1243 2231 1364 2271; x_wconf 83' lang='lat' dir='ltr'><strong>Pulsis]</strong></span> <span class='ocrx_word' id='word_1_502' title='bbox 1389 2230 1576 2261; x_wconf 88' lang='lat' dir='ltr'><strong>Abundare</strong></span> <span class='ocrx_word' id='word_1_503' title='bbox 1592 2230 1739 2261; x_wconf 88' lang='lat' dir='ltr'><strong>videtur.</strong></span> <span class='ocrx_word' id='word_1_504' title='bbox 1766 2229 1902 2260; x_wconf 79' lang='lat' dir='ltr'><strong>Bernec-</strong></span> 
     </span>
     <span class='ocr_line' id='line_1_89' title="bbox 1200 2279 1901 2321; baseline -0.004 -9"><span class='ocrx_word' id='word_1_505' title='bbox 1200 2291 1261 2312; x_wconf 76' lang='lat' dir='ltr'><strong>cer.</strong></span> <span class='ocrx_word' id='word_1_506' title='bbox 1293 2282 1461 2312; x_wconf 87' lang='lat' dir='ltr'><strong>Bernecc.</strong></span> <span class='ocrx_word' id='word_1_507' title='bbox 1477 2284 1577 2321; x_wconf 79' lang='lat' dir='ltr'><strong>putat</strong></span> <span class='ocrx_word' id='word_1_508' title='bbox 1596 2280 1660 2310; x_wconf 90' lang='lat' dir='ltr'><strong>hoc</strong></span> <span class='ocrx_word' id='word_1_509' title='bbox 1683 2279 1782 2319; x_wconf 80' lang='lat' dir='ltr'><strong>pulsis</strong></span> <span class='ocrx_word' id='word_1_510' title='bbox 1797 2279 1901 2310; x_wconf 92' lang='lat' dir='ltr'>abun-</span> 
     </span>
     <span class='ocr_line' id='line_1_90' title="bbox 1202 2329 1900 2371; baseline 0 -10"><span class='ocrx_word' id='word_1_511' title='bbox 1202 2331 1296 2369; x_wconf 81' lang='lat' dir='ltr'><strong>dare,</strong></span> <span class='ocrx_word' id='word_1_512' title='bbox 1311 2331 1466 2371; x_wconf 87' lang='lat' dir='ltr'><strong>quoniam</strong></span> <span class='ocrx_word' id='word_1_513' title='bbox 1496 2329 1662 2370; x_wconf 76' lang='lat' dir='ltr'><strong>praecedit</strong></span> <span class='ocrx_word' id='word_1_514' title='bbox 1687 2330 1696 2347; x_wconf 87' lang='lat'>‘</span> <span class='ocrx_word' id='word_1_515' title='bbox 1715 2329 1818 2360; x_wconf 77' lang='lat' dir='ltr'><strong>Pulso</strong></span> <span class='ocrx_word' id='word_1_516' title='bbox 1845 2329 1900 2361; x_wconf 88' lang='lat' dir='ltr'><strong>de·</strong></span> 
     </span>
     <span class='ocr_line' id='line_1_91' title="bbox 1202 2380 1901 2420; baseline -0.001 -8"><span class='ocrx_word' id='word_1_517' title='bbox 1202 2381 1280 2412; x_wconf 87' lang='lat' dir='ltr'><strong>inde</strong></span> <span class='ocrx_word' id='word_1_518' title='bbox 1294 2380 1412 2411; x_wconf 63' lang='lat' dir='ltr'><strong>Mida!</strong></span> <span class='ocrx_word' id='word_1_519' title='bbox 1445 2380 1511 2411; x_wconf 89' lang='lat' dir='ltr'><strong>Sed</strong></span> <span class='ocrx_word' id='word_1_520' title='bbox 1527 2380 1589 2410; x_wconf 86' lang='lat' dir='ltr'><strong>hoc</strong></span> <span class='ocrx_word' id='word_1_521' title='bbox 1602 2380 1699 2420; x_wconf 80' lang='lat' dir='ltr'><strong>pulsis</strong></span> <span class='ocrx_word' id='word_1_522' title='bbox 1714 2384 1901 2420; x_wconf 78' lang='lat' dir='ltr'><strong>agnoscunt</strong></span> 
     </span>
     <span class='ocr_line' id='line_1_92' title="bbox 1201 2429 1900 2470; baseline -0.004 -8"><span class='ocrx_word' id='word_1_523' title='bbox 1201 2432 1284 2463; x_wconf 91' lang='lat' dir='ltr'><strong>Mss.</strong></span> <span class='ocrx_word' id='word_1_524' title='bbox 1297 2441 1363 2461; x_wconf 92' lang='lat' dir='ltr'><strong>non</strong></span> <span class='ocrx_word' id='word_1_525' title='bbox 1380 2431 1459 2461; x_wconf 89' lang='lat' dir='ltr'><strong>item</strong></span> <span class='ocrx_word' id='word_1_526' title='bbox 1477 2430 1619 2460; x_wconf 75' lang='lat' dir='ltr'><strong>alterum</strong></span> <span class='ocrx_word' id='word_1_527' title='bbox 1638 2430 1741 2460; x_wconf 83' lang='lat' dir='ltr'><strong>Pulso.</strong></span> <span class='ocrx_word' id='word_1_528' title='bbox 1777 2429 1900 2470; x_wconf 80' lang='lat' dir='ltr'><strong>ltaque</strong></span> 
     </span>
     <span class='ocr_line' id='line_1_93' title="bbox 1202 2478 1900 2521; baseline -0.003 -9"><span class='ocrx_word' id='word_1_529' title='bbox 1202 2481 1283 2512; x_wconf 84' lang='lat' dir='ltr'><strong>illud</strong></span> <span class='ocrx_word' id='word_1_530' title='bbox 1301 2481 1413 2521; x_wconf 90' lang='lat' dir='ltr'><strong>potius</strong></span> <span class='ocrx_word' id='word_1_531' title='bbox 1424 2478 1560 2510; x_wconf 76' lang='lat' dir='ltr'><strong>delenti.</strong></span> <span class='ocrx_word' id='word_1_532' title='bbox 1585 2478 1687 2516; x_wconf 83' lang='lat' dir='ltr'><strong>Sches.</strong></span> <span class='ocrx_word' id='word_1_533' title='bbox 1722 2478 1900 2519; x_wconf 78' lang='lat' dir='ltr'><strong>Angl.hoc</strong></span> 
     </span>
     <span class='ocr_line' id='line_1_94' title="bbox 1199 2528 1902 2572; baseline -0.003 -11"><span class='ocrx_word' id='word_1_534' title='bbox 1199 2531 1296 2572; x_wconf 79' lang='lat' dir='ltr'><strong>pulsis</strong></span> <span class='ocrx_word' id='word_1_535' title='bbox 1310 2540 1377 2561; x_wconf 89' lang='lat' dir='ltr'><strong>non</strong></span> <span class='ocrx_word' id='word_1_536' title='bbox 1394 2529 1562 2570; x_wconf 83' lang='lat' dir='ltr'><strong>agnoscit.</strong></span> <span class='ocrx_word' id='word_1_537' title='bbox 1608 2528 1689 2560; x_wconf 89' lang='lat' dir='ltr'><strong>Itid.</strong></span> <span class='ocrx_word' id='word_1_538' title='bbox 1705 2528 1804 2567; x_wconf 81' lang='lat' dir='ltr'><strong>bene,</strong></span> <span class='ocrx_word' id='word_1_539' title='bbox 1819 2538 1902 2570; x_wconf 91' lang='lat' dir='ltr'><strong>quo-</strong></span> 
     </span>
     <span class='ocr_line' id='line_1_95' title="bbox 1201 2579 1901 2621; baseline -0.004 -9"><span class='ocrx_word' id='word_1_540' title='bbox 1201 2582 1290 2612; x_wconf 89' lang='lat' dir='ltr'><strong>niam</strong></span> <span class='ocrx_word' id='word_1_541' title='bbox 1316 2580 1468 2621; x_wconf 81' lang='lat' dir='ltr'><strong>proxime</strong></span> <span class='ocrx_word' id='word_1_542' title='bbox 1493 2579 1669 2619; x_wconf 78' lang='lat' dir='ltr'><strong>praecessit</strong></span> <span class='ocrx_word' id='word_1_543' title='bbox 1695 2579 1820 2610; x_wconf 85' lang='lat' dir='ltr'><strong>‘Pulso</strong></span> <span class='ocrx_word' id='word_1_544' title='bbox 1842 2579 1901 2609; x_wconf 87' lang='lat' dir='ltr'><strong>de-</strong></span> 
     </span>
     <span class='ocr_line' id='line_1_96' title="bbox 1202 2629 1900 2669; baseline -0.003 -6"><span class='ocrx_word' id='word_1_545' title='bbox 1202 2631 1279 2663; x_wconf 90' lang='lat' dir='ltr'><strong>inde</strong></span> <span class='ocrx_word' id='word_1_546' title='bbox 1303 2629 1423 2662; x_wconf 65' lang='lat' dir='ltr'><strong>Mida!</strong></span> <span class='ocrx_word' id='word_1_547' title='bbox 1448 2630 1545 2660; x_wconf 84' lang='lat' dir='ltr'><strong>Idem.</strong></span> <span class='ocrx_word' id='word_1_548' title='bbox 1588 2629 1645 2659; x_wconf 90' lang='lat' dir='ltr'><strong>Sic</strong></span> <span class='ocrx_word' id='word_1_549' title='bbox 1661 2629 1797 2669; x_wconf 87' lang='lat' dir='ltr'><strong>quidem</strong></span> <span class='ocrx_word' id='word_1_550' title='bbox 1815 2638 1900 2661; x_wconf 83' lang='lat' dir='ltr'><strong>unus</strong></span> 
     </span>
     <span class='ocr_line' id='line_1_97' title="bbox 1201 2679 1899 2721; baseline -0.004 -7"><span class='ocrx_word' id='word_1_551' title='bbox 1201 2682 1276 2714; x_wconf 88' lang='lat' dir='ltr'><strong>cod.</strong></span> <span class='ocrx_word' id='word_1_552' title='bbox 1306 2681 1408 2721; x_wconf 80' lang='lat' dir='ltr'><strong>Angl.</strong></span> <span class='ocrx_word' id='word_1_553' title='bbox 1434 2679 1539 2711; x_wconf 84' lang='lat' dir='ltr'><strong>ceteri</strong></span> <span class='ocrx_word' id='word_1_554' title='bbox 1564 2682 1676 2710; x_wconf 82' lang='lat' dir='ltr'><strong>tamen</strong></span> <span class='ocrx_word' id='word_1_555' title='bbox 1702 2688 1777 2710; x_wconf 90' lang='lat' dir='ltr'><strong>cum</strong></span> <span class='ocrx_word' id='word_1_556' title='bbox 1801 2679 1899 2711; x_wconf 80' lang='lat' dir='ltr'><strong>Junt.</strong></span> 
     </span>
     <span class='ocr_line' id='line_1_98' title="bbox 1201 2729 1899 2773; baseline -0.007 -9"><span class='ocrx_word' id='word_1_557' title='bbox 1201 2733 1341 2773; x_wconf 86' lang='lat' dir='ltr'><strong>aliisque</strong></span> <span class='ocrx_word' id='word_1_558' title='bbox 1355 2741 1417 2772; x_wconf 91' lang='lat' dir='ltr'><strong>pro</strong></span> <span class='ocrx_word' id='word_1_559' title='bbox 1435 2730 1572 2770; x_wconf 86' lang='lat' dir='ltr'><strong>vuigata</strong></span> <span class='ocrx_word' id='word_1_560' title='bbox 1582 2733 1685 2760; x_wconf 85' lang='lat' dir='ltr'><strong>stant.</strong></span> <span class='ocrx_word' id='word_1_561' title='bbox 1709 2729 1772 2759; x_wconf 85' lang='lat' dir='ltr'><strong>Ille</strong></span> <span class='ocrx_word' id='word_1_562' title='bbox 1786 2734 1899 2760; x_wconf 78' lang='lat' dir='ltr'><strong>tamen</strong></span> 
     </span>
     <span class='ocr_line' id='line_1_99' title="bbox 1201 2778 1862 2820; baseline -0.006 -5"><span class='ocrx_word' id='word_1_563' title='bbox 1201 2783 1320 2815; x_wconf 91' lang='lat' dir='ltr'><strong>unicus</strong></span> <span class='ocrx_word' id='word_1_564' title='bbox 1336 2781 1460 2813; x_wconf 84' lang='lat' dir='ltr'><strong>ceteris</strong></span> <span class='ocrx_word' id='word_1_565' title='bbox 1477 2778 1724 2820; x_wconf 62' lang='lat' dir='ltr'><strong>praeferendus.</strong></span> <span class='ocrx_word' id='word_1_566' title='bbox 1756 2779 1862 2811; x_wconf 85' lang='lat' dir='ltr'><strong>Groev.</strong></span> 
     </span>
    </p>

    <p class='ocr_par' dir='ltr' id='par_1_11' title="bbox 1199 2829 1900 2976">
     <span class='ocr_line' id='line_1_100' title="bbox 1244 2829 1900 2874; baseline -0.015 -9"><span class='ocrx_word' id='word_1_567' title='bbox 1244 2835 1261 2874; x_wconf 51' lang='grc' dir='ltr'>ᾧ</span> <span class='ocrx_word' id='word_1_568' title='bbox 1277 2836 1316 2864; x_wconf 87' lang='grc'><strong>12</strong></span> <span class='ocrx_word' id='word_1_569' title='bbox 1340 2831 1497 2863; x_wconf 78' lang='lat' dir='ltr'><strong>Adunutis</strong></span> <span class='ocrx_word' id='word_1_570' title='bbox 1513 2829 1658 2869; x_wconf 75' lang='lat' dir='ltr'><strong>gentibus</strong></span> <span class='ocrx_word' id='word_1_571' title='bbox 1672 2829 1826 2860; x_wconf 73' lang='lat' dir='ltr'><strong>variorum</strong></span> <span class='ocrx_word' id='word_1_572' title='bbox 1847 2839 1900 2870; x_wconf 75' lang='lat' dir='ltr'><strong>po.</strong></span> 
     </span>
     <span class='ocr_line' id='line_1_101' title="bbox 1199 2880 1898 2924; baseline -0.007 -10"><span class='ocrx_word' id='word_1_573' title='bbox 1199 2882 1354 2924; x_wconf 78' lang='lat' dir='ltr'><strong>pulorum]</strong></span> <span class='ocrx_word' id='word_1_574' title='bbox 1381 2881 1473 2912; x_wconf 77' lang='lat' dir='ltr'><strong>Mela</strong></span> <span class='ocrx_word' id='word_1_575' title='bbox 1491 2883 1581 2910; x_wconf 83' lang='lat'><strong>1.19.</strong></span> <span class='ocrx_word' id='word_1_576' title='bbox 1604 2881 1613 2896; x_wconf 93' lang='lat'>‘</span> <span class='ocrx_word' id='word_1_577' title='bbox 1632 2880 1707 2910; x_wconf 86' lang='lat' dir='ltr'><strong>Una</strong></span> <span class='ocrx_word' id='word_1_578' title='bbox 1730 2888 1824 2920; x_wconf 78' lang='lat' dir='ltr'><strong>gens,</strong></span> <span class='ocrx_word' id='word_1_579' title='bbox 1839 2880 1898 2910; x_wconf 85' lang='lat' dir='ltr'><strong>ali-</strong></span> 
     </span>
     <span class='ocr_line' id='line_1_102' title="bbox 1202 2930 1898 2976; baseline -0.004 -11"><span class='ocrx_word' id='word_1_580' title='bbox 1202 2939 1284 2976; x_wconf 83' lang='lat' dir='ltr'><strong>quot</strong></span> <span class='ocrx_word' id='word_1_581' title='bbox 1310 2930 1451 2974; x_wconf 66' lang='lat' dir='ltr'><strong>populi!</strong></span> <span class='ocrx_word' id='word_1_582' title='bbox 1498 2932 1506 2947; x_wconf 91' lang='lat'>‘</span> <span class='ocrx_word' id='word_1_583' title='bbox 1530 2930 1641 2962; x_wconf 81' lang='lat' dir='ltr'><strong>Gens&#39;</strong></span> <span class='ocrx_word' id='word_1_584' title='bbox 1675 2930 1763 2962; x_wconf 76' lang='lat' dir='ltr'><strong>enim</strong></span> <span class='ocrx_word' id='word_1_585' title='bbox 1801 2934 1898 2962; x_wconf 85' lang='lat' dir='ltr'><strong>notat</strong></span> 
     </span>
    </p>
   </div>
  </div>
 </body>
</html>
