2174 3424
522 314 608 357 848

561 419 635 458 §20
660 416 731 447 Non
754 418 819 446 tam
842 415 978 455 timeret,
993 415 1060 456 εμπ]
1084 415 1159 446 Liv.
1174 424 1217 447 11.

520 470 573 499 12.
590 470 621 498 8.
644 466 653 484 ‘
671 465 878 497 Metuendus
903 466 1011 507 magis
1034 475 1133 507 quam
1148 474 1218 496 me-

520 516 642 549 tuens!
670 517 771 548 Bern.

565 567 655 598 CAP.
671 575 737 597 vn.
760 567 778 605 ξ
794 569 811 597 1
832 567 949 605 Cyrene
964 568 1065 597 autem
1080 564 1219 604 condita]

973 323 1115 353 NOTAE
1149 323 1411 354 VARIORUM
1446 322 1496 352 IN

1265 415 1330 447 deo
1353 425 1414 447 cur
1434 415 1592 447 Graecam
1614 413 1887 446 terminationem
1910 422 1961 444 re-

1267 465 1389 505 tineat,
1410 474 1486 496 cum
1503 464 1616 505 paullo
1636 467 1714 503 post
1736 468 1831 494 recte
1855 464 1864 480 ‘
1881 463 1965 493 Bat-

1268 515 1340 547 tus'
1364 515 1541 547 scribatur.
1584 515 1675 546 Vera
1700 517 1752 544 est
1775 513 1857 544 lect.
1879 512 1965 544 Jun-

1269 566 1364 606 tinae,
1385 566 1417 595 in
1435 575 1502 606 qua
1515 565 1658 596 habetur
1680 565 1729 594 cui
1744 572 1850 594 nomen
1866 562 1966 593 Batto

520 617 600 649 Vid.
618 618 746 648 Herod.
762 627 812 649 xv.
829 620 902 649 150.
947 618 1050 648 Pau-s.
1076 616 1222 647 Laconi·
1262 615 1341 654 fait.
1384 614 1464 646 Vid.
1490 624 1564 655 quae
1590 613 1708 645 notavi
1733 612 1776 644 ad
1804 621 1912 644 xxrx.
1937 615 1968 643 1.

523 668 572 699 cis
602 672 637 699 et
666 668 839 707 Phocicis,
871 668 985 699 Strab.
1015 677 1039 698 1.
1066 672 1101 698 et
1130 675 1221 698 xvn.

524 717 698 757 Excerpta
714 727 755 747 ex
769 717 952 748 Heraclide
967 716 1035 758 περὶ
1045 718 1223 757 Πολιτειῶν,

524 765 694 797 Ammian.
713 770 871 799 xxn.40.
908 768 1106 799 Callimachi
1119 767 1223 806 Hym-

526 827 600 857 nos,
616 817 811 858 Eusebium,
830 818 933 850 Solin.
949 822 1001 850 30.
1045 819 1127 849 Sall.
1144 819 1223 858 Jug.

526 869 579 898 19.
596 870 626 898 4.
649 872 685 898 et
700 867 838 899 Pindar.
866 877 916 899 ιν.
940 868 1043 909 Pyth.
1067 869 1225 907 Bongars.

526 917 619 949 Add.
650 918 767 958 Stepli.
807 918 849 949 de
883 918 967 949 Urb.
1002 919 1160 949 Eustath.
1191 918 1226 948 in

527 967 670 1008 DionyS.
698 977 732 1007 p.
755 970 808 999 32.
833 967 865 999 b.
891 971 925 998 et
951 967 1096 998 maxime
1125 967 1225 998 Diod.

528 1027 582 1048 ιν.
598 1020 651 1049 83.
669 1018 801 1048 Bernec.
846 1017 990 1058 Dionys.
1006 1017 1141 1057 Pel-ieg.
1155 1019 1228 1048 214.

530 1065 652 1107 Κυρήνη
666 1067 694 1097 τ’
709 1067 844 1106 efflamus,
855 1067 1045 1105 Ἀμυκλαίων
1066 1065 1156 1105 ’γένος
1181 1067 1231 1097 ἆν-

530 1118 617 1157 δρῶν.
650 1117 806 1148 Eustath.
842 1116 981 1147 Ἀποικία
993 1116 1025 1147 δέ
1041 1117 1123 1147 ἐστιν
1137 1116 1157 1154 ἡ
1173 1120 1231 1146 Κυ-

531 1165 605 1207 ρήνη
620 1168 774 1203 νησιωτῶν
789 1166 930 1203 Θηβαίων
954 1166 1037 1208 (leg.
1061 1165 1152 1207 Θηρ.)
1171 1168 1232 1196 τῶν

532 1217 567 1247 ἐκ
586 1216 807 1254 Λακεδαίμονος
822 1216 965 1248 ἀνέκαθεν
979 1217 1230 1256 μετοικησάντων·

533 1266 550 1296 ὁ
571 1265 671 1306 Θήρας
693 1265 753 1306 ’γὰρ
776 1266 887 1297 ἐκεῖνος
914 1267 930 1296 ὁ
956 1266 1081 1298 στείλας
1108 1267 1188 1308 (leg.
1211 1266 1232 1304 ἡ

533 1316 618 1357 Θήρα
630 1316 690 1356 ’γὰρ
711 1316 809 1354 ἐκείνη
835 1317 854 1354 ἡ
880 1316 1048 1358 στείλασα)
1074 1316 1115 1348 εἷς
1137 1316 1233 1353 αὐτὴν

534 1366 674 1398 ἀποικίαν
694 1366 802 1397 Λάκων
829 1368 911 1408 (leg.
926 1367 1097 1406 Λακωνικὴ)
1123 1367 1233 1398 ἄνωθεν

535 1415 585 1455 ἦν,
621 1417 660 1446 ὡς
693 1415 743 1446 καὶ
779 1415 934 1456 Πίνδαρος.
998 1417 1154 1457 Respicit
1191 1416 1234 1447 ad

537 1466 664 1506 Pythia
692 1475 723 1496 v.
752 1469 805 1497 99.
847 1465 889 1497 Τὸ
919 1467 945 1497 δ’
977 1466 1072 1496 ἐ-Μὸν
1098 1465 1234 1507 Ὑαρύοιτ’

537 1515 596 1547 ἀπὸ
612 1514 772 1555 Σπάρ-Τας
790 1515 939 1557 ἐπήρατον
953 1516 1055 1548 κλέος·
1075 1515 1169 1548 εὈθεν
1182 1527 1234 1555 γε·

537 1565 715 1604 ’γενναμένοι
739 1565 862 1597 Ἵκοντο
886 1566 1018 1607 Θήρανδε
1040 1568 1156 1605 φῶ-Τες
1186 1565 1236 1596 Αἶ-

537 1615 645 1654 ydem.
692 1616 805 1647 Strab.
823 1625 859 1647 x.
877 1626 911 1656 p.
927 1620 1001 1648 484.
1047 1616 1131 1657 Θήρα
1144 1616 1164 1654 ἡ
1178 1618 1238 1647 τῶν

540 1665 715 1706 Κυρηναίων
735 1665 933 1706 μητρόπολις,
955 1666 1079 1698 ἄποικος
1093 1669 1238 1698 Λακεδαι-

539 1715 667 1755 μονίωνε
701 1720 737 1746 et
760 1725 849 1747 xvu.
877 1726 909 1756 p.
934 1720 1007 1748 837.
1025 1716 1116 1747 Ἔστι
1143 1716 1175 1747 δὲ
1205 1716 1239 1757 [ἡ

542 1765 679 1807 Κυρήνη]
703 1765 838 1807 Θηραίων
854 1765 978 1806 κτίσμα,
1004 1769 1175 1805 Λακωνικῆς
1192 1767 1242 1805 νή-

542 1828 609 1848 σου.

586 1867 738 1907 Arista’o]
763 1867 829 1898 Hic
848 1878 867 1898 a
884 1868 1090 1899 Callimacho
1105 1869 1242 1910 Hymno

543 1918 577 1948 in
592 1917 784 1957 Apollinem
799 1919 807 1934 ‘
820 1917 1024 1949 Aristoteles
1035 1919 1042 1932 '
1059 1919 1193 1958 dicitur,
1208 1924 1244 1950 et

545 1966 587 1998 ab
605 1967 801 2006 Heraclide,
818 1972 853 1997 et
878 1969 911 1998 in
935 1969 1017 1999 Mss.
1040 1969 1179 2000 Eusebii
1206 1970 1243 2000 li—

545 2017 629 2048 bris.
653 2017 809 2055 Bongars.
856 2018 965 2047 Etiam
983 2028 1001 2048 a
1017 2019 1128 2049 Schol.
1143 2018 1246 2059 Apol-

545 2066 626 2097 lonii
654 2066 695 2096 ad
724 2075 772 2097 lv.
801 2069 894 2098 1750.
919 2068 1048 2098 Bernee.
1094 2068 1245 2107 Legend.

547 2119 950 2156 Aristotele,monentibus
963 2120 1072 2160 Bong.
1085 2121 1246 2152 Bochart.

548 2167 663 2198 Graev.
679 2173 714 2198 et
735 2168 820 2198 aliis.
844 2167 948 2206 Schef.

593 2218 722 2257 Battos]
746 2218 829 2248 Mss.
858 2219 984 2258 Raetos,
1006 2223 1044 2250 ut
1070 2228 1152 2250 xm.
1167 2222 1199 2250 6.
1217 2222 1246 2249 l.

549 2268 558 2285 ‘
579 2267 799 2307 Ariaractes,'
822 2272 857 2298 et
874 2277 934 2299 xv.
949 2271 981 2300 4.
1003 2271 1053 2300 13.
1076 2270 1085 2286 ‘
1101 2269 1248 2299 Sandro-

550 2318 688 2349 coctus?
735 2318 902 2357 Duplext
924 2318 956 2348 in
979 2321 1008 2348 ct
1032 2318 1191 2358 frequens
1215 2318 1248 2348 in

551 2369 737 2399 vernacula
766 2368 929 2398 Italorum
957 2369 1070 2408 lingua
1095 2367 1250 2398 mutatio.

552 2419 708 2457 Bongars.
754 2419 831 2449 Non
858 2423 911 2449 est
938 2423 1049 2449 tamen
1075 2417 1251 2458 credibile,

551 2468 740 2499 Italismum
777 2468 810 2498 in
848 2468 910 2499 hoc
950 2468 1085 2508 quidem
1117 2468 1252 2498 nomine

553 2518 728 2549 committi.
773 2518 861 2548 Nam
890 2523 925 2549 et
954 2518 1084 2549 Graecis
1108 2518 1253 2548 auctori-

553 2568 616 2599 bus
633 2569 843 2608 Cyrenarum
872 2568 935 2599 iste
959 2568 1115 2599 conditor
1138 2567 1254 2599 Βάττος

554 2618 690 2650 dicitur.
737 2618 838 2649 Ovid.
855 2619 887 2649 in
909 2618 985 2649 Ibin
1002 2619 1138 2648 Blcesum
1153 2619 1254 2649 iuter-

555 2673 724 2708 pretatur,
746 2668 890 2699 disticho
907 2671 981 2699 270.
1005 2669 1014 2684 ‘
1033 2668 1197 2698 Conditor
1218 2672 1256 2698 ut

556 2718 655 2749 tarde
688 2719 819 2749 Blaesus
856 2718 1055 2758 cognomine
1093 2717 1255 2757 Cyrrhae!

556 2768 613 2799 Sic
641 2769 729 2798 enim
761 2769 886 2799 Paulus
918 2767 1084 2808 Leopard.
1112 2767 1254 2798 Emend.

558 2827 614 2848 ιιι.
646 2821 697 2848 ll.
733 2827 863 2848 versum
895 2818 1060 2856 correxit,
1098 2827 1159 2858 pro
1191 2827 1256 2858 quo

559 2869 714 2907 vulgares
738 2867 815 2898 odd.
844 2868 993 2905 cognitor
1014 2871 1047 2897 ut
1065 2869 1152 2897 tarde
1167 2868 1258 2898 loesus

558 2920 734 2958 cognomine
751 2920 901 2960 Myrrha:
926 2920 1068 2950 nen-nec.
1116 2920 1191 2950 Non
1210 2919 1255 2950 vi-

1273 666 1379 696 Grcev.

1314 717 1366 756 §2
1392 714 1521 754 Cirnus]
1544 713 1675 745 Herod.
1692 723 1742 744 ιν.
1760 715 1834 744 150.
1859 716 1970 743 trans-

1272 766 1390 806 positis
1421 765 1544 796 litteris
1576 766 1687 805 Γρῖνος.
1732 763 1830 794 Facit
1856 766 1970 792 autem

1272 825 1338 846 non
1376 815 1476 855 regis,
1510 814 1570 845 sed
1611 813 1834 853 Polymnesti,
1864 811 1970 842 filium

1274 866 1414 896 Battum
1443 873 1494 896 1v.
1531 867 1604 895 155.
1642 865 1799 902 Bongars.
1857 863 1906 893 Ut
1935 866 1972 893 et

1274 916 1413 946 Pindar.
1440 924 1489 946 xv.
1511 915 1613 956 Pyth.
1642 914 1774 945 Bernec.
1819 911 1972 952 Legend.

1276 970 1359 1007 puto
1377 965 1503 1005 Crinas,
1526 968 1707 1005 propterea
1729 963 1820 1005 quod
1840 962 1974 994 Herod.

1276 1026 1325 1047 1v.
1348 1017 1451 1056 Γρῖνον
1465 1016 1627 1056 appellat.
1656 1015 1729 1046 Vor.

1324 1065 1537 1105 Theramenis]
1558 1066 1691 1096 Nomen
1708 1065 1775 1105 huj.
1789 1063 1907 1094 insulae
1922 1072 1977 1094 ce-

1279 1116 1360 1147 teris
1376 1116 1527 1147 omnibus
1543 1120 1596 1147 est
1616 1118 1625 1134 ‘
1639 1115 1770 1153 Thera,’
1792 1115 1977 1154 Spartano-

1279 1176 1351 1196 rum
1369 1166 1522 1197 colonia:
1548 1176 1610 1207 quo
1631 1166 1777 1197 omnium
1802 1168 1977 1195 auctorum

1281 1225 1442 1247 consensu
1470 1226 1619 1255 moveor,
1642 1220 1680 1246 ut
1702 1225 1762 1255 pro
1781 1214 1979 1245 Theramenis

1280 1267 1390 1306 legam
1421 1267 1550 1297 Theroe:
1581 1266 1668 1296 unde
1698 1266 1910 1306 negligentes
1939 1265 1980 1295 li-

1281 1317 1386 1347 brarii
1414 1317 1556 1356 primum
1583 1315 1735 1347 fecerunt
1760 1307 1878 1359 Therae,
1900 1316 1979 1347 inde

1285 1366 1444 1405 Therame,
1477 1367 1614 1396 tandem
1649 1367 1854 1399 Theramenis.
1889 1369 1982 1398 Bon-

1283 1426 1369 1454 garS.
1416 1417 1462 1446 Et
1487 1416 1640 1446 Ortelius
1665 1416 1763 1447 Thes.
1792 1418 1919 1458 Geogr.
1946 1416 1982 1446 in

1288 1465 1396 1496 leera.
1434 1465 1592 1495 Meminit
1605 1464 1735 1495 Auctor
1750 1466 1872 1497 iterum
1890 1473 1983 1497 xxx.

1284 1517 1316 1544 4.
1334 1517 1363 1544 l.
1387 1514 1519 1545 Bernec.
1563 1514 1660 1544 Vidit
1682 1515 1789 1555 Bong.
1813 1521 1848 1547 et
1873 1515 1985 1546 Ortel.

1285 1565 1422 1605 legend.
1454 1565 1561 1596 Therae
1585 1565 1701 1596 insulae.
1749 1566 1851 1598 Quod
1878 1567 1987 1606 ipsum

1288 1620 1385 1646 extat
1401 1616 1432 1646 in
1449 1615 1547 1647 Junt.
1563 1619 1601 1646 ut
1616 1616 1726 1646 nullus
1753 1617 1787 1646 in
1813 1622 1986 1657 posterum

1289 1666 1466 1705 scrupulus
1493 1665 1536 1696 sit
1559 1665 1619 1695 ulli
1635 1665 1784 1696 relictus.
1829 1666 1898 1696 Pro
1917 1666 1988 1696 Cir-

1289 1725 1345 1746 nus
1362 1725 1440 1746 vero
1456 1715 1590 1755 legend.
1607 1725 1681 1745 esse
1700 1716 1831 1756 Grinus,
1859 1715 1916 1757 qui
1939 1719 1989 1746 ta-

1291 1776 1369 1797 men
1399 1776 1466 1797 non
1496 1767 1567 1806 ejus
1599 1772 1709 1806 pater,
1739 1767 1799 1798 sed
1827 1771 1989 1807 cognatus

1293 1815 1372 1854 fuit,
1394 1821 1441 1855 et,
1465 1826 1525 1856 pro
1551 1816 1700 1856 Aristaeo,
1727 1817 1910 1856 Aristotele,
1938 1826 1991 1848 os-

1294 1868 1477 1898 tenderunt
1495 1868 1554 1897 viri
1571 1867 1711 1898 doctiss.
1725 1869 1835 1908 Bong.
1853 1868 1885 1898 in
1901 1867 1991 1898 notis

1294 1917 1335 1948 ad
1350 1917 1383 1947 h.
1398 1918 1419 1948 l.
1443 1918 1602 1948 Bocliart.
1619 1918 1649 1948 in
1675 1919 1801 1958 Geogr.
1817 1918 1934 1957 Sacra,
1955 1922 1992 1949 et

1294 1967 1432 1999 Jonsius
1473 1967 1515 1997 de
1554 1967 1784 2007 Scriptoribus
1826 1967 1990 1998 Historiae

1295 2017 1492 2057 Philosopll.
1512 2017 1620 2048 (ἰν-αὐ.
1669 2018 1776 2048 Theroe
1791 2018 1912 2056 insuloe,
1926 2018 1995 2048 lec-

1297 2067 1346 2097 tio
1370 2066 1409 2097 ab
1436 2067 1588 2097 omnibus
1612 2067 1756 2106 probata
1778 2072 1813 2097 et
1840 2071 1992 2106 recepta.

1296 2117 1379 2147 Mox
1399 2117 1513 2146 Cirnus
1529 2125 1590 2156 pro
1606 2116 1724 2146 Grinus
1740 2116 1896 2156 positum.
1923 2116 1994 2146 De-

1296 2168 1328 2198 in
1357 2167 1436 2208 Speo
1463 2177 1523 2207 pro
1555 2167 1681 2207 Hypsea
1708 2168 1862 2206 Vossius,
1885 2171 1920 2198 et
1947 2167 1997 2198 ita

1297 2217 1379 2248 edit.
1396 2218 1548 2257 quaedam
1566 2222 1651 2248 vett.
1695 2216 1762 2247 Sed
1780 2217 1845 2248 vid.
1861 2217 1996 2247 omnino

1296 2267 1409 2298 Schol.
1427 2266 1638 2298 Callimachi.
1655 2266 1766 2298 Faber.
1801 2267 1869 2297 Pro
1889 2266 1996 2297 lerae

1298 2319 1411 2349 editur
1424 2318 1522 2357 vulgo
1535 2318 1740 2348 Theramenis.
1768 2319 1907 2357 Verum,
1920 2318 2000 2359 quia

1299 2368 1508 2406 Theramenis,
1522 2371 1559 2397 ut
1575 2376 1696 2397 nomen
1714 2368 1831 2398 insulae
1851 2367 1943 2408 (nam
1960 2372 1998 2399 ut

1302 2417 1362 2448 viri
1390 2426 1512 2447 nomen
1535 2418 1616 2447 satis
1640 2423 1755 2448 notum
1783 2417 1850 2457 est)
1873 2427 1934 2458 per
1961 2427 1997 2448 se

1300 2467 1452 2507 ineptum
1483 2472 1556 2506 est;
1591 2467 1698 2497 Theroe
1725 2477 1815 2507 vero,
1845 2472 1882 2498 ut
1908 2468 1998 2498 Bon-

1303 2517 1432 2556 garsius
1459 2515 1598 2553 fatetur,
1633 2522 1714 2548 vett.
1742 2518 1876 2558 quidam
1908 2517 1999 2558 typis

1303 2576 1397 2607 expr.
1415 2567 1572 2608 interque
1596 2567 1654 2596 hos
1674 2572 1763 2598 teste
1780 2568 1893 2598 Graev.
1917 2567 2001 2599 Jun-

1303 2617 1393 2647 tinus
1424 2616 1539 2656 habet,
1567 2621 1602 2647 et
1638 2617 1744 2647 ceteri
1773 2617 1855 2647 item
1886 2625 2002 2647 omnes

1304 2669 1313 2685 ‘
1331 2667 1495 2698 'l'heram'
1517 2677 1589 2697 eam
1606 2667 1747 2697 insulam
1761 2671 1902 2705 vocant;
1924 2675 2002 2697 cum

1305 2718 1414 2757 Bong.
1446 2721 1548 2757 atque
1584 2718 1690 2748 Gron.
1725 2717 1774 2747 ita
1803 2722 1839 2748 et
1869 2715 2003 2756 legend.

1305 2778 1438 2799 censeo.
1466 2767 1567 2798 Vorst.
1615 2767 1721 2797 Therae
1749 2766 1857 2797 edidit
1888 2766 2003 2796 Vos-st.

1305 2817 1498 2849 volentibus
1534 2817 1646 2848 Ortel.
1678 2817 1788 2857 Bong.
1819 2817 1935 2849 Graev.
1966 2819 2003 2846 et

1305 2868 1386 2900 aliis.
1410 2867 1517 2905 Schef.

1352 2918 1505 2959 Cyrenen]
1530 2918 1653 2949 Glossa
1669 2921 1741 2950 est:
1766 2926 1886 2949 nomen
1913 2916 2001 2948 enim
