2174 3424
567 346 762 378 Jns'rim
797 347 890 377 mn.
922 348 995 378 111.
1026 348 1131 379 CAP.
1159 338 1201 379 6.

162 439 268 471 menti
284 438 368 480 reip.
385 439 583 480 injungant!
627 440 732 481 Cujus
754 450 855 480 gene-

162 490 208 521 ris
232 490 336 520 multa
358 494 393 521 et
415 490 448 520 in
476 491 571 521 Livio
597 491 740 532 aliisque.
759 500 854 531 repe-

161 540 304 571 riuntur.
333 541 432 572 Vorst.
459 541 542 571 Mss.
563 550 678 572 omnes
703 540 777 572 fere
797 541 855 572 ha-

161 589 245 620 bent
259 589 464 628 infunderent.
508 590 604 621 Idem
621 595 760 621 servant
775 591 853 622 edd.

162 644 244 672 vett.
274 641 326 672 Ex
350 651 414 682 quo
430 642 546 673 Vorst.
564 651 600 673 se
618 651 682 672 non
699 641 854 674 dubitare

159 693 219 733 ait,
229 693 310 734 quin
321 692 452 725 Auctor
462 693 639 734 scripserit
650 693 855 733 injungerent,

160 751 236 773 cum
261 747 297 774 et
322 743 392 774 Cic.
415 743 462 774 sic
485 744 654 784 loquatur,
674 753 700 774 S.
727 744 854 774 Brutus

160 792 205 823 ad
222 792 295 824 Cic.
311 801 363 824 xl.
388 794 452 833 Ep.
477 796 527 824 13.
571 794 645 834 Ego
670 803 748 824 vero
773 793 854 824 illud

159 841 354 880 infunderent
370 853 435 874 non
455 842 629 883 repudiem
648 844 699 873 vel
715 846 856 883 propter

158 891 266 932 ipsum
279 892 371 923 illum
384 892 544 924 librorum
557 902 767 933 consensum,
779 902 855 923 cum

162 944 352 982 praesertim
369 944 442 975 Cic.
466 943 628 981 infundere
643 943 721 973 vitia
733 943 766 974 in
780 943 856 974 civi-

162 995 257 1023 tatem
280 992 404 1024 dixerit
426 993 558 1024 ratione
582 992 670 1024 haud
693 993 856 1025 dissimili.

161 1042 275 1074 Verba
296 1047 414 1074 extant
439 1042 481 1074 de
502 1043 569 1074 LL.
585 1052 641 1074 111.
678 1043 687 1058 ‘
704 1043 782 1073 Non
805 1053 856 1073 so-

162 1092 229 1123 lum
250 1093 332 1124 vitia
356 1093 553 1133 concipiunt
577 1093 654 1133 ipsi,
675 1092 734 1123 sed
751 1102 792 1123 ea
808 1092 857 1123 in-

161 1141 307 1174 fundunt
321 1143 354 1174 in
366 1143 564 1174 civitatem.’
602 1144 677 1175 Nec
690 1143 763 1174 abit
776 1144 858 1174 mul-

162 1194 233 1222 tum
258 1191 422 1230 infundere
446 1203 556 1232 agmen
582 1193 663 1232 urbi,
689 1192 777 1234 quod
805 1197 858 1225 est

163 1250 218 1281 ap.
235 1242 325 1273 Flor.
342 1251 397 1274 111.
413 1245 464 1273 21.
483 1243 540 1273 ubi
557 1243 598 1273 de
613 1244 724 1284 Sylla:
760 1244 768 1261 ‘
783 1244 858 1275 Col-

161 1290 296 1331 linaque
319 1297 417 1332 porta
443 1292 609 1333 geminum
639 1303 758 1334 agmen
781 1294 857 1325 urbi

161 1339 309 1372 infudit?
332 1341 447 1382 Scheff.
490 1343 586 1374 Junt.
610 1348 678 1374 stat
701 1353 762 1383 pro
786 1344 857 1375 vul-

163 1395 242 1430 gato
264 1391 453 1432 infligerent.
498 1392 668 1430 Infundere
693 1393 858 1424 detrimen-

162 1442 227 1470 tum
237 1440 359 1471 civitati
376 1450 472 1472 nemo
487 1441 620 1472 dixerit.
641 1441 857 1473 Verissimam

165 1490 250 1521 duco
281 1495 316 1522 et
345 1491 556 1531 ingeniosiss.
587 1491 857 1523 emendationem

164 1540 303 1570 Vorstii.
347 1541 497 1580 Ignotior
528 1541 733 1580 significatio
765 1542 856 1573 vocis

163 1588 324 1628 injungere
346 1590 379 1621 h.
401 1590 423 1620 l.
447 1591 719 1631 interpolatrices
744 1601 858 1624 manus

165 1637 323 1670 admovit.
356 1639 462 1670 Groev.

208 1688 225 1727 ξ
248 1690 268 1718 9
294 1688 447 1727 Tyrtaeus,
471 1688 533 1728 qui,
558 1688 628 1728 de]
667 1689 791 1721 Horat.
822 1690 857 1721 in

163 1734 268 1767 Arte:
302 1738 544 1778 ‘'Tyrtaeusque
559 1747 667 1769 mares
682 1739 807 1770 animos
823 1740 857 1770 in

162 1785 287 1816 martia
301 1785 391 1817 bella
406 1786 569 1817 Versibus
585 1788 742 1819 exacuit.’
772 1789 857 1830 Huj.

163 1834 287 1874 partim
317 1835 510 1874 meminere,
548 1836 671 1875 partim
701 1846 858 1868 versuum

162 1881 353 1923 fragmenta
363 1883 552 1924 proferunt,
562 1885 663 1916 Plato
675 1894 742 1916 non
753 1887 858 1918 semel

163 1931 273 1963 Libris
310 1932 354 1964 de
387 1934 454 1965 LL.
492 1933 595 1966 Paus.
634 1935 855 1967 Messenicis:

162 1981 274 2014 Strab.
289 1991 338 2015 νι.
355 1983 448 2014 Plut.
462 1983 497 2014 in
513 1985 690 2026 Lycurgo:
715 1986 858 2018 Quintil.

166 2040 204 2064 x.
227 2035 257 2073 1.
285 2033 441 2073 Polyaen.
466 2034 616 2075 Strateg.
644 2044 668 2066 1.
697 2035 792 2067 Stob.
822 2036 857 2067 in

163 2082 316 2123 Eclogis:
340 2084 486 2124 Lycurg.
499 2084 613 2115 rhetor
626 2084 727 2117 Orat.
739 2090 859 2117 contra

164 2131 384 2165 Leocratem:
422 2133 517 2165 Max.
546 2134 629 2174 Tyr.
660 2134 747 2165 Diss.
778 2143 856 2166 xxr.

163 2182 256 2213 Suid.
290 2183 461 2214 Laconem
495 2193 571 2215 eum
601 2188 660 2215 aut
688 2185 858 2216 Milesium

163 2231 266 2263 fuisse
286 2233 426 2264 scribit:
452 2233 579 2265 Noster
603 2234 859 2275 Atheniensem,

164 2281 330 2313 beneficio
359 2281 461 2322 forte,
491 2292 557 2314 non
584 2284 724 2324 origine.
770 2285 858 2316 Nam

163 2335 199 2362 et
210 2335 328 2371 postea
337 2332 579 2364 Lacedaemone
587 2343 718 2374 quoque
729 2332 859 2365 factum

165 2379 275 2411 civem
296 2381 397 2412 Plato
422 2382 538 2413 tradit.
583 2382 809 2423 Corrigendus
824 2383 858 2414 h.

163 2430 187 2461 Ι.
208 2430 287 2462 Sex.
306 2430 503 2471 Ampelius:
536 2431 546 2448 ‘
563 2432 742 2472 Tertiusque
770 2433 859 2464 Mes-

165 2479 257 2510 senio
271 2479 372 2520 bello,
388 2491 430 2511 ex
446 2482 581 2513 oraculo
596 2481 774 2521 Apollinis,
790 2482 860 2513 dux

163 2529 206 2561 ab
222 2530 488 2562 Atheniensibus
505 2541 565 2572 per
585 2531 766 2562 ludibrium
782 2532 859 2563 mis-

165 2589 233 2619 sus,
258 2584 414 2620 poenaleus
447 2585 519 2612 vota
555 2582 698 2612 militum
729 2582 857 2613 animos

164 2630 358 2669 concitavit,
382 2634 422 2662 ut
451 2634 521 2661 tam
548 2631 742 2662 diuturnum
771 2641 858 2671 proe-

163 2679 245 2710 lium
275 2679 416 2711 victoria
445 2680 748 2712 consummarent?
783 2681 858 2721 lege

165 2728 375 2770 Tyrtaeusque,
392 2734 428 2762 et
450 2740 527 2761 mox
546 2731 685 2771 po'e'mate
703 2734 785 2772 noto,
801 2735 858 2763 aut

165 2779 233 2810 tale
250 2779 342 2820 quid,
357 2785 393 2811 at
408 2785 502 2812 certe
514 2781 666 2821 poemate.
689 2782 791 2812 Bern.

209 2828 272 2859 Pro
301 2830 457 2870 concione]
490 2830 544 2861 Sic
572 2835 608 2861 et
633 2831 703 2862 Cic.
730 2831 857 2862 dictum

165 2876 176 2893 ‘
191 2886 251 2917 pro
267 2879 411 2921 rostris‚'
435 2881 524 2922 quod
539 2880 613 2912 aliis
636 2881 646 2898 ‘
661 2881 695 2912 in
717 2879 856 2913 rostris!

1514 340 1599 382 703

904 439 1026 471 Eidem
1050 449 1106 471 111.
1139 441 1230 473 Fam.
1258 444 1290 472 8.
1325 441 1409 483 ‘pro
1440 442 1599 475 tribunali

903 489 1030 531 agere!
1063 491 1160 522 Gron.

947 541 964 580 ξ
988 543 1028 570 10
1055 540 1198 570 Tesserus
1222 540 1383 581 insculptis
1405 542 1469 573 suis
1494 546 1523 573 et
1546 553 1600 582 pu-

902 592 987 620 trum
1000 589 1187 628 nominibus]
1220 590 1371 620 Fuerunt
1387 591 1522 622 tabellae
1539 592 1600 632 lig-

903 647 996 676 neae;
1021 647 1102 679 quas
1118 638 1271 678 Polyaen.
1295 648 1320 669 1.
1346 643 1394 670 17.
1411 641 1485 671 ead.
1502 641 1545 672 de
1563 652 1599 673 re

904 697 1007 728 agens
1034 688 1221 719 σκνταλίδας
1247 693 1356 720 vocat.
1392 690 1540 730 Hesych.
1566 692 1599 722 in

903 739 1058 777 Χαλκοῦν,
1073 739 1132 770 sed
1148 738 1191 770 de
1216 738 1282 769 alio
1305 748 1428 779 agens:
1460 738 1601 771 Πινάκιον

903 787 1022 827 πύξινον
1032 786 1291 829 ἐπιγεγραμμένον
1298 788 1334 819 τὸ
1345 788 1440 828 ὄνομα
1448 791 1501 821 τοῦ
1511 791 1602 822 αὐτοῦ

904 837 955 868 καὶ
969 838 1093 879 πατρός.
1128 839 1275 870 Nomina
1291 843 1424 879 patrum
1442 840 1537 871 simul
1553 842 1602 872 in-

905 889 1061 929 sculpere
1074 898 1211 920 necesse
1225 889 1425 928 habuerunt,
1438 891 1515 931 quia
1526 901 1603 931 cog-

904 939 1093 970 nominibus
1129 938 1313 977 carebant;
1352 949 1463 980 neque
1503 941 1602 972 aliter

905 990 1042 1029 agnosci
1060 989 1258 1029 potuissent.
1286 989 1388 1020 Vorst.

949 1039 1036 1069 CAP.
1055 1048 1104 1069 vr.
1134 1040 1151 1079 §
1168 1042 1185 1069 1
1204 1039 1343 1069 Tertium
1354 1049 1468 1079 quoque
1481 1040 1603 1081 bellum]

905 1087 960 1118 De
978 1097 1042 1128 quo
1058 1093 1183 1128 praeter
1200 1093 1283 1120 cett.
1300 1088 1341 1119 ad
1360 1098 1413 1119 111.
1431 1092 1463 1120 4.
1480 1093 1509 1120 1.
1528 1091 1602 1130 jam

905 1137 1039 1178 citatos,
1054 1139 1154 1170 Diod.
1169 1147 1220 1170 xi.
1233 1141 1286 1169 64.
1301 1144 1337 1170 et
1349 1148 1409 1170 xv.
1422 1142 1474 1171 66.
1496 1140 1602 1179 Bong.

949 1191 966 1230 ξ
990 1193 1008 1220 3
1034 1191 1179 1231 Eosdem]
1203 1190 1244 1221 ln
1267 1191 1332 1221 Ms.
1348 1190 1474 1230 legitur
1488 1192 1602 1230 eodem,

906 1239 994 1278 quod
1006 1239 1141 1270 videtur
1152 1240 1288 1280 vulgato
1302 1239 1515 1279 praeferend.‚
1525 1241 1603 1280 quia

906 1287 1031 1318 dicitur
1047 1289 1166 1329 majori
1183 1289 1334 1329 emphasi
1350 1294 1384 1320 et
1402 1290 1604 1321 convenien-

906 1338 985 1368 tiori
1014 1339 1252 1369 memorandis.
1312 1339 1415 1371 Quasi
1446 1339 1601 1371 diceret:

908 1386 961 1417 Ab
978 1396 1018 1417 eo
1035 1388 1108 1428 ipso
1124 1387 1226 1426 bello,
1243 1388 1285 1418 ad
1301 1388 1389 1429 quod
1408 1389 1506 1428 paulo
1523 1393 1602 1419 ante

907 1442 1146 1468 evocaverant.
1191 1438 1232 1468 Id
1264 1438 1353 1478 quod
1383 1443 1487 1478 auget
1516 1439 1603 1479 inju-

907 1486 1002 1526 riam,
1030 1488 1107 1527 quia
1140 1491 1302 1527 poterant
1336 1496 1401 1518 non
1432 1497 1603 1520 evocasse.

907 1538 955 1570 At
984 1540 1124 1580 languet
1162 1539 1259 1579 illud,
1297 1539 1324 1569 si
1355 1539 1470 1570 eosdem
1499 1540 1602 1580 legas.

907 1587 1012 1626 Schef.

951 1639 967 1678 ξ
991 1640 1010 1668 4
1034 1637 1253 1677 Athenienses]
1290 1637 1388 1668 Inter
1418 1647 1499 1678 quos
1529 1642 1603 1669 erat

908 1686 1025 1717 Cimon
1039 1686 1205 1717 Miltiadis
1220 1686 1267 1717 fil.
1293 1687 1394 1718 Paus.
1407 1687 1439 1717 in
1456 1687 1604 1718 Messen.

907 1740 943 1766 et
958 1736 1112 1777 Thucyd.
1129 1745 1154 1766 Ι.
1179 1736 1230 1767 Id.

948 1786 977 1815 A
995 1784 1089 1825 Delo]
1112 1785 1154 1815 Id
1168 1785 1256 1815 enim
1268 1793 1442 1815 commune
1457 1784 1602 1816 Graeciae

908 1834 1062 1864 aerarium
1088 1843 1163 1865 esse
1188 1834 1376 1865 voluerunt.
1414 1833 1546 1865 Probus
1569 1835 1602 1866 in

906 1881 1072 1913 Aristide.
1115 1882 1268 1923 Thucyd.
1286 1892 1310 1914 Ι.
1327 1886 1377 1913 16.
1392 1885 1422 1914 3.
1445 1884 1604 1922 Bongars.

906 1931 1029 1962 Solitos
1045 1935 1157 1962 autem
1173 1936 1258 1963 vett.
1281 1932 1314 1962 in
1337 1930 1424 1963 fanis
1451 1933 1604 1972 publicas

906 1982 1125 2023 privatasque
1142 1983 1302 2023 pecunias
1326 1992 1403 2014 suas
1431 1983 1604 2023 deponere

906 2036 1004 2072 patet
1029 2032 1132 2063 etiam
1156 2042 1198 2063 ex
1226 2033 1298 2064 Cic.
1325 2041 1365 2064 11.
1388 2032 1429 2063 de
1456 2033 1524 2064 LL.
1554 2036 1605 2065 16.

906 2086 942 2113 et
968 2081 1083 2113 Plaut.
1106 2081 1271 2113 Bacchid.
1295 2091 1335 2112 11.
1360 2084 1391 2113 3.
1415 2084 1468 2113 72.
1493 2087 1528 2113 et
1551 2086 1603 2114 78.

906 2134 985 2166 Vid.
1000 2134 1138 2165 Brodaei
1153 2134 1251 2165 Misc.
1266 2143 1318 2167 ιν.
1334 2136 1386 2165 17.
1409 2138 1445 2165 et
1462 2134 1553 2175 Nep.
1569 2135 1604 2166 in

907 2183 1057 2214 Hannib.
1081 2183 1179 2214 Bern.

960 2235 1019 2274 §5
1053 2232 1307 2273 Peloponnenses]
1342 2232 1477 2263 Bellum
1504 2232 1605 2263 Pelo·

907 2283 1147 2324 ponnesiacum
1163 2286 1195 2314 8.
1211 2283 1304 2313 libris
1318 2292 1337 2313 a
1351 2282 1501 2322 Thucyd.
1517 2291 1605 2314 com-

907 2334 1128 2373 prehensum:
1156 2333 1198 2363 de
1215 2343 1281 2374 quo
1297 2337 1333 2364 et
1353 2332 1446 2364 Plut.
1461 2332 1494 2363 in
1511 2332 1604 2364 Peri-

908 2384 973 2423 cle,
987 2388 1023 2415 et
1037 2383 1137 2415 Diod.
1156 2391 1222 2414 ΧΠ.
1257 2383 1363 2422 Bong.

943 2434 1079 2472 Bellum,
1090 2433 1157 2473 Sym]
1173 2433 1333 2464 Similiter
1346 2432 1435 2463 Gell.
1446 2440 1512 2463 vu.
1526 2435 1557 2463 3.
1573 2441 1606 2472 p.

907 2485 982 2514 378.
1019 2483 1028 2500 ⁴
1042 2484 1243 2524 Bellumque
1266 2491 1306 2514 eo
1329 2482 1393 2512 illis
1410 2481 1604 2513 faciendum

908 2532 1118 2564 censerent:'
1152 2542 1186 2572 p.
1215 2534 1289 2563 384.
1325 2531 1449 2564 ‘Quod
1480 2530 1604 2562 bellum

907 2583 1034 2623 populo
1048 2583 1145 2613 Rom.
1156 2581 1270 2613 facere
1281 2582 1464 2612 voluissent
1475 2581 1494 2611 ι’
1511 2590 1605 2612 xvn.

907 2636 959 2664 21.
985 2643 1018 2673 p.
1048 2635 1123 2664 796.
1160 2633 1317 2663 ‘Bellum
1347 2632 1473 2672 populo
1503 2630 1604 2663 Rom.

906 2682 1084 2714 facturus!
1131 2681 1282 2713 Macrob.
1307 2690 1332 2712 1.
1373 2682 1443 2712 Sat.
1472 2683 1503 2711 2.
1530 2680 1604 2712 init.

906 2732 916 2750 ‘
932 2733 1023 2765 Quas
1050 2731 1193 2772 [copias]
1216 2730 1340 2762 bellum
1362 2730 1488 2770 populo
1505 2730 1605 2762 Rom.

906 2780 1057 2812 facturas
1086 2779 1367 2821 comparaverat.'
1411 2780 1499 2810 Saxo
1524 2787 1604 2810 mv.

907 2842 940 2872 p.
954 2834 1028 2863 280.
1044 2834 1097 2863 48.
1118 2831 1270 2861 ‘Bellum
1289 2829 1416 2860 Sclavis
1433 2828 1605 2860 facturus?

949 2883 967 2922 ξ
990 2884 1010 2913 6
1033 2882 1146 2912 Part-a>
1161 2880 1250 2920 tunc]
1287 2879 1389 2911 Hunc
1406 2880 1429 2911 l.
1445 2879 1531 2911 male
1548 2888 1603 2910 ac-
