2101 3419
632 329 827 360 JUST1N1
863 330 955 361 mn.
993 330 1179 361 xxxvi.
1213 332 1317 361 ων.
1348 321 1389 361 Q,

1659 320 1745 363 979

761 514 980 562 LIBER
1021 514 1287 562 XXXVI.

331 661 416 696 cip,
432 671 458 694 1.
513 664 529 704 ξ
549 665 561 693 l
604 662 803 704 Demetrius]
843 664 987 696 Nicator

286 713 414 746 dictus:
440 714 507 746 vid.
533 713 681 755 Appian.
710 715 798 747 Livii
815 725 879 748 Lu.
907 717 985 757 Epi-

286 767 379 794 toma
393 763 466 795 haec
480 765 581 804 paulo
598 765 714 797 aliter:
739 765 748 783 ‘
761 766 986 805 DemetriuS‚’

283 813 406 854 inquit,
428 813 493 845 ‘ob
514 814 764 856 crudelitatem,
794 825 895 857 quam
927 826 988 856 per

284 867 453 895 tormenta
462 863 494 895 in
504 874 581 895 suos
594 865 790 903 exercebat,
807 876 824 897 a
839 866 987 898 Diodoto

284 914 441 954 quodam,
466 924 534 946 uno
559 925 601 946 ex
617 915 792 956 subjectis,
809 916 865 957 qui
883 916 984 947 Alex-

283 963 381 994 andri
396 964 478 1004 filio,
494 965 617 996 bimulo
635 965 827 1004 admodum,
844 975 985 1006 regnum

283 1014 467 1054 asserebat,
483 1014 572 1046 bello
588 1020 779 1056 superatus,
795 1016 985 1047 Seleuciam

281 1062 390 1104 fugit?
411 1065 520 1104 Bong.

327 1114 487 1150 Quantum
498 1115 599 1147 odium
615 1126 655 1147 ea:
669 1116 811 1157 superbia
824 1119 916 1157 pater
930 1117 986 1148 ha-

281 1163 404 1205 buerat]
435 1165 562 1198 Habere
585 1167 689 1197 odium
715 1167 789 1208 quis
814 1166 905 1199 ferat
922 1168 984 1198 La-

282 1214 352 1245 tine
365 1214 508 1246 doctus?
530 1215 679 1247 Delend.
693 1216 854 1257 habuerat,
865 1221 900 1249 et
911 1217 987 1248 sub-

279 1264 437 1297 audiend.
453 1269 685 1298 contraxerat.
713 1267 821 1298 (ἐι-(ευ.

325 1315 376 1355 §3
399 1313 577 1355 Arsacidae]
606 1315 792 1347 Arsacides
814 1326 891 1357 pro,
917 1315 983 1348 Ar-

279 1373 371 1395 sace.
393 1364 539 1396 Arsaces
555 1365 755 1397 dicebantur
772 1376 886 1398 omnes
899 1367 984 1398 Par-

280 1414 414 1444 thorum
439 1423 556 1454 reges;
580 1423 656 1446 xm.
673 1419 705 1446 5.
722 1418 755 1448 6.
797 1415 863 1447 Sed
887 1420 922 1447 et
938 1425 980 1448 11.

278 1465 310 1494 6.
326 1466 358 1495 9.
380 1463 589 1504 Amphictyon
614 1464 648 1495 in
664 1465 750 1496 Mss.
767 1470 821 1497 est
834 1465 982 1507 Amphic-

277 1513 440 1553 tyonides:
469 1513 653 1545 Prusiades
679 1519 733 1546 est
759 1515 898 1546 Prusias
926 1526 980 1557 ap.

277 1563 480 1603 Varronem,
495 1565 589 1605 cujus
606 1565 716 1595 locum
733 1575 836 1606 supra
852 1566 980 1597 notavi-

277 1623 374 1644 mus:
409 1618 445 1645 et
474 1614 612 1655 Callias,
642 1615 703 1646 sub
732 1625 798 1656 quo
829 1615 981 1648 Athenas

278 1663 414 1694 Xerxes
424 1663 587 1703 incendit,
600 1664 890 1697 Diodorodicitur
903 1667 979 1698 Cal·

275 1713 402 1745 liades:
430 1718 478 1752 et,
502 1713 592 1755 quod
616 1714 731 1747 miritls
756 1719 819 1756 est,
844 1715 979 1747 Auctor

276 1768 392 1793 noster
417 1772 458 1794 11.
476 1765 597 1794 12.11.
623 1773 697 1804 pro,
719 1764 900 1805 Thespias,
921 1775 977 1805 po-

275 1812 345 1843 suit
359 1812 590 1852 Thespiadas:
614 1813 660 1844 ita
684 1813 775 1844 enim
802 1818 885 1846 vett.
899 1814 976 1846 libri

274 1863 360 1894 Mss.
378 1873 505 1894 omnes.
528 1864 635 1903 Bong.

317 1914 335 1954 ξ
358 1917 376 1944 5
400 1914 495 1944 Pacis
509 1914 706 1946 simulatione
728 1916 871 1956 deceptus
891 1917 976 1957 capi-

271 1963 340 2003 tur]
368 1963 424 1994 De
439 1963 642 1994 liberatione
666 1965 836 1996 Demetrii
860 1975 878 1997 e
895 1976 974 2007 cap-

272 2013 408 2045 tivitate
429 2013 493 2044 ista
518 2013 682 2045 Parthica
708 2015 823 2055 agitur
839 2015 974 2047 demum

273 2072 403 2096 xxxm.
421 2067 451 2095 1.
482 2064 585 2096 Vorst.

316 2114 556 2154 Tradat-casque,
567 2113 638 2154 thu]
654 2114 726 2146 Liv.
740 2124 780 2147 Π.
792 2118 845 2147 38.
868 2116 878 2133 ‘
890 2116 972 2147 Ves-

269 2168 341 2196 tros
380 2165 505 2197 liberos
540 2165 719 2197 traductos
744 2176 780 2207 p.
806 2176 837 2199 o.
865 2168 972 2200 homi-

270 2215 374 2246 num.’

312 2267 331 2307 ξ
353 2269 373 2297 6
395 2267 498 2298 Juxta
512 2266 644 2306 cultum]
673 2266 730 2298 Ita
744 2276 797 2301 xl.
812 2270 844 2300 9.
860 2271 913 2302 15.
935 2272 971 2300 et

270 2325 438 2347 xxxvur.
453 2319 484 2347 9.
503 2318 534 2347 3.
558 2317 658 2347 Bern.

313 2366 467 2405 Benigne,
482 2364 551 2404 estu]
578 2365 666 2396 Saxo
684 2374 762 2397 vm.
780 2375 813 2406 p.
830 2369 903 2399 156.
915 2368 968 2398 21.

269 2417 279 2435 ‘
292 2415 395 2457 Apud
409 2425 508 2457 quem
525 2415 703 2456 benignius
719 2416 875 2448 habitus.’

303 2467 349 2507 §7
370 2465 507 2506 Trypho]
523 2465 647 2496 Dictus
658 2465 840 2497 Diodotus.
855 2465 967 2498 Strab.

270 2525 345 2547 xtv.
360 2519 397 2547 et
412 2524 487 2546 xvn
513 2514 662 2556 Appian.
685 2515 817 2555 Syriae.
841 2525 876 2556 p.
893 2518 967 2549 132.

269 2570 304 2597 et
319 2566 395 2598 Liv.
414 2565 510 2606 Epit.
527 2574 584 2597 ΙΝ.
607 2566 713 2605 Bong.

308 2615 463 2647 Antiocho
473 2614 638 2655 privigno]
669 2614 902 2646 Alexandrum
923 2615 968 2646 A-

266 2665 422 2697 lexandri
447 2665 541 2696 nothi
563 2664 670 2696 filium
692 2669 817 2696 vocant
838 2664 967 2705 Appia-

266 2725 342 2756 nus,
359 2715 473 2748 Livius
491 2714 585 2756 Epit.
601 2723 667 2746 Lu.
681 2719 716 2747 et
730 2723 786 2747 ΙΝ.
802 2724 884 2758 quos
899 2715 964 2756 leg.

267 2765 366 2796 Idem.

309 2815 328 2855 ξ
351 2817 370 2845 8
395 2814 461 2845 Diu
482 2814 600 2855 potius]
641 2814 837 2846 Triennium
861 2814 964 2846 habet

267 2865 434 2907 Josephus
448 2873 530 2898 xm.
548 2868 600 2898 12.
621 2864 678 2898 fin.
706 2867 800 2898 Bern.

1084 667 1102 706 ξ
1125 668 1146 696 9
1172 665 1326 696 Civitates
1341 674 1408 705 qnae
1424 663 1516 694 initio
1528 663 1670 701 fraterni
1686 663 1744 693 im-

1037 715 1119 756 perii
1142 714 1334 754 defecerant]
1373 715 1451 745 Non
1478 714 1632 744 dubitavi
1659 714 1745 744 reci-

1041 775 1122 806 pere
1138 766 1219 797 lect.
1235 764 1517 805 elegantissimam
1541 768 1576 794 et
1597 764 1745 794 certissi-

1040 826 1130 848 mam
1157 816 1211 847 ed.
1241 815 1340 847 Junt.
1371 825 1398 846 c.
1426 825 1455 854 q.
1481 814 1557 845 vitio
1575 812 1607 851 f.
1654 813 1745 846 Quia

1041 865 1197 897 nimirum
1228 866 1262 896 in
1293 865 1457 896 luxuriam
1499 864 1613 904 lapsus
1655 864 1743 894 male

1040 924 1181 956 regnum
1217 914 1465 946 administravit
1483 925 1491 945 ε
1527 913 1617 953 vitio,
1654 913 1676 944 i.
1710 923 1741 944 e.

1040 967 1141 1006 culpa
1163 965 1309 1006 imperii.
1346 965 1461 996 Plaut.
1481 962 1594 994 Aulul.
1612 972 1665 995 lv.
1691 966 1743 994 10.

1035 1016 1044 1033 ‘
1065 1016 1155 1048 Quia
1170 1015 1238 1046 vini
1255 1015 1337 1046 vitio
1354 1019 1388 1045 et
1405 1014 1528 1045 amoris
1546 1012 1636 1044 feci:
1670 1012 1743 1043 Ho-

1037 1069 1102 1096 rat.
1124 1074 1149 1096 1.
1178 1065 1216 1096 C.
1241 1067 1272 1096 2.
1311 1065 1320 1081 ‘
1339 1064 1469 1095 Audiet
1495 1072 1626 1103 pugnas
1657 1062 1742 1093 vitio

1035 1119 1215 1156 parentum
1230 1113 1521 1154 Rarajuventus.’
1546 1113 1654 1143 Graev.
1688 1112 1743 1144 Vi·

1034 1166 1079 1196 tio
1096 1175 1160 1196 non
1174 1164 1416 1196 contemnend.
1447 1162 1620 1195 Praecedit
1636 1162 1740 1201 enim,

1034 1216 1044 1232 ⁴
1065 1215 1187 1246 Frater
1214 1218 1360 1255 propter
1386 1213 1565 1253 segnitiam
1588 1217 1741 1244 contem-

1034 1268 1090 1296 tus
1104 1263 1195 1295 fuit!
1226 1265 1329 1296 Vorst.
1367 1264 1497 1294 Putant
1512 1263 1588 1294 vitio
1600 1263 1739 1304 legend.

1036 1315 1123 1346 Mihi
1141 1323 1239 1346 secus
1256 1314 1404 1352 videtur,
1428 1314 1482 1345 vel
1506 1318 1650 1354 propter
1674 1314 1738 1345 hoc

1034 1364 1156 1406 ipsum,
1172 1365 1250 1406 quia
1273 1363 1315 1395 de
1342 1363 1426 1395 vitio
1447 1363 1563 1394 fratris
1584 1363 1738 1403 proxime

1036 1416 1222 1456 praecessit.
1268 1415 1390 1446 Otiosa
1427 1413 1518 1445 enim
1552 1418 1644 1445 esset
1672 1414 1739 1444 ista

1035 1466 1208 1507 repetitiO.
1233 1464 1337 1503 Schef.

1078 1516 1094 1556 ξ
1119 1518 1159 1546 10
1181 1516 1257 1546 Jud.
1279 1524 1392 1555 quoque
1416 1514 1467 1555 qui
1488 1513 1522 1545 in
1537 1514 1737 1545 Macedonico

1035 1565 1164 1606 imperio
1189 1565 1243 1596 sub
1267 1565 1431 1596 Demetrio
1451 1564 1557 1605 patre]
1585 1564 1736 1605 Legend.

1035 1621 1117 1656 puto
1145 1616 1199 1656 qui
1220 1615 1276 1646 sub
1301 1616 1349 1647 M.
1381 1615 1455 1646 bello
1480 1615 1535 1646 sub
1554 1616 1599 1646 D.
1626 1618 1736 1655 patre:

1035 1670 1073 1696 ut
1091 1665 1303 1705 intelligatur
1320 1665 1446 1696 bellum
1461 1664 1736 1704 Macedonicum,

1036 1717 1125 1758 quod
1143 1717 1286 1748 Romani
1302 1716 1463 1747 adversus
1479 1717 1607 1747 Persea
1623 1726 1736 1756 gesse-

1034 1771 1122 1798 runt.
1166 1767 1312 1798 Biennio
1340 1768 1429 1798 enim
1454 1771 1635 1808 antequam
1663 1768 1735 1798 De-

1031 1817 1171 1848 metrius
1187 1818 1298 1857 Soter,
1322 1818 1421 1858 hujus
1446 1817 1606 1850 Antiochi
1625 1824 1735 1859 pater,

1029 1868 1065 1899 in
1093 1877 1235 1908 regnum
1263 1870 1368 1909 venit,
1388 1868 1495 1901 Judas
1515 1869 1734 1900 Machabaeus

1028 1918 1170 1950 Judaeos
1187 1919 1219 1949 in
1236 1918 1415 1959 pristinam
1431 1919 1628 1951 libertatem
1644 1929 1733 1951 asse-

1028 1968 1109 2007 ruit,
1126 1974 1164 1999 ut
1181 1968 1288 2000 tradit
1306 1968 1433 2000 Euseb.
1458 1969 1552 2001 Glar.

1069 2018 1270 2059 Judaeosque]
1300 2020 1380 2051 Tac.
1403 2019 1450 2050 H.
1467 2028 1500 2050 v.
1523 2018 1604 2051 Vid.
1628 2020 1734 2051 histo-

1024 2068 1109 2099 riam
1138 2068 1449 2101 Macchabaeorum.
1495 2069 1632 2110 Statim,
1661 2080 1731 2101 rna-

1022 2119 1080 2150 lim
1109 2119 1227 2159 legere
1264 2129 1284 2149 α
1313 2119 1527 2150 Macedonico.
1564 2121 1731 2161 Bongars.

1023 2167 1114 2199 Add.
1130 2167 1190 2200 inf.
1208 2177 1339 2200 xxxvr.
1355 2171 1386 2199 3.
1403 2171 1435 2199 9.
1459 2169 1558 2201 Rern.

1065 2219 1195 2249 Judoeos
1208 2218 1338 2258 quoque]
1369 2218 1424 2249 Ita
1446 2218 1559 2259 legere
1581 2219 1669 2249 malo
1687 2228 1730 2250 ex

1023 2268 1270 2308 antiquioribus
1298 2268 1391 2308 typis
1419 2277 1517 2308 expr.
1545 2278 1644 2309 quam
1671 2270 1731 2299 Ju-

1021 2318 1173 2357 daeosque.
1217 2318 1274 2348 De
1310 2317 1442 2350 Judaeis
1473 2327 1561 2349 nunc
1592 2318 1729 2349 demum

1023 2375 1125 2406 agere
1137 2366 1276 2407 incipit;
1298 2377 1374 2398 cum
1384 2368 1456 2408 jam
1475 2376 1608 2399 xxxlv.
1621 2370 1653 2399 3.
1670 2367 1729 2398 ubi

1024 2416 1066 2447 de
1091 2417 1262 2448 Antiocho
1282 2418 1459 2458 Epiphane
1482 2419 1567 2460 agit,
1593 2419 1636 2451 de
1662 2419 1727 2450 illis

1024 2467 1295 2507 agendffluisset.
1324 2469 1399 2499 Vor.

1066 2517 1154 2548 CAP.
1168 2526 1209 2549 11.
1232 2519 1250 2558 ξ
1267 2521 1284 2548 1
1301 2518 1400 2557 Origo
1408 2517 1617 2558 Damascena]
1636 2519 1728 2550 ‘Da-

1021 2575 1180 2597 mascena
1192 2566 1201 2579 '
1216 2576 1291 2607 pro,
1307 2568 1506 2598 Damascus.
1531 2567 1643 2599 Faber.

1071 2617 1159 2648 Unde
1185 2620 1216 2647 et
1242 2617 1384 2658 Assyriis
1412 2617 1537 2656 regibus
1563 2627 1662 2656 genus
1684 2628 1725 2649 ex

1021 2665 1132 2704 regina
1148 2665 1408 2705 Semiramisuit]
1440 2666 1531 2698 Quid
1553 2667 1580 2697 si
1604 2667 1654 2698 ita
1678 2668 1725 2698 le·

1021 2720 1143 2756 gatur:
1167 2717 1246 2746 unde
1262 2719 1293 2746 et
1307 2715 1412 2756 Syriis
1426 2715 1549 2755 regibus
1567 2727 1676 2757 gemm,
1693 2721 1724 2749 et

1019 2766 1137 2805 reginae
1152 2765 1455 2804 Semiranzidifuz't?
1473 2766 1633 2798 Glarean.
1653 2768 1721 2800 MS.

1020 2820 1053 2846 et
1069 2815 1091 2847 J
1097 2819 1162 2847 unt.
1180 2817 1259 2846 unde
1274 2818 1304 2846 et
1321 2816 1460 2855 Assyriis
1480 2816 1605 2855 regibus
1622 2827 1722 2856 genus

1018 2868 1047 2896 et
1063 2866 1181 2906 regina>
1195 2864 1482 2904 Semiramidifuit.
1519 2867 1660 2900 Constat
1676 2878 1719 2900 ex
