2174 3424
477 359 562 400 752

524 461 628 493 Sicuti
654 460 761 501 antea]
786 461 870 502 Sup.
887 469 926 492 11.
946 463 998 493 ll.
1014 463 1048 492 2.
1076 460 1178 492 Diod.

481 522 532 545 xl.
548 516 581 544 4.
605 513 702 544 Rern.

479 573 495 590 υ
523 565 599 605 <210
626 563 724 602 Cujus
748 566 838 603 turpe
862 565 929 593 erat
952 562 1030 593 allos
1045 561 1181 593 vindices

473 614 590 654 faisse]
614 615 704 648 Quia
717 614 885 655 quondam
898 613 1123 644 Athenienses
1138 613 1181 643 ad

482 675 518 697 se
533 665 743 705 potissimum
761 665 928 705 putabant
945 664 1128 705 pertinere,
1145 667 1183 694 ut

484 715 696 747 vindicarent
712 715 843 746 scelera
869 714 1047 746 commissa
1062 714 1096 744 in
1112 714 1185 744 De-

484 776 532 798 os.
584 766 732 797 Videtur
755 770 867 796 autem
894 765 1069 805 scripsisse
1092 765 1183 796 Just.

483 815 570 853 cajus
585 819 673 856 turpe
688 819 753 846 erat
766 816 855 857 alias,
870 816 947 846 alios
960 815 1096 846 vindices
1100 814 1186 853 sais-

484 875 526 898 se.
551 866 667 898 Schef.

528 917 546 957 ξ)
559 920 597 948 11
612 917 670 947 Illo
683 915 765 955 Deo]
778 914 952 956 Apolline,
963 914 1059 954 cujus
1070 923 1188 944 oracu-

486 967 557 998 lum
569 968 832 1005 consuluerunt;
846 976 920 1006 sup.
930 974 969 996 11.
982 968 1034 996 12.
1048 967 1099 996 13.
1109 965 1188 995 Ber.

533 1017 623 1051 Quod
661 1017 727 1056 illo,
754 1016 823 1057 εμπ]
872 1015 952 1046 Vid.
985 1014 1108 1055 Spanh.
1146 1013 1190 1045 ad

489 1066 624 1098 Callim.
639 1067 673 1097 in
686 1066 799 1107 Apoll.
816 1069 868 1097 55.

535 1117 593 1147 Tot
609 1117 685 1147 bella
701 1117 831 1147 victores
846 1113 1001 1154 inierant]
1025 1114 1102 1145 Hoc
1124 1122 1191 1143 non

490 1167 614 1207 capi03
637 1166 803 1207 quomodo
831 1166 918 1196 enim
936 1165 1082 1195 victores
1106 1162 1191 1193 inire

490 1222 636 1258 possunt
675 1217 782 1247 bella?
819 1218 827 1234 ‘
861 1216 955 1246 Inire
990 1213 1099 1245 bella’
1130 1216 1194 1252 est,

491 1267 610 1307 ordiri,
627 1268 790 1307 incipere.
835 1265 884 1297 At
908 1274 1006 1295 nemo
1022 1263 1131 1294 victor
1147 1263 1194 1292 in-

493 1318 672 1358 telligitur,
689 1327 765 1348 cum
782 1317 906 1347 bellum
923 1314 1055 1355 incipit.
1101 1315 1193 1354 Lego

492 1367 765 1408 igitiirfivtz'erant,
777 1376 876 1397 sensu
890 1365 1033 1405 optimo.
1055 1364 1064 1381 ‘
1080 1363 1194 1394 Fiuire

492 1417 603 1449 bella'
637 1418 764 1448 Noster
787 1416 865 1447 alibi
883 1424 1015 1456 quoque
1039 1417 1194 1452 usurpat.

493 1467 599 1505 Schef.
647 1468 724 1498 Non
749 1471 801 1497 est
824 1464 1063 1505 interpolanda
1092 1462 1197 1493 libro-

496 1528 570 1549 rum
598 1527 686 1548 omn.
713 1517 893 1557 scriptura.
939 1513 1116 1545 SententIa
1145 1516 1198 1544 est

494 1569 645 1610 liquida:
671 1568 736 1599 Illo
748 1567 904 1598 nimirum
915 1567 991 1597 Deo
1005 1565 1091 1595 duce
1103 1573 1197 1603 saepe

495 1629 531 1650 se
550 1620 638 1650 bella
653 1618 857 1658 suscepisse,
873 1617 906 1647 in
921 1616 1041 1658 quibus
1056 1614 1199 1645 fuissent

499 1669 659 1700 victores.
703 1668 739 1699 Si
767 1667 856 1698 enim
873 1668 968 1697 Deus
993 1671 1113 1696 auctor
1135 1663 1200 1695 fuit

499 1719 594 1758 belli,
609 1719 682 1760 quis
699 1718 741 1749 de
756 1717 898 1748 victoria
910 1715 1069 1746 dubitet?
1095 1715 1201 1745 Graev.

544 1769 631 1800 CAP.
648 1778 703 1800 111.
737 1769 753 1808 ξ
779 1770 795 1798 l
814 1767 877 1798 Sed
893 1777 946 1797 nec
962 1766 1126 1805 Philippus
1141 1774 1203 1796 me-

497 1819 587 1851 lioris
604 1818 701 1860 fidei]
732 1817 885 1857 Philippi
913 1817 1041 1847 scelera
1065 1815 1204 1855 egregie

500 1870 570 1901 suis
607 1868 776 1900 coloribus
825 1867 982 1907 depingit
1028 1865 1203 1896 Demosth.

506 1920 649 1961 Olynth.
667 1929 708 1950 ιι.
733 1920 830 1949 Rern.

548 1971 565 2010 ξ
589 1973 608 2000 2
635 1968 802 2008 Ciuitates]
839 1967 920 1999 Vid.
948 1976 1024 2008 sup.
1053 1975 1102 1996 lv.
1127 1968 1191 1996 3.5

504 2020 643 2052 Notaui.
680 2021 728 2051 la.

548 2072 564 2111 ξ
591 2073 610 2101 3
638 2070 790 2108 Conjuges
813 2069 982 2108 liberosque
1003 2066 1138 2097 omnium
1153 2064 1207 2096 sub

503 2132 616 2153 corona
636 2121 789 2160 vendidit]
822 2121 894 2151 Le.
924 2123 1103 2149 coronatos
1130 2126 1209 2147 ven·

507 2172 605 2202 didit.
651 2171 814 2201 Solebant
829 2170 932 2206 enim,
945 2170 998 2209 qui
1017 2168 1105 2198 bello
1117 2166 1208 2207 capti

507 2225 636 2260 essent,
652 2221 805 2252 coronati
822 2220 947 2251 venire.
978 2218 1055 2248 Vid.
1071 2223 1106 2248 et
1119 2217 1209 2248 Geli.

509 2281 575 2303 vu.
597 2276 628 2302 4.
664 2271 773 2302 Eand.
793 2271 928 2311 phrasin
945 2269 1012 2300 vid.
1028 2274 1064 2299 et
1080 2266 1139 2298 inf.
1157 2276 1209 2298 xr.

510 2326 541 2354 4.
555 2326 586 2353 7.
606 2327 641 2353 et
658 2331 787 2353 xxxiv.
803 2324 834 2353 2.
849 2325 880 2352 6.
908 2321 982 2351 Vor.

554 2375 570 2414 ξ
588 2376 607 2404 4
629 2371 850 2413 Hospitaliter]
895 2370 1072 2410 Tanquam
1089 2368 1212 2408 hospes

511 2428 546 2454 et
573 2424 719 2461 amicus3
749 2432 818 2463 qua
847 2420 984 2451 notione
1005 2420 1069 2449 hoc
1097 2418 1214 2448 adver-

511 2474 604 2505 bium
623 2473 720 2503 valde
738 2476 884 2502 amatum
898 2470 962 2500 fuit
979 2468 1087 2507 Livio,
1111 2473 1147 2498 ut
1164 2476 1212 2499 νι.

512 2526 567 2555 26.
603 2524 613 2541 ‘
632 2523 720 2553 Moti
744 2521 915 2561 extemplo
943 2524 1072 2560 patres,
1099 2518 1215 2549 vocari

514 2574 653 2614 eosjam
674 2578 744 2604 tum
766 2571 978 2611 hospitaliter
994 2570 1098 2609 magis
1115 2578 1214 2609 quam

514 2625 688 2656 hostiliter
704 2625 838 2665 jussere
853 2622 872 2653 ι’
898 2627 932 2653 et
961 2630 1052 2652 xxii.
1075 2623 1128 2651 30.
1161 2619 1216 2650 ‘A

514 2675 605 2705 notis
631 2673 823 2714 ignotisque
852 2671 996 2711 benigne
1025 2674 1126 2711 atque
1145 2669 1217 2699 hos-

515 2725 669 2765 pitaliler
686 2721 844 2753 invitati.’
890 2723 976 2753 Item
993 2724 1046 2752 54.
1069 2721 1078 2737 ‘
1093 2721 1218 2751 Cetera

517 2773 654 2814 publice
677 2784 715 2804 ac
738 2772 894 2814 privatim
912 2771 1128 2812 hospitaliter
1149 2769 1218 2800 fac-

520 2824 579 2855 ta!
605 2824 705 2854 Gron.

561 2875 577 2914 ξ
594 2877 614 2904 6
632 2874 669 2904 In
688 2872 927 2914 Cappadociam]
951 2873 1084 2904 Nomen
1099 2872 1219 2911 Cappa-

519 2925 613 2955 dacae
630 2926 660 2955 il.
679 2926 699 2955 l.
718 2929 913 2964 suspectum
926 2924 1004 2954 inihi
1020 2929 1082 2954 cst.
1112 2922 1220 2954 Nimis

933 366 1074 396 NOTAE
1107 365 1369 396 VARIORUM
1404 365 1453 394 ΙΝ

1229 459 1318 490 euim
1350 459 1456 490 distat
1483 468 1524 490 ea
1550 457 1643 489 natio
1667 468 1687 488 a
1709 455 1928 488 Macedonia.

1229 510 1294 542 Sed
1310 510 1378 541 vid.
1404 520 1484 541 num
1510 509 1628 540 Euboea
1655 517 1716 548 pro
1738 517 1778 538 eo
1794 505 1928 546 legend.

1230 562 1276 592 Et
1294 561 1457 601 quamvis,
1475 559 1564 600 quod
1581 557 1762 598 subjungit,
1785 557 1793 572 ‘
1811 555 1930 587 occisis

1230 611 1380 643 finitimis
1396 609 1557 651 regibus‚'
1581 610 1726 650 aliquem
1747 615 1933 639 commove-

1232 666 1288 693 at:
1325 666 1451 700 tamen,
1489 670 1564 691 cum
1601 658 1761 690 recordor
1785 657 1934 688 Alexan-

1233 712 1343 751 drum,
1357 721 1432 743 cum
1455 711 1642 741 exercitum
1655 709 1688 739 in
1704 707 1820 739 Asiam
1833 707 1934 737 duce-

1234 768 1299 802 ret,
1310 762 1462 802 jaculum
1479 761 1571 790 velut
1586 760 1620 790 in
1637 758 1793 789 hostilem
1808 761 1934 788 terram

1231 814 1373 854 jecisse,
1386 815 1423 842 ut
1434 816 1552 851 postea
1564 819 1616 841 x1.
1633 807 1782 840 ostendit
1792 806 1938 846 Auctor,

1237 870 1272 895 et
1301 862 1521 903 Cappadocia
1547 862 1648 901 longe
1672 860 1763 890 ultra
1789 858 1857 889 sita
1881 857 1938 897 sit,

1239 923 1305 944 nou
1324 913 1458 944 videtur
1474 911 1553 942 mihi
1563 909 1747 941 verisimile
1759 906 1939 948 Cappado-

1239 964 1324 996 ciam
1341 974 1359 994 a
1384 962 1546 1002 Philippo
1562 961 1627 992 hoc
1642 960 1761 990 saltem
1784 962 1939 997 tempore

1241 1015 1396 1056 petitam.
1442 1013 1545 1045 Certe
1561 1011 1663 1042 Diod.
1680 1019 1767 1041 anno
1787 1008 1941 1048 Philippi

1242 1073 1309 1096 xn.
1335 1064 1395 1095 sub
1412 1063 1511 1094 finem
1537 1061 1656 1092 scribit
1670 1058 1941 1091 Chalcidensium

1242 1114 1342 1145 urbes
1364 1114 1452 1145 bello
1476 1123 1495 1144 a
1518 1112 1675 1152 Philippo
1695 1110 1821 1151 petitas
1845 1118 1884 1139 ac
1909 1107 1942 1138 vi

1243 1169 1439 1205 occupatas,
1500 1164 1563 1194 Est
1598 1166 1709 1193 autem
1744 1159 1877 1191 Chalcis
1907 1158 1942 1188 in

1243 1216 1373 1246 Euboea
1384 1216 1478 1246 velut
1490 1218 1606 1254 caput.
1650 1213 1797 1252 Tempus
1813 1211 1847 1241 in
1859 1209 1943 1241 Dio-

1243 1265 1326 1296 doro
1338 1265 1511 1296 nobiscum
1523 1269 1588 1301 est,
1600 1272 1664 1293 nec
1676 1262 1782 1292 minus
1795 1265 1830 1292 et
1843 1264 1945 1291 antea

1244 1320 1279 1346 et
1296 1319 1417 1355 postea
1433 1313 1535 1345 facta.
1568 1314 1717 1343 Glarean.

1288 1365 1328 1395 In
1360 1363 1603 1404 Cappadociam]
1639 1361 1857 1401 Hellesponti
1895 1370 1947 1391 ιιι·-

1246 1414 1304 1445 bes
1334 1415 1568 1455 Micybernam
1600 1418 1636 1444 et
1669 1413 1837 1443 Toronem
1870 1411 1948 1442 Phi-

1245 1465 1376 1505 lippum
1400 1474 1487 1495 anno
1511 1473 1594 1495 xm.
1632 1472 1815 1503 occupasse
1839 1461 1948 1493 refert

1249 1514 1355 1545 Diod.
1387 1523 1465 1546 xw.
1496 1516 1548 1544 54.
1606 1513 1731 1544 Putavi
1766 1511 1948 1553 aliquando

1248 1565 1383 1604 legend.
1423 1564 1612 1602 Chalcidem,
1649 1573 1692 1594 ex
1734 1562 1809 1594 eod.
1844 1561 1949 1593 Diod.

1251 1624 1328 1647 XVI.
1345 1618 1397 1646 53.
1421 1615 1580 1653 Bongars.
1627 1613 1774 1644 Omnino
1790 1621 1832 1642 ex
1844 1611 1951 1643 Diod.

1251 1666 1317 1705 leg.
1357 1664 1580 1703 Chalcidicam,
1624 1673 1747 1704 nempe
1795 1662 1952 1694 Thraciae

1252 1721 1396 1756 partem,
1427 1715 1483 1745 ubi
1511 1715 1589 1745 olim
1615 1713 1729 1744 floruit
1753 1711 1952 1743 Diomedes.

1255 1766 1449 1808 Cappadocia
1467 1766 1554 1796 enim
1578 1765 1612 1796 in
1636 1763 1718 1795 Asia
1739 1764 1872 1794 Minore
1889 1762 1954 1794 sita

1254 1823 1317 1857 est,
1333 1827 1398 1858 quo
1421 1826 1592 1857 nunqnam
1614 1814 1809 1856 penetravit
1825 1813 1954 1853 Philip-

1255 1879 1331 1910 pus.
1358 1869 1491 1900 Gronov.
1536 1867 1632 1899 Junt.
1659 1866 1832 1897 Thraciam.
1871 1865 1955 1895 Mox

1256 1919 1313 1950 iid.
1337 1920 1436 1949 locare
1460 1928 1562 1948 maros
1586 1926 1643 1957 per
1665 1916 1816 1946 civitates.
1840 1915 1954 1947 Graev.

1257 1969 1333 2000 Hoc
1350 1967 1469 1998 falsum
1485 1971 1550 2006 est,
1571 1972 1607 1998 et
1624 1967 1710 1997 vidit
1726 1965 1954 2004 Bongarsius:

1257 2018 1346 2049 unde
1375 2018 1465 2048 enim
1495 2021 1564 2047 tam
1590 2015 1689 2047 facile
1720 2017 1753 2046 in
1779 2014 1957 2056 Cappado-

1258 2069 1343 2100 ciam
1374 2068 1565 2107 Philippus,
1592 2077 1666 2108 quae
1686 2066 1758 2097 fere
1783 2066 1815 2096 iu
1840 2066 1959 2096 ultima

1259 2124 1354 2159 parte
1368 2118 1469 2148 maris
1483 2117 1618 2147 Pontici
1633 2116 1741 2156 posita
1751 2116 1825 2146 est?
1843 2116 1960 2148 Quare

1260 2168 1344 2207 legit
1374 2168 1446 2207 ipse
1481 2166 1670 2204 Chalcidem,
1700 2175 1775 2206 quae
1804 2164 1960 2195 'l'hraciae

1261 2219 1474 2260 portiuncula
1491 2223 1541 2249 est
1567 2219 1607 2248 ad
1622 2227 1712 2248 mare
1730 2217 1877 2257 AEgaeum
1893 2227 1902 2254 ;
1926 2220 1962 2246 at

1261 2280 1325 2310 ego
1363 2269 1500 2309 propius
1536 2269 1576 2299 ad
1612 2268 1758 2308 vestigia
1791 2271 1962 2306 corruptae

1261 2321 1343 2351 lect.
1370 2319 1580 2350 Chalcidicam
1607 2319 1704 2358 lego;
1738 2318 1786 2348 ita
1809 2317 1897 2348 enim
1927 2320 1963 2347 et

1263 2371 1320 2402 illa
1337 2370 1531 2409 regiuncula
1547 2369 1686 2405 dicitur,
1703 2378 1779 2409 quae
1801 2367 1963 2399 Macedo-

1264 2421 1326 2451 niae
1342 2419 1481 2450 confinis
1493 2423 1557 2449 est.
1582 2419 1695 2450 Faber.
1731 2418 1827 2450 Junt.
1843 2418 1896 2449 ed.
1915 2418 1964 2449 uti

1266 2471 1381 2501 Graev.
1399 2473 1555 2508 testatur,
1579 2471 1612 2499 in
1640 2469 1817 2499 Thraciam.
1862 2468 1965 2500 Quod

1267 2519 1502 2558 rescriberem,
1519 2519 1581 2548 nisi
1599 2518 1641 2549 de
1660 2518 1793 2557 regibus
1809 2518 1964 2549 Thraciae

1268 2569 1438 2611 oppressis
1465 2569 1499 2599 in
1527 2568 1594 2598 fine
1624 2568 1758 2598 demum
1789 2568 1858 2608 huj.
1889 2577 1965 2608 cap.

1268 2625 1380 2651 actum
1393 2618 1555 2649 viderem.
1589 2618 1724 2648 Vellem
1741 2622 1775 2647 et
1790 2618 1823 2648 in
1838 2617 1968 2648 Cherso-

1267 2680 1386 2709 nesum,
1410 2669 1474 2699 nisi
1491 2668 1532 2699 dc
1556 2668 1838 2700 Chersonensium
1854 2668 1967 2698 multis

1270 2720 1408 2751 urbibus
1425 2719 1626 2759 expugnatis
1639 2718 1735 2748 initio
1748 2717 1882 2749 demum
1899 2728 1969 2759 seq.

1270 2771 1347 2802 libri
1379 2770 1505 2800 mentio
1532 2769 1642 2800 fieret.
1694 2769 1802 2809 Bong.
1832 2769 1969 2809 legend.

1272 2826 1372 2861 putat
1396 2821 1429 2851 in
1458 2820 1655 2851 Chalcidem.-
1685 2820 1840 2860 quoniam
1866 2819 1970 2850 Diod.

1273 2881 1348 2903 Χνι.
1381 2875 1433 2902 53.
1471 2871 1601 2909 scribit,
1636 2870 1832 2910 Philippum
1867 2870 1970 2901 urbes

1273 2923 1486 2954 Chalcidicas
1500 2923 1682 2962 subegisse.
1728 2921 1771 2951 Et
1782 2921 1879 2961 juvat
1892 2930 1969 2951 cou-
