2174 3424
556 405 750 436 JUSTlNl
784 404 878 435 mu.
911 405 983 435 Xl.
1015 406 1123 437 cAP.
1152 395 1196 436 8.
1505 393 1588 436 787

152 509 224 531 sam
236 508 309 531 esse
321 498 354 530 id
369 498 469 529 etiam
481 497 650 538 docuerit,
665 497 753 538 quod
768 507 846 528 mox

153 549 315 590 sequitur,
336 548 518 589 ‘jubentur
543 557 620 578 eum
646 557 763 588 regem
791 547 848 578 ob-

154 597 312 629 servare!
356 597 444 628 Nam
468 596 523 628 hic
547 607 630 628 voce
654 607 759 637 regem
781 607 849 628 nou

152 646 274 678 fuisset
304 656 399 686 opus,
427 647 455 677 si
494 647 726 687 praecessisset
752 647 848 686 regis.

154 696 271 737 Scheff'.
315 696 497 737 Nunquam
519 695 700 737 ‘persona’
723 695 850 736 simpli-

154 747 241 778 citer
255 746 301 776 sic
315 750 497 786 usurpatur
510 745 604 777 bonis
617 746 850 786 scriptoribus-

156 796 223 828 Sed
239 796 248 814 ‘
261 795 304 826 de
321 805 466 836 persona
483 796 571 836 regis
587 794 851 827 consulentibus'

155 850 220 886 est,
235 845 467 887 quaerentibus
483 846 537 876 cui
560 854 740 885 personam
763 844 852 884 regis

154 897 221 928 sint
235 895 438 936 imposituri.
474 895 570 927 Sicut
591 894 601 912 ‘
615 904 759 935 persona
774 904 853 926 con-

156 945 252 977 sulis’
269 950 334 986 est,
344 946 490 977 consulis
506 945 654 987 dignitas
670 949 706 976 et
720 954 853 976 munus.

160 995 267 1027 Graev.

195 1046 328 1076 Euntem
337 1044 488 1086 plaustro]
498 1045 554 1077 Sic
565 1053 639 1076 xm.
651 1048 682 1076 3.
692 1047 724 1076 4.
740 1045 749 1062 ‘
759 1044 854 1086 equis

157 1094 340 1134 incedere‚'
362 1096 371 1112 ‘
386 1104 488 1134 super
503 1104 605 1135 equos
622 1093 698 1125 ire.'
724 1094 812 1125 Vors.

201 1145 218 1184 ς
243 1147 282 1175 13
310 1144 452 1185 Vehentz']
474 1144 613 1175 Passive
627 1145 690 1175 hoc
702 1148 755 1175 est
769 1143 856 1175 acci-

157 1193 272 1234 piend.
295 1193 371 1224 eod.
393 1203 439 1225 sc.
465 1203 575 1232 sensu,
597 1203 663 1235 quo
682 1194 753 1224 Cic.
771 1193 857 1224 dixit

157 1244 202 1275 de
218 1243 270 1275 Cl.
287 1243 426 1275 Orator.
442 1254 516 1284 cap.
531 1247 584 1276 97.
620 1244 630 1261 ‘
644 1243 857 1275 Adolescen-

157 1293 206 1325 tia
222 1302 283 1334 per
295 1294 422 1324 medias
435 1293 553 1325 laudes
572 1294 668 1334 quasi
682 1294 857 1335 quadrigis

158 1344 284 1375 vehens
295 1343 314 1374 :’
340 1348 376 1375 et
392 1344 434 1375 de
451 1344 495 1375 N.
513 1344 556 1375 D.
573 1353 600 1374 1.
613 1347 667 1376 28.
694 1344 703 1361 ‘
723 1343 857 1374 Mariti-

159 1402 233 1424 mus
257 1392 376 1424 Triton
403 1393 557 1433 pingitur
584 1393 780 1424 natantibus
808 1392 857 1422 in-

160 1446 286 1476 vehens
300 1444 444 1482 belluis,'
457 1455 531 1485 pro,
543 1445 710 1483 invectus,
722 1434 857 1484 besem

159 1486 343 1536 tamenn.
368 1495 458 1526 Add.
470 1496 542 1526 Liv.
554 1498 707 1526 xx11.49.
717 1498 748 1526 7.
764 1495 860 1525 Suet.

161 1545 247 1576 Caes.
264 1548 317 1576 37.
342 1548 372 1575 3.
395 1550 430 1575 et
452 1547 504 1576 78.
520 1547 552 1575 3.
568 1548 603 1575 et
619 1544 739 1575 Claud.
756 1546 811 1574 28.
827 1546 857 1574 3.

161 1598 198 1625 et
213 1598 328 1624 notata
344 1593 500 1624 Rubenio
517 1593 630 1624 Elect.
647 1602 671 1623 1.
689 1596 720 1624 4.
745 1593 845 1623 Bern.

205 1643 349 1682 Regnum
362 1642 510 1682 delatum]
528 1642 593 1673 Ms.
607 1642 742 1683 quidam
756 1641 860 1672 habet

161 1702 189 1724 r.
203 1693 232 1723 ei
254 1694 284 1723 d.
312 1692 399 1723 unde
421 1693 529 1732 possit
551 1691 717 1731 suspicari
740 1691 859 1731 aliquis

161 1743 251 1776 Just.
274 1743 446 1784 scripsisse
468 1753 526 1783 quo
550 1743 700 1779 vehente;
726 1751 801 1772 nam
825 1745 861 1772 et

163 1793 318 1823 vehicula
350 1792 472 1823 vehere
507 1791 721 1831 dicebantur,
751 1795 789 1821 ut
819 1799 862 1820 ex

164 1841 266 1873 Ovid.
281 1841 410 1882 pridem
427 1841 526 1872 docui
545 1841 604 1872 lib.
618 1850 644 1872 1.
663 1841 727 1872 Rei
741 1839 862 1871 Vehic-

165 1901 241 1932 cap.
260 1894 311 1922 17.
334 1891 438 1929 Schef.

206 1941 370 1980 Majestati
400 1941 509 1980 Regiae
539 1939 742 1980 consecravit]
775 1940 861 1972 Quae

165 1993 272 2024 veluti
286 1992 360 2022 Dea
377 2001 431 2032 ap.
454 1992 528 2022 illos
544 1992 641 2022 Vett.
668 1996 756 2028 erat,
771 1989 861 2020 unde

164 2047 201 2074 et
228 2047 296 2073 tam
323 2040 481 2082 frequens
506 2043 656 2073 Deorum
686 2039 862 2079 Regalium

164 2092 303 2123 mentio.
348 2091 522 2131 AEschylus
540 2095 653 2121 autem
677 2097 863 2120 assessores

162 2142 243 2174 Jovi
265 2141 352 2172 facit
374 2145 468 2172 BIAN
491 2145 528 2172 et
552 2141 719 2180 ΚΡΑΤΟΣ,
741 2139 812 2170 Vim
828 2141 864 2169 et

167 2191 286 2230 Robur,
301 2201 327 2222 s.
343 2191 544 2222 Poteslatem.
567 2189 690 2221 Faber.

206 2241 224 2280 ᾗ
248 2242 288 2271 14
312 2240 388 2270 Post
403 2240 480 2270 hunc
490 2240 582 2281 filius
597 2240 690 2270 Mida
704 2237 863 2277 regnavit]

166 2289 275 2331 Atqui
296 2299 362 2321 vn.
387 2292 418 2321 1.
442 2293 492 2321 ll.
516 2289 649 2327 scribit,
675 2287 804 2318 Midam
829 2286 864 2317 in

165 2341 302 2380 Europa
325 2343 456 2380 partem
471 2338 686 2370 Macedoniae
703 2336 865 2376 tenuisse,

165 2389 314 2430 indeque
344 2389 479 2428 pulsum
505 2387 621 2419 fuisse.
665 2387 750 2419 Quae
783 2395 865 2427 quo-

165 2438 265 2470 modo
278 2447 344 2469 non
359 2442 562 2478 repugnent,
576 2447 652 2468 cum
665 2436 785 2467 Vossio
798 2445 865 2466 non

164 2489 355 2529 intelligere
369 2497 422 2519 me
435 2487 558 2519 fateor.
601 2487 768 2518 Arrianus
784 2495 865 2526 quo-

167 2549 232 2580 que
243 2539 302 2569 lib.
315 2548 356 2569 n.
372 2538 503 2569 Midam
520 2538 650 2569 Gordio
667 2537 699 2567 in
715 2535 866 2576 Phrygia

167 2592 384 2629 procreatum
399 2587 534 2626 scribit,
557 2591 593 2618 et
617 2596 637 2617 a
659 2585 866 2626 Phrygibus,

167 2648 244 2670 cum
270 2638 305 2669 hi
330 2638 498 2669 seditione
526 2637 733 2675 laborarent,
758 2640 795 2666 et
823 2634 865 2665 ab

169 2688 303 2719 oraculo
332 2687 453 2718 moniti
482 2691 598 2718 essent
633 2696 768 2717 currum
799 2686 864 2716 illis

168 2747 282 2778 regem
297 2738 475 2768 allaturum
495 2736 552 2777 qui
575 2736 778 2768 seditionem
803 2735 866 2766 tol-

170 2788 267 2826 leret,
281 2797 395 2828 regem
410 2788 630 2818 constitutum
647 2795 734 2817 esse.
777 2785 867 2816 Vors.

213 2837 262 2868 Ab
287 2839 408 2878 Orpheo
427 2847 583 2869 sacrorum
603 2835 784 2868 solemnibus
806 2836 867 2866 ini-

170 2888 283 2929 tiatus]
306 2889 384 2920 Fuit
399 2888 488 2920 enim
502 2888 679 2930 theologus
697 2887 869 2927 Orpheus.

893 497 993 529 Unde
1012 498 1133 529 Horat.
1150 498 1258 539 Epist.
1274 507 1314 530 11.
1328 501 1359 530 3.
1382 497 1392 516 ⁴
1407 498 1588 530 Silvestres

895 547 1044 579 homines
1067 557 1162 579 sacer
1184 549 1419 590 interpresque
1444 549 1591 580 Deorum

898 597 1057 628 Caedibus
1073 602 1108 628 et
1123 597 1214 628 victu
1230 597 1321 629 foedo
1345 598 1511 629 deterruit
1528 598 1594 629 Or·

898 647 1024 687 pheus:
1048 647 1171 678 Dictus
1198 647 1239 677 ab
1265 647 1328 678 hoc
1355 648 1461 678 lenire
1486 648 1593 687 tigres

898 695 1102 737 rabidosque
1115 696 1252 727 leones.’
1284 696 1364 727 vid.
1380 696 1534 727 Servium
1551 697 1594 727 ad

898 745 982 777 illud
996 746 1116 786 Virgil.
1139 746 1212 777 AEn.
1233 755 1282 777 νι.
1304 748 1379 777 645.
1413 746 1508 776 ‘Nec
1530 755 1594 776 non

899 795 1071 827 Threicius
1093 796 1192 836 longa
1211 806 1288 827 cum
1304 800 1398 827 veste
1414 796 1597 827 sacerdos?

902 846 990 877 Mod.
1025 845 1139 879 Conon
1156 856 1210 886 ap.
1226 846 1329 876 Phot.
1346 846 1486 876 Narrat.
1503 855 1528 876 ¹.
1545 855 1596 876 re-

902 895 982 935 fert,
993 895 1081 937 quod
1092 896 1204 926 Midas
1227 894 1362 936 Ὀρφέως
1372 895 1450 926 κατὰ
1461 894 1597 935 Πιέρειαν

902 945 939 976 τὸ
954 944 1020 986 ὅρος
1035 945 1184 986 ἀκροατὴς
1198 945 1369 985 γενόμενος,
1382 947 1514 977 πολλαῖς
1526 944 1599 984 τέχ-

903 1007 966 1027 ναις
980 997 1102 1036 Βρυγῶν
1117 994 1285 1031 βασιλεύει.
1315 996 1399 1026 Voss.

964 1046 1176 1085 Religionibus
1205 1046 1355 1085 implevit,
1380 1044 1499 1085 quibus,
1529 1045 1598 1085 δῖα]

904 1097 1060 1128 Lactant.
1087 1096 1130 1127 de
1156 1096 1213 1127 Ira
1237 1105 1263 1127 1.
1292 1099 1344 1127 l2.
1379 1095 1536 1135 ‘Religio
1563 1099 1600 1125 et

904 1147 1004 1178 timor
1019 1146 1088 1178 Dei
1103 1147 1193 1177 solus
1207 1150 1268 1185 est,
1294 1146 1351 1186 qui
1373 1145 1522 1176 custodit
1543 1144 1601 1175 ho-

905 1196 1032 1227 minum
1052 1197 1140 1227 inter
1156 1206 1192 1226 se
1208 1195 1431 1227 societatem.²
1469 1195 1540 1226 Cic.
1558 1196 1600 1226 de

907 1247 953 1278 N.
970 1247 1014 1277 D.
1032 1256 1057 1277 1.
1072 1249 1104 1277 2.
1138 1247 1146 1263 ‘
1161 1246 1299 1277 Pietate
1324 1246 1485 1277 adversus
1512 1246 1602 1276 Deos

906 1296 1051 1335 sublata,
1077 1295 1161 1327 fides
1188 1297 1287 1327 etiam
1312 1300 1348 1326 et
1373 1296 1518 1326 societas
1545 1297 1603 1326 hu-

906 1346 997 1377 mani
1013 1347 1158 1386 generis,
1173 1351 1208 1377 et
1231 1356 1296 1377 una
1316 1346 1603 1377 excellentissima

906 1396 1162 1436 virtusjustitia
1177 1396 1330 1428 tollitur!
1368 1396 1507 1427 Causam
1525 1405 1604 1435 ape-

908 1446 953 1477 rit
976 1447 1048 1477 Liv.
1073 1455 1097 1477 1.
1121 1449 1172 1477 21.
1197 1449 1226 1476 l.
1248 1450 1284 1476 et
1306 1449 1333 1477 2.
1359 1445 1440 1476 item
1457 1454 1480 1476 1.
1504 1448 1554 1477 19.
1570 1448 1602 1476 4.

908 1496 1008 1526 Unde
1022 1496 1113 1527 Plut.
1125 1495 1200 1526 adv.
1211 1496 1364 1527 Colotem
1378 1499 1430 1527 47.
1454 1496 1463 1512 ‘
1474 1495 1603 1526 Urbem

909 1545 1007 1577 citius
1025 1545 1096 1575 sine
1113 1546 1195 1583 solo,
1221 1556 1321 1586 quam
1342 1546 1508 1585 rempubl.
1532 1545 1604 1575 sine

909 1594 1067 1635 opinione
1091 1594 1134 1625 de
1161 1595 1248 1633 Diis,
1273 1599 1332 1626 aut
1358 1595 1518 1625 constitui
1546 1599 1605 1625 aut

910 1644 1123 1675 constitutam
1140 1644 1267 1675 servari
1285 1644 1396 1684 posse’
1415 1644 1551 1675 scribit:
1569 1649 1605 1675 et

909 1697 961 1725 48.
995 1694 1004 1711 ‘
1018 1694 1232 1734 Religionem
1256 1694 1425 1725 vinculum
1443 1694 1513 1725 sive
1530 1703 1605 1725 coa-

910 1744 1037 1783 gulum’
1070 1748 1167 1774 vocat
1191 1744 1321 1774 ‘omnis
1351 1743 1539 1782 societatis,
1570 1747 1606 1773 et

904 1794 1049 1835 justitiae
1074 1792 1345 1824 firmamentum!
1382 1793 1434 1823 De
1449 1792 1534 1823 falsa
1550 1792 1605 1823 ille

912 1843 1066 1884 quidem:
1091 1844 1149 1874 sed
1174 1848 1300 1884 quanto
1320 1843 1425 1883 magis
1440 1842 1473 1872 id
1490 1851 1606 1873 verum

911 1893 953 1924 de
970 1893 1068 1923 vera?
1092 1893 1191 1923 Rern.

954 1943 971 1982 ξ
996 1945 1036 1973 16
1065 1942 1238 1973 Violentius
1265 1943 1386 1972 oraculo
1408 1941 1494 1981 usus]
1539 1941 1607 1971 Vix

911 1991 1098 2032 persuadeo
1122 1992 1201 2022 mihi
1227 1991 1276 2022 sic
1301 1991 1391 2023 Just.
1421 1991 1606 2031 scripsisse.

912 2042 1090 2074 Quodnam
1106 2042 1168 2073 hoc
1183 2040 1340 2082 loquendi
1362 2050 1480 2081 genus,
1493 2041 1608 2071 violen-
1629 2047 1634 2055 ·

911 2096 960 2123 ter
982 2093 1030 2122 uti
1051 2089 1195 2123 oraculo?
1217 2091 1296 2132 quid
1320 2096 1372 2122 est
1395 2091 1443 2121 uti
1465 2089 1608 2122 oraculo!

912 2142 982 2173 Pro
997 2152 1068 2173 usus
1080 2142 1185 2181 gladio
1201 2141 1277 2172 libri
1302 2141 1385 2172 Mss.
1401 2140 1526 2172 habent
1541 2142 1608 2172 uni-

911 2201 1000 2223 versa
1017 2192 1082 2222 uris
1100 2192 1146 2231 gl.
1183 2190 1284 2222 Unde
1305 2195 1390 2232 puto
1407 2190 1571 2230 scriptum
1590 2202 1610 2221 a

913 2242 1022 2282 prima
1037 2251 1137 2272 manu
1158 2240 1277 2272 fuisse:
1302 2241 1466 2272 violentius
1486 2243 1609 2272 oraculo

912 2292 1065 2329 universa,
1080 2301 1151 2321 usus
1170 2291 1289 2331 gladio,
1313 2291 1482 2322 loramento
1504 2292 1607 2322 caedit.

914 2341 964 2372 Ut
978 2340 1142 2371 violentius
1158 2342 1278 2371 oraculo
1301 2341 1345 2372 sit
1368 2341 1470 2381 idem,
1485 2351 1524 2372 ac
1542 2342 1610 2371 vio-

913 2390 1048 2428 lentius,
1065 2400 1162 2430 quam
1184 2391 1371 2430 oraculum,
1394 2396 1477 2432 puta
1499 2391 1611 2431 exige-

914 2439 987 2478 bat,
1005 2439 1058 2469 vel
1075 2439 1224 2471 dicebat.
1248 2439 1354 2478 Schef.

958 2490 1046 2521 CAP.
1063 2498 1143 2520 vm.
1172 2491 1189 2530 ξ
1205 2493 1224 2520 2
1243 2490 1434 2529 Quingenta,
1447 2488 1514 2530 θα]
1540 2489 1611 2521 Liv.

914 2548 1031 2570 xxvu.
1056 2541 1111 2569 45.
1148 2538 1157 2555 ‘
1175 2538 1361 2579 Postquam
1380 2540 1451 2579 jam
1478 2543 1610 2570 tantum

914 2588 1083 2620 intervalli
1100 2588 1141 2618 ab
1154 2588 1250 2619 hoste
1266 2588 1422 2620 fecerat.'

957 2641 976 2669 3
1003 2637 1120 2678 Cydni]
1141 2637 1264 2678 Ψυχρὸν
1289 2637 1324 2668 δέ
1347 2644 1425 2679 φασι
1450 2638 1501 2669 καὶ
1528 2637 1611 2676 ταχὺ

914 2688 952 2720 τὸ
978 2689 1072 2728 ῥεῦμα
1095 2688 1150 2717 τοῦ
1180 2689 1305 2720 Κύδνου.
1341 2689 1498 2720 Eustath.
1531 2689 1611 2718 Vid.

916 2744 1042 2781 praeter
1058 2738 1152 2769 Plut.
1171 2738 1268 2771 Alex.
1287 2748 1362 2779 cap.
1381 2742 1434 2770 29.
1468 2738 1544 2770 Val.
1560 2738 1610 2769 M.

916 2799 972 2821 111.
990 2789 1052 2819 ult.
1080 2787 1249 2819 Diodorus
1274 2797 1369 2820 xv11.
1394 2791 1446 2819 31.
1478 2797 1612 2820 causam

916 2839 1024 2873 morbi
1038 2838 1162 2868 nullam
1178 2836 1286 2869 affert.
1316 2839 1422 2878 Bong-

961 2891 1000 2922 In
1026 2887 1245 2929 praefrigidam
1272 2888 1401 2929 undam]
1438 2886 1555 2919 Malim
1580 2887 1613 2918 in
