2174 3424
619 385 814 417 JUSTlNl
848 385 942 414 ma.
975 385 1005 414 1.
1040 385 1144 415 car.
1175 376 1216 416 3.

219 480 397 514 sinentiam
407 478 625 511 Barbaricam
639 488 706 510 non
717 477 822 509 habet
834 488 843 516 ;
867 477 915 508 al-

220 538 295 565 tera
323 530 414 572 quod
444 527 625 560 manifeste
659 527 823 568 scriptum
862 530 916 557 est

218 581 354 614 Arbaces
378 580 413 610 in
436 579 502 610 illis
525 577 691 618 Prologis,
716 577 773 618 qui
796 586 814 608 e
829 577 914 607 Mss.

218 630 327 664 Codd.
338 641 356 662 a
368 630 535 670 Bongars.
545 638 578 660 v.
591 629 634 660 cl.
647 627 813 668 publicati
825 630 916 658 sunt.

219 681 320 713 Adde
335 680 399 712 hoc
415 679 505 722 quod
525 679 574 710 ita
590 677 795 718 Chronologi
812 677 915 718 paulo

216 730 430 761 eruditiores.
466 728 580 760 Faber.
645 727 710 759 Ed.
738 727 835 760 Junt.
865 726 916 757 uti

217 780 335 812 Graev.
345 778 665 819 testatur,Arbacus.
692 778 739 809 Et
750 787 805 819 ap.
818 777 916 808 Oros.

217 830 276 872 qui
301 839 346 861 ex
381 829 510 861 Nostro
537 828 718 869 excerpsit,
746 837 771 859 1.
800 830 853 859 19.
880 827 915 858 in

218 880 327 912 Codd.
341 879 425 911 Mss.
450 883 490 911 ut
511 879 634 910 Frauc.
653 878 832 910 Fabricius
849 884 916 910 tes-

216 933 321 970 tatur,
336 933 390 962 est
403 929 559 961 Arbatus:
581 928 671 970 quod
685 928 822 970 quidem
838 938 915 970 per-

216 990 333 1022 peram
348 990 409 1022 pro
423 980 565 1012 Arbacus
577 980 744 1021 scriptum
756 984 913 1020 apparet.

217 1031 325 1062 Porro
347 1030 488 1062 Arbacus
512 1030 594 1061 illud
612 1031 751 1071 propius
777 1029 915 1061 accedit

217 1081 259 1112 ad
270 1090 386 1113 verum
395 1079 557 1122 Ἀρβάκης,
565 1081 712 1120 Arbaces,
725 1080 815 1122 quod
826 1090 915 1121 prae-

217 1130 312 1163 fecto
327 1130 405 1162 huic
429 1131 487 1162 alii
513 1136 584 1162 tum
600 1131 727 1169 Graeci,
752 1134 823 1161 tum
848 1130 913 1161 La-

216 1181 290 1221 tini,
318 1185 474 1212 auctores
504 1181 671 1213 tribuunt.
726 1181 767 1211 In
797 1184 913 1212 vetere

217 1232 364 1273 denique
380 1232 529 1272 Prologo
545 1231 615 1272 huj.
639 1232 715 1263 libri
731 1230 912 1262 manifeste

215 1286 268 1313 est
291 1281 462 1313 Arbacem:
486 1291 529 1312 ex
549 1291 615 1322 quo
638 1281 750 1322 ipsum
765 1281 913 1322 Trogum

216 1331 338 1372 Pomp.
353 1335 389 1363 et
408 1330 551 1362 fortasse
566 1331 754 1370 Justinum,
777 1340 912 1372 quoque

215 1382 264 1413 sic
294 1381 469 1422 scripsisse
499 1381 683 1412 verisimile
715 1381 770 1412 sit.
826 1381 913 1412 Sunt

215 1432 306 1463 enim
322 1432 461 1471 Prologi
477 1432 547 1471 isti,
571 1436 608 1462 ut
630 1431 731 1463 facile
754 1435 913 1472 apparet,

215 1492 283 1513 non
298 1482 332 1512 in
350 1482 531 1522 Epitomen
545 1481 685 1518 Justini,
702 1482 805 1512 sedin
821 1482 913 1522 ipsas

217 1532 390 1563 Historias
419 1531 633 1572 Philippicas
660 1531 762 1571 Trogi
790 1532 913 1571 Pomp.

215 1581 374 1614 confecti.
403 1582 507 1613 Vorst.
550 1582 647 1613 Junt.
658 1580 810 1620 Arbacus,
823 1580 913 1611 uude

217 1634 333 1666 Graev.
349 1637 384 1664 et
398 1634 515 1664 Vorst.
533 1632 681 1671 Arbaces,
693 1631 784 1673 quod
801 1631 854 1662 vel
871 1631 913 1662 ob

217 1684 398 1715 lectionem
426 1683 569 1714 similem
598 1683 632 1713 in
658 1682 817 1722 Prologis
845 1691 914 1712 am-

216 1734 360 1774 plector.
384 1732 489 1771 Schef.

260 1785 382 1823 Magna
407 1783 592 1822 ambitione]
624 1781 822 1813 ‘Ambitio'
859 1781 913 1812 hic

217 1842 278 1874 pro
293 1832 418 1872 studio,
435 1832 617 1870 industria,
641 1836 676 1862 et
691 1831 913 1862 contentione

214 1882 340 1924 aliquid
357 1881 504 1913 faciendi
520 1885 579 1912 aut
593 1880 812 1921 impetrandi.
844 1880 913 1911 Ne-

215 1943 275 1974 pos
294 1942 330 1964 x.
354 1935 429 1964 2.2.
452 1932 461 1949 ‘
479 1932 605 1971 Magna
622 1941 699 1962 cum
724 1930 911 1962 ambitione

213 1987 397 2026 Syracusas
418 1982 604 2025 perduxit!
643 1983 714 2014 Cic.
730 1992 754 2014 1.
778 1982 820 2013 ad
837 1982 912 2014 Att.

217 2039 247 2067 1.
272 2036 281 2054 ‘
299 2035 339 2066 In
356 2044 420 2076 quo
436 2044 502 2065 uuo
519 2033 664 2064 maxime
681 2032 821 2064 ambitio
837 2042 913 2063 nos-

213 2091 268 2118 tra
284 2086 427 2118 nititur!
471 2086 526 2117 Sic
553 2090 590 2117 et
615 2085 805 2116 derivatum
833 2084 911 2116 inde

213 2137 393 2169 ambitiosus
405 2146 471 2167 non
484 2135 583 2167 modo
596 2145 685 2171 eum,
696 2137 754 2177 qui
769 2135 912 2166 honores

214 2186 368 2227 affectat,
386 2187 446 2217 sed
463 2191 498 2218 et
513 2196 602 2225 eum,
623 2186 681 2228 qui
696 2195 818 2227 magna
833 2195 912 2217 con-

213 2236 367 2268 tentione
384 2245 423 2267 ae
439 2235 550 2267 studio
564 2236 691 2277 aliquid
706 2235 801 2276 facit,
814 2236 913 2276 signi-

212 2285 305 2317 ficat.
333 2285 399 2317 Ov.
415 2295 473 2317 111.
492 2286 534 2317 de
560 2287 662 2317 Pont.
680 2287 743 2327 Ep.
760 2289 790 2318 1.
815 2287 824 2304 ‘
842 2286 910 2317 Sed

215 2340 328 2367 tamen
353 2335 418 2367 1100
441 2335 543 2367 factis
570 2336 716 2376 adjunge
743 2336 911 2378 prioribus

213 2395 329 2426 unum,
355 2386 425 2416 Pro
453 2386 576 2417 nostris
601 2390 641 2417 ut
665 2386 711 2417 sis
731 2386 911 2417 ambitiosa

212 2436 330 2468 malis!
358 2436 460 2468 Vorst.

269 2485 464 2527 Purpuram]
501 2485 595 2517 Plut.
611 2494 652 2517 11.
688 2485 731 2516 de
760 2485 911 2516 Fortuna

212 2535 415 2568 Alexandri.
451 2537 609 2577 Bongars.
667 2537 746 2568 Non
777 2541 909 2568 temere

212 2586 297 2618 Mss.
317 2596 472 2627 purpuras
494 2588 557 2617 colo
577 2590 707 2618 nentem.
730 2586 851 2617 Horat.
866 2595 908 2617 11.

213 2635 282 2667 od.
299 2639 352 2667 18.
383 2637 393 2654 ⁴
410 2637 486 2668 Nec
513 2637 699 2668 Laconicas
723 2636 803 2667 mihi
829 2637 908 2667 Tra-

210 2686 295 2718 hunt
335 2687 487 2718 honestae
532 2697 699 2728 purpuras
751 2686 909 2718 clientae.’

215 2736 327 2768 Graev.

257 2787 422 2817 Oculorum
440 2786 582 2826 lascivia]
616 2787 702 2819 Quae
729 2785 907 2827 Petronio,

207 2835 217 2853 ⁶
237 2837 412 2868 oculorum
434 2847 568 2878 quoque
590 2836 726 2867 mobilis
752 2837 907 2876 petulan-

210 2885 285 2916 tia!
328 2886 429 2917 Unde
441 2886 689 2926 sardanapalus
703 2895 722 2917 a
733 2886 829 2917 Max.
841 2887 906 2926 Ty-

212 2935 263 2967 rio
278 2936 371 2968 Diss.
388 2944 466 2968 mx.
489 2936 613 2968 dicitur
632 2936 677 2967 τὼ
699 2935 843 2977 ὀφθαλμὼ
858 2937 906 2967 ἐκ-

296 2988 410 3029 Delph.
426 2993 456 3021 et
478 2989 554 3022 Var.
572 2989 657 3021 Clas.

870 2988 989 3021 Justin.

1579 372 1665 415 625

965 477 1114 517 τετηκὼς,
1140 478 1174 508 h.
1191 487 1220 508 e.
1268 478 1379 509 Persii
1407 477 1535 516 verbis,
1563 486 1586 509 1.
1614 480 1666 509 18.

966 528 976 545 ‘
995 528 1154 559 Patranti
1184 526 1313 558 fractus
1346 527 1476 559 ocello!
1522 528 1663 559 Cresoll.

966 577 1086 609 Vacat.
1096 577 1258 609 Autumn.
1271 580 1344 609 168.
1356 587 1399 609 m.
1414 577 1665 609 Freinshemius

966 628 1095 660 referre
1118 627 1246 659 mavult
1261 627 1304 659 ad
1329 627 1444 658 oculos
1461 627 1664 668 picturatos,

967 679 1142 720 tinctaque
1165 677 1245 710 fuco
1270 677 1467 718 supercilia,
1496 687 1570 718 quae
1590 678 1667 708 Sar-

967 729 1138 770 danapalo
1155 728 1276 759 tribuit
1290 728 1477 759 Athenaeus
1494 736 1561 758 xn.
1576 730 1607 758 7.
1630 737 1664 768 p.

966 783 1040 811 529.
1056 789 1088 812 a.
1099 783 1134 810 et
1148 779 1259 810 Medis
1275 779 1310 809 in
1324 787 1415 809 more
1428 776 1531 808 fuisse
1546 777 1666 809 scribit

967 830 1056 861 Xen.
1072 829 1246 871 Cyripaed.
1263 832 1292 859 1.
1308 838 1341 869 p.
1358 831 1389 859 8.
1406 838 1437 859 0.
1465 828 1562 859 Bern.

1008 881 1025 920 ξ
1055 882 1074 910 3
1114 879 1334 919 Tractantique
1370 878 1489 919 lanam]
1534 879 1664 910 Recte:

965 930 975 948 ‘
995 930 1124 962 tracta'
1141 930 1231 961 enim
1251 930 1285 960 in
1307 933 1374 961 vet.
1390 929 1501 960 Gloss.
1517 933 1597 960 sunt
1611 941 1665 960 κα-

964 979 1110 1020 τάγματα
1123 979 1212 1021 ἐρίου.
1258 980 1326 1011 Sed
1342 989 1383 1010 ea
1397 979 1491 1010 dicta
1506 979 1666 1010 videntur

964 1041 984 1062 a
1013 1030 1229 1062 ‘trahendo.’
1271 1030 1403 1061 Varro:
1441 1028 1534 1060 ‘Sed
1564 1028 1664 1060 simul

964 1081 1118 1112 manibus
1146 1081 1281 1112 trahere
1307 1079 1439 1111 lanam!
1482 1080 1579 1111 Vett.
1595 1089 1665 1110 om-

963 1140 1022 1162 nes
1039 1135 1185 1172 excepto
1201 1130 1331 1171 Cujacii
1346 1130 1417 1162 cod.
1436 1132 1666 1169 tractantesque

956 1180 1092 1220 ferrum,
1119 1184 1150 1224 et
1177 1190 1265 1211 arma
1288 1180 1508 1211 habentem-et
1535 1180 1584 1211 ita
1605 1179 1665 1210 Sa-

964 1231 1051 1263 resb.
1068 1230 1266 1263 Policratici
1280 1240 1330 1262 Vl.
1348 1234 1396 1262 14.
1430 1232 1535 1271 Bong.

1009 1283 1227 1323 Tractantz'que
1253 1284 1366 1323 lanam,
1384 1281 1510 1321 ferrum
1533 1285 1564 1312 et
1577 1290 1665 1312 arma

963 1337 1133 1364 tractantes
1143 1333 1270 1373 parere]
1294 1333 1352 1364 Ita
1369 1331 1471 1363 scribi
1487 1331 1605 1363 curavi
1622 1340 1664 1361 ex

964 1384 1047 1414 Mss.
1078 1383 1188 1416 Codd.
1219 1392 1301 1424 quos
1332 1383 1465 1423 legerat
1493 1382 1664 1420 Bongars.

963 1433 1015 1463 vir
1038 1432 1189 1464 nobiliss.
1233 1432 1324 1463 Illud
1351 1436 1465 1463 autem
1488 1433 1663 1471 portantes,

964 1484 1055 1526 quod
1080 1484 1171 1525 prius
1192 1483 1374 1523 legebatur
1396 1492 1457 1523 pro
1481 1484 1664 1520 tractantes,

964 1544 1006 1565 ex
1021 1535 1085 1564 hac
1108 1533 1163 1564 ed.
1186 1533 1267 1573 ejici
1291 1531 1399 1569 volui;
1422 1531 1568 1572 primum
1585 1530 1664 1571 quia

965 1583 1088 1614 Latine
1112 1584 1121 1600 ‘
1139 1588 1276 1623 portare
1293 1582 1402 1613 arma'
1425 1582 1480 1622 (ut
1504 1591 1560 1621 ap.
1582 1581 1663 1611 Sall.

962 1635 971 1651 ‘
990 1643 1160 1664 armorum
1191 1632 1464 1674 portationibus,'
1504 1632 1538 1662 in
1568 1631 1663 1671 Cat.)

963 1684 1065 1723 longe
1096 1682 1188 1713 aliud
1220 1683 1261 1713 ab
1291 1683 1348 1713 illo
1375 1687 1428 1713 est
1452 1682 1541 1723 quod
1571 1682 1662 1713 Gall.

964 1733 1118 1772 dicimus,
1144 1733 1260 1763 Porter
1274 1734 1317 1764 les
1331 1742 1442 1772 armes,
1466 1732 1488 1762 i.
1505 1742 1535 1764 e.
1551 1736 1560 1749 ‘
1578 1732 1664 1762 mili-

964 1782 1062 1822 tare,’
1084 1783 1093 1800 ‘
1111 1782 1266 1813 militiam
1283 1781 1401 1823 sequi‚'
1417 1792 1440 1813 s.
1464 1783 1473 1800 ‘
1492 1781 1664 1822 stipendia

962 1832 1133 1870 merere3'
1169 1833 1292 1863 deinde
1321 1832 1411 1873 quod
1437 1832 1554 1863 homini
1581 1836 1662 1863 trac-

963 1882 1045 1912 tanti
1061 1883 1163 1913 lanam
1179 1882 1206 1912 si
1219 1882 1275 1922 qui
1292 1882 1356 1912 viri
1369 1886 1597 1923 opponantur,
1614 1882 1662 1912 illi

963 1942 1035 1962 esse
1065 1931 1213 1962 debeant
1242 1932 1295 1972 qui
1323 1941 1410 1962 arma
1438 1935 1594 1968 tractent;
1626 1931 1661 1962 id

963 1983 1051 2014 enim
1067 1981 1184 2022 figurae
1201 1982 1290 2013 ratio
1310 1982 1484 2022 postulat;
1509 1986 1544 2012 et
1560 1991 1662 2012 anno-

963 2038 1072 2064 tatum
1085 2033 1248 2073 oportuit.
1288 2031 1343 2063 Ita
1357 2036 1469 2063 autem
1483 2031 1571 2062 dixit
1583 2031 1662 2063 Jus-

963 2084 1024 2114 tin.
1040 2086 1177 2114 tractare
1191 2092 1292 2121 arma,
1306 2087 1344 2113 ut
1362 2082 1434 2114 Cic.
1451 2086 1490 2113 ut
1503 2082 1575 2113 Liv.
1592 2082 1661 2113 alii.

962 2134 1018 2165 Ita
1045 2137 1081 2164 et
1103 2134 1111 2150 ‘
1129 2136 1277 2164 tractare
1303 2131 1507 2172 imperium‚’
1535 2141 1610 2172 cap.
1628 2135 1660 2163 2.

962 2183 1034 2224 huj.
1064 2183 1122 2214 lib.
1160 2184 1347 2214 ‘Tractare
1386 2181 1661 2222 rempublicam,‘

963 2234 1033 2265 Cic.
1056 2234 1065 2250 ‘
1081 2234 1243 2264 Tractare
1260 2237 1367 2263 artem
1384 2231 1569 2271 musicam,’
1596 2232 1660 2263 Te-

961 2286 1050 2314 rent.
1075 2283 1085 2300 ‘
1102 2283 1164 2315 Jus
1182 2282 1281 2314 civile
1298 2284 1469 2319 tractare:
1481 2283 1545 2313 διε.
1581 2282 1658 2314 Fab.

1007 2333 1140 2363 Ferrum
1166 2336 1198 2363 et
1222 2342 1311 2363 arma
1334 2331 1510 2372 portantes]
1545 2331 1660 2363 Oxon.

961 2392 1004 2414 ex
1020 2383 1104 2415 Mss.
1131 2382 1273 2423 praefert
1291 2382 1416 2420 serrum
1441 2386 1472 2413 et
1495 2392 1583 2413 arma
1608 2382 1661 2413 ha-

960 2432 1075 2464 bentes.
1120 2433 1219 2465 Quod
1235 2432 1322 2463 haud
1345 2432 1445 2463 dubie
1467 2436 1518 2463 est
1534 2433 1660 2472 glossa-

961 2484 1056 2515 toris.
1101 2484 1163 2515 Est
1179 2484 1269 2515 enim
1291 2484 1404 2524 aptior
1424 2483 1595 2523 oppositio
1610 2483 1659 2513 in-

961 2539 1014 2565 ter
1029 2537 1165 2565 tractare
1180 2534 1294 2573 lanam,
1321 2538 1357 2564 et
1378 2537 1507 2573 portare
1520 2533 1657 2571 ferrum,

960 2594 1059 2625 quam
1085 2583 1206 2623 habere,
1231 2593 1307 2614 cum
1331 2584 1475 2614 alterum
1503 2583 1658 2613 similiter

959 2637 1129 2668 actionem
1153 2635 1336 2676 significet,
1359 2636 1451 2666 velut
1475 2636 1656 2666 masculam

958 2691 994 2718 et
1011 2686 1153 2718 virilem.
1177 2684 1284 2722 Sclief.

1001 2737 1018 2777 ς
1034 2738 1054 2767 4
1077 2735 1203 2767 Bellum
1219 2734 1431 2775 Sardanapalo
1449 2734 1526 2774 inf.]
1549 2733 1655 2766 Diod.

957 2795 999 2818 11.
1013 2789 1067 2817 26.
1084 2789 1119 2816 et
1132 2788 1186 2816 27.
1216 2785 1315 2816 Bern.

1000 2836 1082 2867 Mox
1103 2835 1212 2866 deinde
1237 2845 1304 2865 cum
1325 2834 1434 2874 paucis
1457 2837 1487 2865 et
1504 2834 1654 2874 incompo-

956 2886 1028 2917 sitis
1049 2886 1083 2917 in
1107 2885 1216 2915 bellum
1236 2885 1447 2923 progreditur.
1497 2884 1606 2915 Victus
1621 2885 1654 2915 in

957 2936 1077 2975 regiam
1105 2945 1138 2966 se
1163 2934 1288 2975 recipit,
1313 2934 1381 2975 ξω]
1420 2934 1544 2966 Isthaec
1572 2934 1653 2965 mihi

1494 2990 1513 3018 2
1537 2988 1566 3018 R
