2101 3419
440 364 525 406 994

898 372 1039 403 NOTAE
1074 371 1336 402 VARIORUM
1371 371 1420 401 IN

880 533 1098 582 LIBER
1143 531 1462 581 XXXVIII.

486 659 574 692 CAP.
591 668 617 691 1.
649 660 666 694 S
683 662 700 690 l
725 659 944 701 Mithridates]
963 658 1139 691 Φοινικώτα-

442 722 496 741 τος
522 710 556 740 ἐκ
582 709 688 741 παιδὸς
713 711 729 740 ὁ
756 709 938 751 Μιθριδάτης
967 709 1016 748 ἧν.
1059 709 1138 741 Vid.

441 760 593 799 Ἐκλογὰς
615 760 815 792 Memnonis.
857 760 899 790 In
923 760 962 791 iis
980 759 1068 790 filius
1089 769 1140 790 so-

442 811 527 840 roris
542 810 754 841 Mithridatis
779 809 926 840 Arathes
947 809 1085 848 dicitur,
1101 813 1140 841 ut

443 863 479 892 et
494 861 527 891 in
539 860 633 891 Prol.
648 859 717 900 huj.
735 859 793 891 lib.
822 860 927 899 Bong.

489 911 585 951 Nece]
618 910 829 942 Scribend.a
844 921 874 942 n.
897 910 1018 942 Faber.
1063 910 1143 941 Edi·

443 961 526 992 dere
539 962 650 1001 Bong.
668 961 834 992 Bernecc.
850 965 885 992 et
902 961 956 991 alii
969 970 1050 992 nece.
1072 960 1139 991 Sed

445 1021 638 1052 perperam.
683 1010 903 1051 Antiquiores
920 1010 1000 1041 edd.
1016 1014 1110 1041 recte
1123 1020 1143 1040 a

445 1073 478 1093 n.
508 1062 602 1093 Plin.
625 1070 694 1092 vn.
721 1070 860 1101 prooem.
884 1060 936 1090 ‘A
967 1059 1143 1100 suppliciis

445 1112 550 1143 vitam
567 1110 788 1151 auspicatur.'
834 1112 880 1141 Et
909 1110 1036 1141 Noster
1060 1119 1094 1140 v.
1111 1112 1142 1140 8.

447 1165 499 1193 12.
521 1161 663 1193 ‘Caedes
689 1160 731 1192 ab
762 1159 940 1191 Alcibiade
966 1159 1144 1199 auspican·

447 1211 528 1243 tur.’
552 1212 627 1243 Vor.

488 1260 747 1301 Laudicesfilios,
762 1259 832 1300 Esca]
855 1258 933 1290 Vid.
946 1267 1096 1290 xxxvn.
1115 1261 1144 1290 l.

446 1313 480 1341 4.
525 1310 597 1341 Aut
623 1310 712 1340 enim
739 1309 943 1340 contradicit
968 1309 1031 1339 sibi
1056 1308 1146 1339 Auc-

448 1366 514 1399 tor,
540 1365 600 1392 aut
632 1360 808 1392 historiam
839 1359 926 1390 mire
956 1357 1144 1391 confundit.

448 1410 592 1442 Freinsh.

492 1460 558 1491 Per
574 1458 855 1490 Gordiumimidiis
865 1458 1032 1499 occiderat]
1054 1458 1062 1476 ‘
1075 1459 1146 1490 Per

449 1509 635 1542 Gordium'
659 1510 780 1551 inquit,
796 1510 893 1550 quasi
913 1509 1067 1541 omnibus
1087 1519 1144 1540 no-

449 1565 535 1600 tum,
550 1570 625 1592 cum
645 1560 775 1591 nullum
791 1559 925 1591 omnino
942 1560 1080 1591 verbum
1101 1559 1144 1591 de

450 1620 490 1642 eo
507 1615 584 1642 ante
598 1611 727 1642 dictum
743 1611 798 1642 sit.
844 1611 928 1641 Mox
940 1610 949 1626 ‘
963 1610 1145 1641 Mithrida-

450 1666 519 1692 tem
533 1660 762 1702 Cappadociae
775 1660 967 1701 cupiditate
978 1659 1147 1701 flagrare‚’

450 1721 526 1742 cum
543 1711 657 1751 priore
676 1711 733 1743 lib.
749 1711 842 1742 dicat
861 1720 935 1742 eam
951 1719 1147 1751 occupasse.

451 1761 554 1802 Capit
575 1760 598 1791 f.
623 1762 878 1792 excusationem
903 1770 963 1802 per
988 1761 1148 1801 hysteron

451 1816 626 1852 proteron.
670 1811 738 1842 Sed
754 1811 892 1842 videtur
918 1810 1078 1842 Auctoris
1099 1811 1148 1841 in-

451 1861 546 1892 curia
573 1860 758 1892 accidisse:
791 1865 861 1892 tres
891 1861 1025 1892 nomine
1054 1860 1149 1892 Aria-

453 1911 568 1941 rathes
589 1910 691 1948 viros,
711 1914 782 1942 tres
807 1910 967 1941 mulieres
989 1910 1051 1941 sub
1067 1910 1149 1941 Lao-

452 1960 545 1992 dices
575 1961 709 1991 nomine
738 1961 773 1991 in
801 1970 902 1991 unam
939 1960 1150 1991 Mithridatis

453 2014 593 2040 aetatem
607 2009 814 2048 incidentes,
837 2019 1008 2051 nunquam
1025 2020 1067 2041 ne
1084 2020 1150 2041 uno

454 2059 591 2099 quidem
617 2059 755 2089 verbulo
770 2059 977 2099 distinguere
993 2059 1151 2099 dignatus

454 2112 519 2138 cst.
563 2107 666 2146 Item,
678 2108 769 2138 inter
783 2108 971 2147 legatorum
983 2107 1150 2139 Romano-

455 2166 527 2188 rum
538 2166 558 2188 a
570 2157 772 2188 Mithridate
785 2157 997 2189 devictorum
1009 2159 1154 2199 nomina,

455 2207 615 2238 Malthini
637 2217 761 2238 nomen
783 2207 870 2239 haud
887 2208 954 2239 scio
969 2218 1010 2240 an
1024 2209 1153 2249 uspiam

456 2257 608 2297 legerim.
653 2258 780 2288 Verum
795 2258 882 2297 haec,
907 2267 945 2289 ac
969 2268 1010 2289 ea
1030 2259 1153 2299 omnia,

457 2318 533 2350 quae
549 2308 583 2339 in
599 2309 731 2349 prolixa
747 2310 803 2340 illa
825 2309 1036 2341 Mithridatis
1056 2312 1155 2342 orati·

457 2369 536 2398 one,
553 2370 620 2401 qua
636 2360 740 2401 probe
758 2361 924 2391 Romanos
938 2361 1060 2401 pinxit,
1075 2371 1154 2392 con-

459 2410 620 2450 tinentur,
655 2409 753 2442 facile
784 2420 827 2442 ex
862 2411 1002 2442 historia
1031 2412 1155 2452 corrigi

459 2465 609 2501 possunt.
635 2461 727 2492 Glar.

503 2512 608 2550 Nihil,
633 2511 700 2551 ἐξα]
734 2511 788 2542 Ita
806 2520 871 2543 ΧΠ.
884 2514 914 2543 3.
929 2514 960 2544 3.
983 2512 992 2529 ‘
1007 2512 1108 2543 Ibin.
1124 2522 1155 2543 a.

459 2565 513 2592 tot
535 2562 680 2601 egregiis
707 2562 833 2601 pr¹.1=liis
849 2562 922 2594 εἰμ’
968 2562 1057 2593 Saxo
1078 2571 1156 2594 xiv.

459 2620 494 2651 p.
520 2614 593 2642 306.
614 2614 668 2642 25.
692 2612 701 2628 ‘
718 2612 761 2643 N.
779 2622 797 2642 a
813 2621 847 2643 se
864 2621 893 2644 a.
907 2612 1155 2652 existimantes,

460 2659 512 2699 si,'
535 2662 600 2692 &c.
647 2660 784 2692 Saresb.
811 2670 861 2693 vr.
887 2661 1014 2693 Policr.
1039 2665 1092 2694 20.
1123 2672 1156 2703 p.

460 2712 534 2741 405.
579 2710 589 2727 ‘
604 2710 670 2743 Qui
687 2710 752 2741 sibi
775 2711 822 2742 nil
848 2721 879 2742 a.
901 2711 1058 2752 credunt,
1077 2711 1157 2744 dum

461 2759 607 2799 aliquis‚’
623 2762 687 2791 ἃς.

503 2811 521 2850 §
545 2813 563 2841 3
587 2810 639 2841 Ad
653 2812 862 2852 expellendum
878 2812 1072 2853 Cappadocia
1097 2813 1156 2844 Ni-

460 2861 623 2900 comedem]
650 2860 716 2891 Alii
735 2862 776 2891 Ν.
795 2863 832 2892 C.
860 2862 983 2902 Liquet
1003 2861 1040 2892 τὸ
1057 2863 1156 2902 Capp.

461 2910 654 2949 glossatoris
668 2920 755 2951 csse,
768 2921 832 2942 non
848 2911 993 2950 Justini;
1019 2916 1054 2943 et
1069 2911 1147 2943 ideo

1190 659 1225 690 id
1249 658 1284 690 in
1299 659 1469 700 plerisque
1499 658 1567 690 suis
1591 656 1800 698 Bongarsius
1820 665 1887 688 non

1191 710 1333 750 reperit.
1356 709 1460 747 Schef.

1235 761 1252 800 ς
1276 762 1294 790 7
1320 759 1408 794 Quod
1421 759 1472 789 ubi
1488 757 1673 789 Ariarathes
1678 757 1790 796 junior
1801 756 1889 788 moli-

1191 809 1223 840 ri
1244 808 1402 849 cognovit]
1437 809 1445 824 ‘
1459 808 1573 839 Moliri
1587 807 1595 820 '
1632 807 1786 847 passive:
1825 805 1888 837 nisi

1193 861 1314 891 vocula
1328 859 1354 891 f.
1369 859 1547 898 exciderit,
1559 862 1619 889 aut
1634 857 1886 897 subintelligen-

1194 910 1238 941 da
1267 910 1324 949 sit,
1353 919 1429 940 eum
1454 908 1574 940 moliri.
1621 907 1817 948 Composito
1839 906 1887 937 sic

1192 962 1303 994 utitur
1318 966 1354 993 et
1370 962 1442 993 Liv.
1460 962 1658 992 xxxlx.44.
1674 962 1706 990 3.
1728 960 1737 976 ‘
1755 960 1841 992 Quae
1855 959 1889 990 in

1193 1013 1268 1044 loca
1295 1011 1430 1052 publica
1452 1009 1660 1041 inaedificata
1683 1009 1890 1040 immolitave

1195 1062 1321 1103 privati
1340 1060 1534 1092 habebant?
1558 1061 1690 1092 Bernec.
1736 1061 1773 1090 F.
1787 1059 1891 1091 scrib.

1197 1113 1296 1148 Quem
1310 1111 1373 1143 ubi.
1389 1111 1462 1142 Cic.
1478 1119 1545 1142 ΧΠ.
1571 1110 1666 1141 Fam.
1685 1112 1738 1140 12.
1763 1110 1772 1126 ‘
1787 1109 1890 1148 Dein,

1197 1172 1275 1193 cum
1303 1162 1511 1201 suspicarere
1535 1169 1595 1190 nos
1611 1159 1733 1198 moliri,
1749 1158 1840 1200 quod
1858 1164 1893 1190 te

1197 1212 1378 1243 sollicitum
1388 1220 1463 1242 esse
1477 1214 1514 1241 et
1528 1209 1571 1240 de
1588 1210 1696 1240 salute
1712 1214 1842 1247 nostra,
1856 1213 1892 1239 et

1199 1262 1241 1292 de
1266 1271 1377 1292 rerum
1392 1264 1518 1291 eventu
1540 1257 1727 1300 putabam!
1753 1259 1892 1289 Gronov.

1198 1313 1285 1344 Mss.
1302 1312 1411 1351 Bong.
1424 1309 1505 1340 illud
1517 1310 1597 1350 quod
1613 1318 1677 1339 uon
1693 1312 1894 1348 agnoscunt.

1200 1362 1246 1393 Et
1272 1365 1355 1402 puto
1390 1360 1514 1391 rectius
1537 1359 1668 1390 abesse.
1727 1360 1736 1375 ‘
1753 1358 1868 1389 Moliri
1886 1358 1895 1372 '

1197 1413 1299 1453 plane
1325 1411 1436 1442 active
1453 1408 1643 1450 accipiend.
1688 1409 1728 1439 F.
1751 1408 1895 1449 scripse·

1198 1466 1254 1492 rat
1278 1461 1368 1493 Just.
1396 1461 1495 1496 Quem
1517 1460 1550 1490 id
1573 1459 1650 1496 ubi;
1672 1458 1795 1490 deinde
1819 1458 1896 1490 duae

1200 1511 1326 1542 voculae
1343 1511 1440 1546 Quem
1465 1511 1497 1541 id
1521 1509 1729 1550 conjunctim
1757 1509 1897 1549 scripta».

1201 1562 1301 1597 Quez'd
1312 1571 1388 1592 curn
1403 1561 1527 1592 lineola
1542 1569 1615 1600 sup.
1626 1559 1761 1591 literam
1772 1569 1788 1590 e
1798 1568 1809 1596 ,·
1821 1563 1899 1600 post

1198 1612 1327 1643 factum
1345 1612 1446 1647 Quod.
1466 1609 1582 1642 Schef.

1245 1663 1263 1702 ξ
1286 1665 1306 1692 S
1329 1661 1486 1692 Incertum
1515 1659 1602 1699 belli]
1639 1659 1756 1690 Malim
1777 1659 1898 1691 incerta

1202 1710 1290 1742 helti:
1305 1711 1393 1742 sicut
1407 1711 1479 1741 Liv.
1491 1718 1584 1741 xxx.
1597 1712 1651 1741 30.
1667 1712 1718 1741 12.
1734 1710 1744 1728 ‘
1758 1710 1896 1741 Incerta

1203 1771 1343 1792 casuum
1356 1760 1377 1793 :’
1401 1765 1437 1791 et
1461 1761 1542 1791 Tac.
1559 1760 1604 1791 H.
1621 1769 1646 1791 1.
1661 1762 1716 1791 26.
1739 1760 1748 1776 ‘
1760 1760 1900 1791 Incerta

1203 1811 1338 1842 noctis.'
1384 1811 1475 1842 Nam
1492 1810 1540 1841 ita
1556 1819 1689 1851 qnoque
1716 1815 1812 1842 vetus
1828 1810 1899 1841 dic-

1204 1866 1274 1892 tum
1291 1861 1406 1899 habet,
1420 1861 1563 1891 relatum
1578 1870 1597 1891 a
1610 1860 1752 1891 Philone
1763 1861 1806 1891 de
1819 1861 1900 1892 For—

1205 1911 1307 1943 titud.
1320 1922 1364 1943 m.
1379 1911 1424 1942 Τὰ
1438 1910 1518 1941 κατὰ
1532 1908 1682 1948 πολέμους
1697 1910 1810 1950 ἄδηλα,
1825 1911 1854 1942 li.
1867 1921 1899 1941 e.

1205 1962 1396 2001 interprete
1424 1961 1495 1992 Cic.
1519 1960 1562 1991 ad
1590 1960 1666 1992 Att.
1695 1969 1761 1992 vn.
1784 1963 1817 1991 7.
1844 1960 1903 1992 fin.

1211 2010 1364 2041 ‘Nemini
1402 2014 1455 2040 est
1487 2010 1712 2050 exploratum,
1756 2019 1831 2041 cum
1858 2010 1901 2041 ad

1207 2070 1300 2090 arma
1315 2065 1453 2091 ventum
1471 2064 1537 2097 est,
1561 2059 1641 2100 quid
1659 2059 1809 2090 futurum
1832 2059 1903 2090 sit.’

1207 2109 1385 2142 Quomodo
1410 2108 1556 2140 Annibal
1573 2118 1627 2148 ap.
1644 2109 1718 2139 Liv.
1737 2116 1826 2139 xxx.
1848 2111 1901 2140 30.

1206 2162 1259 2190 22.
1281 2159 1289 2176 ‘
1306 2159 1480 2200 Nusquam
1497 2159 1618 2198 minus,
1634 2168 1732 2199 quarn
1749 2159 1781 2189 iu
1799 2159 1902 2198 bello,

1207 2214 1350 2241 eventus
1387 2207 1599 2249 respondet!
1643 2209 1791 2249 Egregie
1824 2210 1903 2240 Sen.

1206 2259 1315 2290 Theb.
1342 2262 1417 2290 625.
1451 2259 1576 2290 ‘Nunc
1605 2258 1686 2290 belli
1707 2259 1795 2290 mala
1822 2259 1906 2290 Pro-

1209 2319 1310 2350 pone,
1342 2309 1463 2339 dubias
1494 2308 1618 2339 Martis
1654 2308 1777 2339 incerti
1800 2308 1904 2340 vices.

1209 2359 1308 2391 Licet
1324 2368 1422 2390 omne
1439 2363 1551 2390 tecum
1563 2358 1705 2390 Graeciae
1725 2358 1826 2389 robur
1838 2362 1905 2390 tra·

1208 2409 1294 2447 has;
1318 2409 1413 2440 Licet
1428 2419 1521 2439 arma
1537 2409 1636 2449 longe
1659 2408 1753 2439 miles
1775 2417 1814 2440 ac
1838 2409 1905 2440 late

1209 2459 1381 2499 explicet;
1405 2460 1556 2490 Fortuna
1573 2459 1652 2489 belli
1667 2468 1802 2499 semper
1817 2459 1907 2490 anci·

1211 2510 1275 2550 piti
1302 2509 1334 2540 in
1358 2510 1435 2540 loco
1460 2508 1535 2540 est!
1558 2509 1691 2540 Bernec.
1736 2509 1906 2541 Bernecc.

1209 2559 1327 2590 mallet
1339 2561 1458 2590 incerta
1470 2558 1551 2590 belli.
1578 2559 1646 2590 Sed
1660 2559 1739 2590 nihil
1753 2558 1905 2591 mutand.

1210 2610 1366 2641 Incertum
1379 2609 1464 2641 dicit
1474 2608 1604 2640 Auctor
1617 2609 1706 2650 quod
1720 2609 1820 2650 vulgo
1832 2618 1908 2650 per-

1211 2671 1340 2703 peram,
1376 2660 1668 2692 incertitudinem.
1726 2661 1805 2692 Vid.
1829 2661 1906 2693 libri

1210 2712 1320 2744 nostri
1348 2710 1391 2743 de
1420 2710 1559 2743 Latinit.
1585 2720 1670 2742 mer.
1693 2720 1785 2752 susp.
1815 2720 1847 2743 c.
1871 2714 1904 2743 7.

1215 2761 1288 2793 Vor.

1253 2813 1269 2852 ς
1286 2815 1306 2843 9
1332 2811 1420 2842 Inter
1427 2810 1564 2851 fascias]
1580 2811 1768 2843 Feminales
1785 2810 1906 2844 fascias

1210 2862 1344 2902 accipe,
1365 2861 1408 2892 de
1431 2861 1551 2902 quibus
1574 2862 1719 2894 Casaub.
1746 2862 1787 2893 ad
1813 2862 1909 2893 Suet.

1212 2911 1299 2952 Aug.
1313 2913 1366 2943 82.
1385 2914 1411 2942 1.
1436 2911 1491 2942 ubi
1508 2916 1621 2943 tamen
1638 2912 1697 2943 lias
1719 2911 1760 2944 de
1778 2911 1906 2943 braccis
