2174 3424
545 350 740 382 JUSTINI
774 351 870 383 [ΑΒ.

167 452 230 475 mae
245 443 340 484 pueri
354 442 387 474 in
402 442 512 475 forum
527 443 634 486 ducti,
655 449 860 486 praetextam

167 493 395 534 deponebant,
420 498 456 525 et
478 504 594 534 puram
611 495 794 527 induebant
809 500 860 527 to-

167 551 256 583 gam,
267 542 326 573 sed
354 544 387 574 in
414 544 514 584 agris,
534 545 569 575 in
592 555 694 586 opere
721 545 860 586 rustico,

167 597 204 624 et
228 591 400 624 laboribus
422 594 596 635 perpetuis
613 595 859 637 transigebant.

170 641 277 673 Groev.

210 691 228 731 ς
253 694 273 722 7
298 692 342 723 Et
365 693 461 724 vitam
481 694 546 725 sine
566 696 718 736 pulmento
738 696 862 737 degere]

168 741 258 773 Plin.
269 742 326 774 lib.
339 751 445 775 xvnr.
461 754 535 785 cap.
549 748 580 776 8.
595 747 604 763 ‘
616 746 718 778 Pulte
734 750 861 786 autem,

167 800 235 823 non
250 801 349 832 pane,
366 794 488 826 vixisse
504 796 605 836 longo
627 801 779 837 tempore
795 798 862 829 Ro-

167 851 283 873 manos
306 843 534 882 manifestum,
550 846 704 886 quoniam
726 847 804 878 inde
827 851 863 879 et

167 892 394 932 pulmentaria
403 894 566 935 hodieque
578 895 760 927 dicuntur.’
777 896 863 928 Haec

167 942 235 973 ille.
257 943 267 960 ‘
286 943 388 974 Puls’
406 944 498 975 cibus
514 954 555 976 ex
570 944 679 977 farina
689 946 819 985 tactus;
843 956 864 977 a

167 992 178 1008 ‘
195 991 308 1032 pulte'
324 993 333 1009 ‘
350 994 580 1034 pulmentum,’
593 995 615 1026 i.
629 1005 660 1027 e.
678 996 863 1028 obsonium.

170 1041 242 1073 Cic.
264 1042 287 1073 l.
312 1052 342 1073 v.
367 1043 466 1074 Tusc.
493 1044 636 1076 ‘Cubile
663 1050 767 1084 terra,
793 1047 865 1087 pul-

169 1096 317 1122 mentum
334 1091 451 1132 fames,
467 1099 541 1126 erat
560 1094 742 1127 Anacharsi
758 1097 864 1137 philo-

169 1141 297 1181 sopho!
320 1143 484 1175 Horatius
501 1153 541 1176 11.
558 1145 630 1178 Sat.
646 1149 676 1177 2.
694 1148 864 1187 pulmenta·

170 1193 220 1223 ria
248 1202 310 1233 pro
341 1195 458 1235 quovis
488 1197 582 1227 suavi
609 1198 685 1229 cibo
715 1199 864 1239 posuisse

171 1241 318 1283 videtur,
345 1254 420 1275 curn
446 1245 576 1287 inquit:
611 1247 620 1264 ‘
636 1248 685 1278 Tu
715 1248 865 1288 pulmen-

173 1291 261 1323 taria
286 1303 400 1333 quaere
419 1295 594 1327 sudando!
639 1297 815 1329 Quomodo
831 1302 866 1329 et

172 1341 206 1372 h.
222 1341 244 1373 l.
259 1342 412 1374 Justinus
427 1344 436 1360 ‘
452 1346 643 1384 pulmento'
667 1357 744 1377 usus
765 1357 866 1389 appa·

174 1396 237 1423 ret.
262 1393 409 1425 Glarean.
449 1395 632 1427 Gualterus
648 1397 658 1413 ‘
675 1397 796 1436 agere!

216 1441 292 1473 Sine
304 1443 473 1483 pulmento]
496 1445 596 1477 Quod
619 1455 724 1485 genus
748 1450 801 1478 est
823 1456 866 1478 ex

175 1490 421 1524 delicatissimis
439 1494 594 1527 obsoniis.
619 1496 704 1527 Haec
722 1506 786 1527 vox
802 1506 868 1528 non

176 1550 196 1571 a
211 1542 220 1558 ‘
238 1541 358 1582 pulte‚'
381 1543 439 1573 sed
463 1554 481 1574 a
503 1545 513 1562 ‘
528 1545 654 1585 pnlpa,'
671 1545 870 1577 deducenda

177 1596 241 1630 est,
268 1597 306 1622 ut
328 1592 376 1623 sic
401 1594 410 1610 ‘
428 1594 659 1633 pulmentum’
688 1596 733 1626 sit
759 1596 869 1637 quasi,

177 1641 445 1682 pulpamentum.
470 1644 582 1675 Plaut.
600 1644 687 1676 Rud.
703 1654 753 1676 lv.
769 1648 799 1677 2.
818 1648 869 1677 32.

176 1691 187 1708 ‘
204 1690 271 1721 Sed
295 1692 348 1723 hic
374 1702 432 1723 rex
460 1703 536 1724 cum
563 1700 661 1726 aceto
691 1706 870 1736 pransurus

177 1746 229 1773 est
239 1748 275 1773 et
289 1744 370 1782 sale,
384 1744 456 1775 sine
472 1745 560 1776 bono
576 1747 773 1786 pulmento.'
794 1747 870 1778 Pul-

176 1795 350 1831 pamentum
380 1795 528 1826 occurrit
555 1805 609 1836 ap.
636 1797 773 1828 Terent.
803 1798 869 1828 Eu-

178 1841 275 1872 nuch.
291 1851 349 1873 111.
365 1846 395 1874 1.
418 1844 427 1860 ‘
446 1845 557 1885 Lepus
581 1850 655 1876 tute
679 1855 727 1886 es,
743 1850 778 1877 et
800 1847 872 1887 pul·

179 1896 375 1930 pamentum
402 1894 559 1934 quaerisz’
592 1894 634 1925 de
662 1904 714 1934 eo,
748 1896 804 1937 qui
836 1896 872 1927 in

179 1939 246 1971 alio
261 1942 396 1981 quaerit,
412 1943 499 1984 quod
512 1944 584 1984 ipse
601 1941 721 1976 habet':
741 1946 873 1986 lepores

179 1990 267 2021 enim
293 1991 414 2023 lumbis
439 1998 475 2024 et
497 1994 651 2026 clunibus
675 1995 742 2026 suis
756 1996 875 2037 pulpa·

179 2044 330 2072 mentum
353 2042 394 2072 de
416 2052 451 2073 se
478 2044 642 2083 praebent.
677 2045 733 2076 Sic
757 2046 871 2078 Plaut.

181 2090 282 2121 Stich.
309 2100 344 2122 v.
368 2095 400 2123 4.
427 2095 480 2123 31.
505 2094 514 2111 ‘
534 2094 642 2125 Nimis
668 2096 789 2126 vellem
815 2097 873 2127 ali-

180 2140 262 2180 quid
293 2142 527 2183 pulpamenti.'
563 2144 690 2176 Glossae
715 2146 776 2177 Gr.
798 2148 872 2179 Lat.

180 2191 190 2207 ¹
202 2189 358 2232 Σάρκωμα,
370 2194 647 2234 pulpamentum.'
666 2196 757 2227 Hinc
770 2197 872 2228 etiam

180 2241 191 2259 ‘
208 2243 405 2283 pulpamen’
434 2244 467 2275 in
503 2245 596 2285 Epit.
635 2246 710 2278 Liv.
745 2255 873 2279 XLV111.

183 2291 281 2323 Gron.

226 2342 243 2382 ς
260 2344 279 2372 8
301 2342 375 2374 Sine
388 2344 473 2384 dote]
507 2345 627 2377 Refert
646 2346 749 2377 etiam
775 2347 876 2378 AElia-

182 2398 245 2422 nus
257 2401 306 2422 vr.
323 2393 368 2424 H.
384 2394 427 2425 V.
443 2397 474 2426 6.
498 2394 545 2426 At
558 2394 700 2427 Aristot.
712 2406 752 2427 11.
769 2397 874 2430 Polit.

182 2442 215 2471 9.
238 2441 425 2482 Spartanos
439 2446 668 2485 reprehendit,
683 2447 771 2488 quod
786 2457 876 2489 mag-

183 2499 243 2521 nas
265 2491 362 2523 dotes
381 2493 475 2525 dent.
518 2495 686 2527 Nimirum
709 2497 786 2538 quia
804 2497 876 2538 jam

184 2544 255 2572 tum
280 2552 300 2573 a
325 2543 456 2584 legibus
471 2545 705 2588 institutisque
730 2548 877 2588 Lycurgi

186 2591 238 2622 sui
252 2591 478 2634 desciverant,
491 2599 529 2625 ut
542 2595 582 2626 iis
595 2596 780 2636 exprobrat
796 2597 876 2628 Plu-

186 2642 321 2673 tarchus
349 2643 382 2673 in
412 2643 600 2685 Lysandro,
622 2646 813 2687 Cleomene,
840 2651 877 2678 et

186 2691 307 2733 Agide.
331 2695 513 2727 Berneccer.
569 2697 703 2729 Saresb.
727 2698 736 2715 ‘
751 2698 880 2730 Statuit

185 2746 348 2787 virginem
365 2748 435 2779 sine
451 2748 530 2780 dote
545 2749 698 2780 nubere!

230 2797 435 2828 Matrimonia
449 2798 518 2838 sua]
541 2799 584 2830 H.
601 2809 630 2831 e.
651 2809 772 2830 uxores
794 2810 880 2832 suas,

190 2846 247 2877 Sic
275 2846 335 2877 inf.
362 2855 418 2878 111.
443 2851 474 2878 5.
502 2851 534 2879 6.
565 2853 599 2879 et
627 2857 700 2880 xxv.
730 2852 760 2880 3.
787 2853 818 2881 7.
845 2855 882 2881 et

191 2903 298 2928 xv111.
314 2900 345 2927 5.
361 2900 394 2928 5.
415 2901 452 2928 et
473 2896 585 2938 Impp.
612 2897 645 2929 in
667 2898 793 2930 Codice
819 2909 880 2931 sae-

901 351 978 384 111.
1009 353 1114 384 car.
1142 343 1184 385 3.
1521 344 1606 388 699

909 443 996 485 pius.
1028 444 1086 476 Ita
1100 446 1110 464 ‘
1128 445 1319 477 clientelae'
1337 456 1398 488 pro
1414 447 1605 489 clientibus,

909 494 918 511 ‘
937 494 1095 525 servitia’
1118 505 1179 536 pro
1202 496 1319 537 servis,
1336 502 1372 529 et
1388 497 1420 529 id
1438 508 1542 538 genus
1559 499 1608 530 iu·

908 542 1017 576 finita.
1040 544 1137 575 Bern.

952 593 1181 634 Dotissraenis]
1196 594 1384 626 Titinnius:
1401 596 1410 613 ‘
1422 596 1495 627 Viri
1509 597 1609 638 enim,

911 643 974 684 [ita
987 643 1121 684 legend.
1133 645 1306 685 arbitror,]
1318 645 1452 676 dotibus
1465 647 1610 686 deliniti,

909 693 1000 723 ultro
1037 692 1139 724 etiam
1176 693 1340 724 uxoribus
1383 695 1609 727 ancillantur!

911 741 1028 773 Plaut.
1054 742 1189 782 passim.
1217 743 1374 782 Bongars.
1424 744 1504 776 Vid.
1534 746 1611 776 Sen.

912 793 1074 824 Controv.
1090 803 1116 824 1.
1134 797 1165 825 6.
1195 794 1293 825 Rern.

955 844 1006 884 §9
1028 843 1090 874 Sed
1109 853 1166 884 pro
1185 845 1288 884 gradu
1307 843 1427 884 aetatis]
1448 845 1558 876 Recte
1573 845 1611 876 il-

911 893 971 924 lud
997 893 1007 910 ‘
1024 902 1087 933 pro
1111 903 1161 934 gr.
1177 894 1246 925 aet.'
1290 895 1391 934 Nam,
1407 895 1494 935 quod
1518 905 1536 926 a
1551 895 1611 926 foe-

913 942 1049 974 dissimo
1076 943 1327 985 Satyrographo
1357 945 1519 985 scriptum
1550 948 1613 986 est,

914 1001 1031 1023 verum
1059 991 1126 1023 fuit
1148 993 1405 1024 Lacedaemone.
1450 993 1505 1024 Ibi
1522 995 1610 1026 enim

914 1041 971 1082 qui
997 1042 1050 1073 vel
1081 1051 1147 1073 uno
1176 1052 1263 1074 anno
1294 1043 1348 1074 vel
1372 1053 1485 1075 mense
1509 1046 1611 1076 etiam

914 1091 1025 1131 major
1047 1096 1150 1131 esset,
1176 1092 1223 1123 illi
1245 1093 1349 1124 honos
1376 1098 1412 1124 et
1435 1094 1613 1134 prohedria

913 1141 957 1172 ab
974 1142 1084 1172 altero
1101 1141 1332 1174 deferebatur.
1363 1143 1441 1174 Fab.

959 1192 1028 1222 Nec
1052 1201 1124 1223 sane
1144 1202 1281 1232 usquam,
1301 1194 1369 1234 lym]
1392 1193 1551 1225 Romanis
1567 1199 1614 1226 ta-

914 1251 992 1272 men
1007 1242 1090 1273 mire
1112 1243 1261 1274 habitam
1282 1243 1315 1273 in
1331 1243 1457 1275 honore
1475 1249 1613 1276 aetatem

915 1300 1040 1330 seram,
1080 1291 1237 1322 discimus
1262 1293 1316 1323 vel
1343 1302 1385 1323 ex
1414 1292 1480 1325 Ov.
1509 1303 1543 1326 v.
1574 1296 1613 1326 F.

915 1343 969 1372 58.
1007 1341 1017 1358 ‘
1035 1341 1164 1381 Magna
1191 1340 1258 1372 fuit
1292 1342 1460 1382 quondam
1490 1345 1613 1384 capitis

915 1391 1107 1422 reverentia
1134 1391 1231 1421 cani:
1257 1391 1366 1432 Inque
1395 1402 1456 1424 suo
1483 1393 1618 1433 pretio,’

916 1442 979 1472 &c.
1022 1442 1068 1472 Et
1094 1441 1173 1473 Juv.
1201 1449 1285 1471 xur.
1313 1444 1365 1472 53.
1395 1443 1404 1458 ‘
1423 1442 1616 1474 Credebant

915 1491 980 1522 hoc
1001 1490 1130 1530 grande
1150 1490 1243 1521 nefas
1266 1496 1301 1522 et
1316 1495 1424 1522 morte
1442 1492 1616 1532 piandum,

917 1541 952 1572 Si
973 1541 1110 1581 juvenis
1126 1541 1240 1572 vetulo
1264 1551 1331 1572 non
1358 1545 1616 1584 assurrexerat,'

918 1593 982 1623 διο.
1009 1592 1055 1622 Et
1071 1592 1167 1632 plura
1181 1592 1308 1622 hisdem
1327 1592 1445 1623 tribuit
1460 1593 1614 1634 Agellius

919 1649 960 1672 11.
978 1643 1028 1672 15.
1073 1642 1200 1672 Verum
1216 1641 1282 1672 illis
1304 1641 1346 1672 de
1371 1652 1473 1674 aureo
1491 1645 1615 1675 saeculo

920 1699 1044 1730 sermo,
1063 1696 1099 1721 et
1115 1691 1270 1730 innuunt,
1286 1701 1358 1723 aevo
1381 1702 1439 1723 suo
1456 1693 1616 1725 virtutem

920 1749 992 1771 eam
1008 1741 1116 1772 minus
1132 1742 1279 1780 cultam3
1303 1742 1390 1773 sicut
1407 1747 1442 1773 et
1457 1744 1522 1774 isto
1539 1754 1616 1775 nos-

920 1795 986 1831 tro,
1004 1796 1123 1822 contra
1145 1797 1357 1832 praeceptum
1379 1793 1530 1825 divinum
1554 1796 1617 1826 Le-

919 1841 980 1872 vit.
995 1850 1074 1873 xlx.
1091 1844 1141 1872 32.
1175 1842 1356 1873 Berneccer.
1402 1843 1471 1874 Pro
1487 1844 1497 1860 ‘
1512 1848 1617 1876 terra-

920 1890 1012 1921 rum’
1029 1890 1133 1922 habet
1155 1891 1301 1922 ‘terrae'
1326 1892 1460 1925 Saresb.
1485 1898 1520 1925 et
1544 1895 1576 1925 in
1601 1897 1618 1936 »ξ

922 1943 974 1973 11.
987 1940 997 1957 ‘
1013 1940 1211 1981 antequam’
1229 1951 1290 1982 pro
1305 1942 1314 1959 ‘
1330 1942 1547 1984 priusquam!

965 1991 1040 2032 §10
1062 1992 1230 2022 Auctorem
1252 2001 1353 2023 eorum
1373 1992 1476 2033 Apoll.
1501 1995 1619 2036 Delph.

912 2042 1030 2084 fingit]
1063 2043 1140 2074 Val.
1157 2043 1207 2074 M.
1225 2052 1250 2074 1.
1267 2045 1298 2075 2.
1342 2043 1409 2074 Sed
1435 2045 1528 2077 Plut.
1554 2047 1620 2087 Ly-

924 2103 1040 2134 curgo,
1051 2097 1087 2124 et
1099 2093 1221 2124 Strabo
1238 2093 1294 2125 lib.
1307 2102 1342 2125 x.
1360 2094 1432 2126 haec
1444 2105 1511 2126 non
1526 2096 1621 2137 ficta,

924 2144 983 2174 sed
1000 2148 1087 2183 acta,
1101 2143 1275 2174 referunt:
1300 2149 1335 2175 et
1359 2144 1490 2176 Herod.
1517 2156 1542 2179 1.
1566 2151 1620 2179 65.

924 2194 1048 2225 recitat
1063 2203 1177 2225 versus
1202 2194 1338 2233 Pythiae
1363 2195 1404 2225 ad
1428 2195 1620 2237 Lycurgum

924 2243 1116 2275 sciscitandi
1133 2244 1259 2274 oraculi
1273 2253 1354 2284 ergo
1370 2245 1621 2280 adventantem.

926 2294 1002 2325 Etsi
1026 2293 1117 2325 idem
1139 2293 1276 2325 adserat
1299 2304 1374 2325 cum
1390 2295 1492 2327 Paus.
1510 2297 1543 2327 in
1558 2298 1620 2328 La-

925 2353 1001 2375 con.
1019 2344 1109 2385 quod
1124 2344 1273 2375 nonnulli
1289 2343 1406 2375 harum
1430 2346 1539 2386 legum
1555 2356 1622 2378 non

925 2395 1131 2436 Lycurgum,
1158 2394 1217 2425 sed
1244 2394 1404 2434 Minoem,
1435 2401 1620 2435 auctorem,

926 2450 1029 2485 atque
1044 2454 1064 2474 a
1079 2444 1297 2475 Cretensibus
1313 2453 1369 2475 eas
1385 2443 1427 2475 ad
1439 2445 1622 2485 Spartanos

925 2503 987 2534 per
1006 2494 1199 2534 Lycurgum
1220 2494 1399 2524 translatas
1414 2495 1620 2526 existiment.

925 2544 1024 2575 Bern.

971 2593 988 2633 ἕ
1005 2595 1043 2624 11
1058 2592 1101 2623 Ut
1113 2591 1317 2622 <eternitatem
1326 2592 1442 2631 legibus
1449 2593 1510 2623 suis
1518 2594 1622 2636 daret]

928 2642 1105 2673 Steterunt
1122 2646 1232 2672 autem
1249 2641 1315 2671 illae
1340 2651 1401 2681 per
1425 2652 1527 2674 annos
1548 2644 1622 2676 fere

929 2696 1001 2724 800.
1020 2697 1056 2724 ut
1072 2701 1113 2723 ex
1129 2692 1215 2722 Livii
1233 2692 1315 2722 loeis
1341 2691 1467 2733 aliquot
1489 2693 1621 2726 discere

930 2748 1005 2782 est;
1029 2751 1188 2775 xxxvm.
1204 2745 1255 2773 34.
1269 2745 1300 2773 9.
1323 2743 1410 2774 Mod.
1449 2743 1623 2784 Quingen-

930 2798 983 2824 tos
1001 2798 1131 2824 tantum
1147 2791 1250 2822 refert
1263 2792 1355 2824 Plut.
1374 2793 1531 2835 Lycurgo
1545 2804 1622 2836 cap.

929 2847 983 2875 56.
999 2853 1050 2883 pr.
1072 2843 1170 2874 Bern.

973 2895 989 2934 ξ
1008 2896 1046 2924 12
1070 2891 1283 2933 Proficiscitur
1297 2895 1400 2923 autem
1418 2893 1558 2935 Cretam]
1582 2895 1622 2927 Iu
