2174 3424
503 380 590 422 756

499 489 642 526 propter
668 484 873 516 evidentiam
898 483 932 514 in
956 485 1089 514 textum
1113 481 1196 513 reci·

500 535 689 576 piebamus.
717 535 821 566 Vorst.

544 585 682 625 Gratioe]
719 583 813 616 Ante
838 583 1018 625 legebatur
1050 582 1195 613 Graecz‘ae.

499 634 611 667 Schef.

543 686 560 726 ς
578 688 617 716 10
630 684 822 724 Fastidium]
846 683 1197 724 Impressifastigittm:

498 739 606 766 recte.
650 734 739 765 Nam
775 735 838 765 hoc
868 733 1069 765 confirmant
1097 742 1191 773 seqq.

498 785 508 801 ‘
518 789 611 816 utros
625 785 736 825 potius
748 785 920 824 dignetur,
932 783 1103 815 aestimat?
1118 784 1198 814 item

499 834 585 865 illud
607 835 615 851 ‘
633 834 827 866 tantarum?
873 833 950 864 vid.
979 832 1200 864 Freinshemii

500 885 576 915 Iud.
598 884 632 915 in
661 885 806 923 Agitare.
846 884 1053 914 Berneccer.
1086 883 1198 913 Etiam

498 935 596 967 Junt.
614 944 688 965 cum
703 935 774 965 aliis
791 933 994 972 eddfastig.
1037 931 1104 963 Sed
1117 932 1197 962 lect.

502 994 601 1025 quam
625 994 667 1014 ex
684 985 769 1015 Mss.
786 984 894 1023 Bong.
911 982 1074 1021 restituit,
1096 981 1197 1011 docte

500 1035 623 1065 asserit
636 1034 786 1065 Gronov.
799 1034 882 1065 obs.
894 1041 945 1063 1V.
957 1035 1008 1064 10.
1019 1041 1116 1072 quern
1129 1030 1196 1061 vid.

504 1086 612 1116 Groev.
636 1085 691 1116 Ita
706 1084 838 1115 omnino
851 1082 1073 1122 legend.cum
1085 1082 1197 1120 Bong.

500 1145 520 1166 e
534 1136 619 1166 Mss.
646 1136 692 1166 Et
709 1135 842 1173 mirum,
864 1134 1030 1164 Bernecc.
1048 1132 1080 1162 in
1097 1130 1198 1162 Notis

500 1184 759 1225 posterioribus,
797 1187 833 1214 et
868 1181 1018 1213 Freinsh.
1049 1181 1083 1211 in
1122 1179 1198 1210 Iud.

500 1233 666 1274 praeferre
696 1233 785 1274 quod
814 1233 848 1263 in
879 1232 985 1273 antiq.
1016 1231 1105 1272 typis
1143 1240 1199 1262 ex-

500 1285 628 1325 pressis
645 1283 829 1322 est,fastig.
864 1283 978 1313 Vorst.

544 1326 629 1357 CAP.
645 1335 675 1356 v.
700 1327 717 1365 ξ
744 1328 762 1356 3
789 1326 888 1355 Pacta
909 1325 1008 1354 salute
1026 1333 1058 1354 se
1077 1324 1200 1354 dedide-

499 1376 590 1415 runt]
614 1376 669 1406 Ita
685 1376 763 1406 huic
787 1374 965 1405 decennali
989 1374 1078 1404 bello
1094 1374 1199 1413 impo-

501 1426 584 1456 situs
599 1429 651 1455 est
673 1424 761 1455 finis.
805 1423 906 1454 Diod.
923 1432 998 1454 xvi.
1016 1426 1069 1454 60.
1096 1424 1199 1455 Paus.

499 1475 672 1514 Phocicis,
699 1484 787 1505 anno
809 1478 931 1514 quarto
959 1473 1098 1514 Olymp.
1126 1475 1199 1504 108.

500 1535 568 1566 quo
604 1534 690 1555 anno
722 1523 901 1555 Demosth.
934 1523 1118 1554 orationem
1157 1522 1198 1552 de

500 1576 602 1606 Falsa
637 1574 824 1615 Legatione
860 1574 1009 1614 scripsit,
1038 1573 1096 1604 sed
1132 1582 1199 1604 non

499 1626 638 1658 habuit:
661 1626 694 1656 in
708 1635 773 1666 qua
784 1625 961 1664 suadet,ut
974 1624 1200 1656 Athenienses

498 1676 675 1715 patiantur
690 1675 889 1715 Philippum
905 1675 1067 1705 victorem
1088 1675 1200 1705 locum

500 1725 724 1756 Phocensium
752 1734 920 1765 occupare
957 1724 991 1755 in
1029 1729 1199 1756 conventu

501 1774 807 1815 Amphictyouico:
861 1774 895 1805 id
938 1774 1027 1816 quod
1071 1775 1198 1806 evenit.

504 1826 633 1864 Gangis.

546 1877 563 1916 ξ
581 1879 599 1907 7
620 1876 664 1907 Ut
676 1885 785 1916 pecora
798 1875 951 1916 pastores]
995 1875 1071 1906 Hac
1088 1875 1200 1906 simili-

503 1925 622 1956 tudine
637 1926 744 1956 utitur
760 1930 795 1956 et
810 1926 899 1956 Flor.
914 1934 970 1956 111.
986 1928 1037 1956 10.
1052 1928 1083 1956 4.
1100 1926 1200 1955 Bet-n.

545 1976 681 2016 Populos
695 1980 723 2007 et
740 1975 843 2015 urbes]
867 1976 949 2006 Mss.
965 1976 1059 2006 multi
1075 1975 1201 2006 habent

498 2035 569 2066 pop.
584 2027 625 2056 ud
637 2036 668 2056 u.
683 2035 782 2066 quam
797 2027 877 2057 lect.
890 2030 973 2065 puto
986 2035 1059 2056 esse
1074 2034 1199 2056 veram.

502 2076 566 2106 Est
583 2075 673 2106 enim
696 2076 907 2116 comparatio
924 2076 1012 2105 inter
1028 2084 1151 2115 pecora
1166 2078 1202 2105 et

503 2127 661 2167 populos,
696 2127 786 2158 inter
823 2127 928 2157 saltus
953 2130 988 2157 et
1021 2126 1134 2164 urbes,
1166 2130 1201 2156 et

501 2175 671 2214 transferre
680 2177 804 2217 populos
813 2178 852 2207 ad
865 2176 952 2207 urbes
963 2177 1011 2207 ita
1024 2176 1150 2206 (licitur
1165 2180 1201 2206 ut

502 2227 511 2241 ‘
526 2226 682 2265 trajicere
697 2235 822 2266 pecora
836 2226 869 2256 iu
884 2225 1010 2257 saltus!
1033 2225 1136 2263 Sches.

547 2275 724 2315 Transfert]
747 2275 801 2306 Ad
812 2275 1076 2307 subtrahendam
1089 2286 1136 2307 sc.
1150 2286 1201 2307 re-

503 2325 657 2356 bellionis
678 2327 864 2358 materiam.
909 2326 962 2357 Id.
979 2326 1020 2357 de
1043 2326 1201 2366 Philippo

503 2385 562 2408 ιιι.
586 2377 658 2408 Liv.
674 2385 730 2407 XL.
756 2380 787 2408 3.
804 2380 835 2408 2.
862 2375 1030 2407 affirmat:
1056 2376 1099 2407 de
1122 2376 1203 2406 Hel·

503 2427 580 2456 leue
597 2426 736 2467 ejusque
759 2426 875 2458 liberis
888 2426 1041 2466 Thucyd.
1060 2435 1084 2456 1.
1102 2428 1131 2456 l.
1149 2428 1199 2456 13.

505 2477 547 2507 de
562 2477 723 2508 Romanis
743 2478 825 2508 Tac.
842 2476 882 2508 A.
900 2486 948 2509 1v.
964 2480 1017 2507 46.
1039 2479 1070 2508 4.
1087 2482 1121 2508 et
1136 2486 1202 2508 x11.

506 2529 558 2557 39.
586 2530 616 2557 5.
654 2527 695 2558 de
735 2527 856 2558 Can-olo
884 2527 933 2557 M.
969 2526 1129 2557 Cranzius
1161 2535 1201 2557 11.

504 2577 628 2607 Saxon.
646 2586 675 2607 c.
692 2579 723 2608 4.
750 2576 838 2607 Add.
856 2577 946 2616 Lips.
960 2576 1159 2607 Admiraud.
1177 2585 1200 2607 1.

505 2630 537 2657 7.
555 2631 589 2657 et
607 2627 755 2657 eruditas
772 2627 851 2657 Chr.
869 2626 1043 2657 Forstneri
1060 2626 1101 2656 ad
1118 2625 1202 2657 Tac.

506 2677 617 2707 Notas
644 2686 677 2716 p.
693 2679 767 2707 324.
801 2675 859 2706 ubi
876 2676 974 2715 plura
995 2675 1203 2716 trajectionis

506 2731 542 2757 ct
559 2726 654 2767 quasi
673 2726 984 2766 transplantationis
1003 2726 1203 2767 populorum

506 2776 675 2816 exempla.
701 2776 798 2806 Ber-n.

551 2827 568 2865 ξ
586 2828 605 2855 8
624 2825 818 2863 anseranum,
833 2825 903 2864 ἔξω]
931 2825 1018 2856 Saxo
1036 2834 1086 2856 lv.
1101 2835 1136 2865 p.
1152 2827 1204 2855 38.

507 2878 560 2906 49.
598 2881 606 2891 ⁵
620 2876 797 2914 Stupeuda
820 2875 985 2915 siquidem
1017 2877 1071 2906 iila
1101 2875 1206 2906 facies

510 2930 598 2963 erat,
632 2935 705 2955 cum
745 2926 889 2956 extincti
927 2931 1128 2966 raperentur
1164 2925 1205 2956 ad

958 387 1100 418 NOTAE
1134 387 1355 417 VARIORU
1366 386 1395 415 Μ
1432 385 1484 416 1N

1246 481 1367 522 praelia
1380 480 1400 512 :'
1425 489 1509 512 x111.
1530 489 1564 520 p.
1581 481 1655 511 246.
1680 481 1734 510 39.
1769 476 1779 494 ‘
1803 477 1945 509 Calami-

1248 538 1321 563 tosa
1344 531 1498 563 nimirum
1525 531 1584 561 illa
1609 529 1714 561 facies
1736 531 1820 568 erat,
1843 525 1945 567 cum‚’

1247 585 1314 614 ὅτε.

1291 634 1309 673 ξ
1324 635 1344 663 9
1363 634 1435 665 Non
1449 633 1570 672 quidem
1586 642 1692 674 pavor,
1707 631 1777 673 ἔξω]
1802 631 1946 669 Compa-

1248 686 1344 712 retur
1360 686 1433 713 tota
1446 683 1515 714 haec
1533 684 1691 723 periodus
1708 693 1783 714 cum
1800 692 1851 717 ea,
1868 689 1944 721 quae

1249 735 1300 761 est
1315 741 1369 771 ap.
1393 732 1464 763 Liv.
1481 741 1507 764 1.
1524 735 1576 763 29.
1595 733 1637 763 de
1650 732 1791 763 Albanis
1804 733 1946 762 Romam

1249 781 1395 822 migrare
1418 782 1544 822 jussis:
1582 783 1592 799 ‘
1610 783 1688 814 Non
1714 781 1851 823 quidem
1879 778 1947 810 fuit

1250 831 1412 862 tumultus
1427 831 1495 870 ille,
1505 841 1567 862 uec
1580 840 1697 872 pavor,
1713 830 1819 872 qualis
1829 832 1946 869 capta-

1249 889 1322 910 rum
1335 890 1409 911 esse
1425 881 1555 911 urbium
1569 882 1655 912 solet
1669 891 1678 911 t
1703 889 1778 911 cum
1795 877 1946 910 effractis

1247 931 1368 970 portis,
1379 931 1538 962 stratisve
1553 931 1658 962 ariete
1670 930 1786 969 muris,
1795 934 1853 960 aut
1868 936 1946 958 aree

1249 980 1281 1010 vi
1298 985 1412 1021 capta,
1428 981 1556 1012 clamor
1566 980 1695 1011 hostilis
1710 984 1746 1010 et
1757 987 1873 1011 cursus
1884 986 1946 1018 per

1247 1029 1365 1060 urbem
1390 1034 1593 1061 armatorum
1611 1029 1722 1060 omnia
1745 1028 1837 1059 ferro
1852 1026 1947 1058 fiam·

1247 1089 1367 1121 maque
1390 1080 1523 1120 miscet,
1552 1080 1613 1111 sed
1635 1080 1805 1111 silentium
1833 1077 1946 1116 triste,

1248 1138 1288 1159 ae
1305 1129 1411 1160 tacita
1426 1129 1597 1169 moestitia,
1609 1134 1646 1160 ut
1660 1138 1732 1169 pree
1745 1133 1836 1159 metu
1850 1125 1948 1158 obliti

1247 1179 1329 1220 quid
1358 1179 1601 1220 relinquerent,
1629 1178 1732 1220 quid,'
1754 1181 1817 1209 διο.
1854 1177 1945 1208 Mod.

1249 1230 1358 1260 Locus
1374 1229 1427 1259 hic
1439 1238 1481 1259 ex
1499 1230 1571 1261 Liv.
1587 1239 1612 1260 1.
1629 1232 1681 1260 29.
1698 1238 1893 1269 expressus,
1909 1231 1946 1258 et

1248 1279 1371 1319 partim
1402 1279 1554 1318 αὐτολεξεὶ
1584 1279 1788 1319 descriptus,
1817 1277 1873 1308 ubi
1903 1276 1947 1306 de

1248 1330 1391 1360 Albanis
1413 1331 1552 1361 Romam
1579 1329 1756 1360 traductis.
1797 1326 1947 1359 Similem

1248 1378 1426 1419 imaginem
1454 1380 1487 1410 in
1512 1388 1549 1410 re
1575 1379 1675 1409 simili
1692 1377 1852 1419 proponit
1867 1376 1948 1408 Am-

1248 1430 1351 1461 miau.
1364 1439 1451 1461 xxv.
1468 1433 1521 1461 30.
1537 1429 1594 1461 fin.
1616 1430 1746 1460 Bernec.

1291 1480 1308 1520 ᾧ
1326 1483 1365 1510 10
1391 1480 1589 1519 Vereutt'bus]
1620 1479 1728 1511 Sebis.
1746 1478 1884 1519 conjicit
1898 1479 1946 1509 le-

1250 1530 1348 1570 gend.
1367 1539 1439 1561 esse
1450 1531 1632 1561 verentium.
1675 1529 1741 1560 Sed
1756 1529 1839 1559 nihil
1851 1537 1948 1569 opus.

1249 1580 1330 1611 Non
1345 1590 1468 1611 novum
1483 1585 1536 1611 est
1549 1581 1678 1612 Nostro
1691 1579 1857 1610 ablativos
1873 1587 1949 1620 par-

1250 1629 1444 1670 ticipiorum
1463 1631 1550 1661 solos
1564 1639 1704 1671 ponere,
1717 1633 1752 1660 et
1773 1629 1855 1660 alios
1872 1627 1949 1659 sub-

1250 1680 1433 1711 audiendos
1460 1681 1663 1722 relinquere.
1710 1680 1812 1711 Aliud
1835 1689 1948 1711 exem-

1250 1730 1433 1770 plum‘ejus
1451 1735 1502 1761 est
1518 1739 1608 1761 xxx.
1625 1734 1656 1762 3.
1668 1733 1699 1761 2.
1721 1730 1825 1761 Aliud
1840 1738 1948 1761 xvm.

1251 1783 1282 1812 1.
1300 1783 1330 1811 1.
1375 1780 1451 1812 Vid.
1469 1786 1505 1812 et
1520 1791 1595 1821 sup.
1609 1781 1718 1812 Notas
1735 1780 1778 1812 ad
1795 1789 1836 1811 11.
1849 1782 1880 1811 3.
1895 1782 1948 1811 16.

1256 1830 1359 1861 Vorst.

1295 1881 1346 1910 Ne
1362 1880 1436 1920 ipsoe
1451 1880 1599 1921 lucrimoe]
1622 1881 1632 1898 ‘
1648 1880 1752 1911 Nulla
1767 1878 1870 1911 flendi
1883 1889 1951 1910 ma-

1245 1929 1302 1969 jor
1317 1934 1370 1960 est
1387 1939 1499 1969 causa,
1514 1939 1612 1970 quam
1635 1929 1719 1960 fiere
1735 1939 1802 1961 non
1819 1938 1916 1970 posse
1929 1929 1951 1961 ι’

1249 1980 1329 2010 Sen.
1345 1988 1397 2009 lv.
1422 1979 1582 2011 Controv.
1595 1982 1623 2010 l.
1647 1980 1777 2010 Bernec.

1293 2030 1310 2069 ξ
1326 2032 1364 2060 11
1386 2030 1504 2060 Crescit
1518 2029 1778 2069 dissimulatione]
1804 2029 1893 2061 Vell.
1908 2039 1948 2061 11.

1251 2081 1325 2109 130.
1343 2081 1374 2109 8.
1399 2079 1441 2109 de
1461 2078 1615 2110 Tiberio:
1640 2080 1649 2096 ‘
1667 2079 1845 2118 Abstruso‚
1860 2080 1950 2121 quod

1250 2128 1472 2158 miserrimum
1489 2133 1555 2168 est,
1570 2133 1690 2169 pectus
1704 2129 1777 2169 ejus
1793 2128 1951 2170 flagravit

1250 2177 1409 2208 incendio
1423 2177 1443 2208 ι’
1469 2183 1503 2209 et
1521 2179 1632 2209 Latin.
1649 2179 1769 2211 Pacat.
1787 2189 1817 2210 c.
1833 2182 1886 2210 25.
1904 2189 1950 2211 m.

1250 2227 1259 2243 ‘
1279 2226 1341 2256 Est
1355 2226 1490 2267 aliquod
1505 2228 1736 2259 calamitatum
1753 2228 1951 2260 delinimen-

1250 2279 1322 2307 tum
1337 2276 1469 2307 dedisse
1482 2277 1645 2317 lacrymas
1659 2278 1766 2314 malis,
1780 2285 1815 2309 et
1831 2282 1951 2319 pectus

1250 2327 1380 2356 laxasse
1396 2327 1571 2367 suspiriis,‘
1585 2329 1649 2358 See.
1683 2328 1732 2359 Id.

1294 2376 1381 2407 eff.
1399 2385 1447 2406 VI.
1471 2377 1488 2416 ξ
1516 2379 1531 2407 1
1558 2377 1593 2406 ln
1608 2376 1840 2416 supplementis]
1863 2377 1900 2408 F.
1915 2376 1951 2407 in

1250 2428 1467 2467 supplementa.
1491 2427 1642 2458 Freinsh.
1678 2427 1789 2458 Recte
1804 2428 1951 2459 Freinsh.

1250 2478 1284 2508 in
1305 2478 1523 2516 supplementa.
1548 2477 1669 2508 Faber.
1714 2477 1806 2517 Lego
1829 2479 1951 2518 supple-

1252 2527 1362 2558 mentis
1377 2526 1508 2557 urbium.
1533 2527 1594 2557 Est
1606 2531 1718 2557 autem
1734 2527 1953 2566 supplementis

1251 2576 1373 2607 urbium
1387 2585 1460 2615 pro,
1482 2576 1515 2606 in
1538 2576 1792 2616 supplementa3
1817 2586 1954 2617 quomo-

1253 2626 1297 2657 do
1330 2635 1398 2657 xu.
1421 2628 1454 2656 4.
1485 2626 1644 2666 loquitur.
1697 2627 1797 2667 Saepe
1828 2627 1951 2658 tertius

1253 2686 1349 2708 casus
1366 2685 1428 2716 pro
1447 2681 1566 2716 quarto
1584 2676 1731 2716 ponitur.
1774 2676 1894 2715 Virgil.
1912 2685 1951 2708 11.

1253 2726 1328 2757 AEn.
1341 2726 1350 2742 ‘
1366 2726 1460 2756 Ferri
1471 2726 1559 2756 acies
1570 2726 1712 2765 Stricta,
1724 2731 1843 2765 parata
1854 2726 1952 2758 neci!

1253 2777 1334 2807 Vid.
1351 2781 1385 2807 et
1399 2776 1516 2807 Nostr.
1531 2784 1616 2808 xxv.
1627 2780 1657 2806 5.
1669 2779 1699 2806 2.
1714 2781 1749 2807 et
1765 2784 1864 2807 xxvr.
1878 2779 1910 2808 3.
1921 2778 1952 2808 4.

1259 2827 1362 2858 Vorsl.
1408 2827 1559 2864 Mutant,
1583 2827 1617 2857 in
1647 2827 1866 2866 supplementa,
1898 2826 1952 2856 vel

1254 2877 1480 2917 supplementis.
1524 2876 1589 2907 Sed
1607 2875 1632 2907 f.
1650 2885 1714 2906 uon
1732 2884 1872 2906 necesse
1889 2879 1952 2906 est.

1258 2927 1345 2957 Nam
1375 2931 1410 2957 ct
1445 2925 1524 2957 alibi
1560 2926 1687 2957 Noster
1717 2924 1952 2965 praepositioni
