<?xml version="1.0" encoding="UTF-8"?>
<!DOCTYPE html PUBLIC "-//W3C//DTD XHTML 1.0 Transitional//EN"
    "http://www.w3.org/TR/xhtml1/DTD/xhtml1-transitional.dtd">
<html xmlns="http://www.w3.org/1999/xhtml" xml:lang="en" lang="en">
 <head>
  <title>
</title>
<meta http-equiv="Content-Type" content="text/html;charset=utf-8" />
  <meta name='ocr-system' content='tesseract 3.04.00' />
  <meta name='ocr-capabilities' content='ocr_page ocr_carea ocr_par ocr_line ocrx_word'/>
</head>
<body>
  <div class='ocr_page' id='page_1' title='image "./historiaephilipp02just/historiaephilipp02just_0393.png"; bbox 0 0 2101 3419; ppageno 0'>
   <div class='ocr_carea' id='block_1_1' title="bbox 42 2833 59 3168">
    <p class='ocr_par' dir='ltr' id='par_1_1' title="bbox 42 2833 59 3168">
     <span class='ocr_line' id='line_1_1' title="bbox 42 2833 59 3168; textangle 90"><span class='ocrx_word' id='word_1_1' title='bbox 53 3114 59 3168; x_wconf 49' lang='lat'>¹)</span> <span class='ocrx_word' id='word_1_2' title='bbox 42 2833 54 3055; x_wconf 27' lang='lat' dir='ltr'>stre</span> 
     </span>
    </p>
   </div>
   <div class='ocr_carea' id='block_1_2' title="bbox 594 387 1714 430">
    <p class='ocr_par' dir='ltr' id='par_1_2' title="bbox 594 387 1714 430">
     <span class='ocr_line' id='line_1_2' title="bbox 594 387 1714 430; baseline -0.001 -2"><span class='ocrx_word' id='word_1_3' title='bbox 594 398 789 430; x_wconf 80' lang='lat' dir='ltr'>JUSTlNI</span> <span class='ocrx_word' id='word_1_4' title='bbox 823 399 917 428; x_wconf 74' lang='lat' dir='ltr'>ms.</span> <span class='ocrx_word' id='word_1_5' title='bbox 951 398 1177 429; x_wconf 82' lang='lat' dir='ltr'>xxxvur.</span> <span class='ocrx_word' id='word_1_6' title='bbox 1209 399 1314 429; x_wconf 76' lang='lat' dir='ltr'>cAP.</span> <span class='ocrx_word' id='word_1_7' title='bbox 1344 388 1384 429; x_wconf 84' lang='grc'><strong>2.</strong></span> <span class='ocrx_word' id='word_1_8' title='bbox 1628 387 1714 429; x_wconf 77' lang='grc'>995</span> 
     </span>
    </p>
   </div>
   <div class='ocr_carea' id='block_1_3' title="bbox 266 491 966 2986">
    <p class='ocr_par' dir='ltr' id='par_1_3' title="bbox 268 491 964 674">
     <span class='ocr_line' id='line_1_3' title="bbox 270 491 964 533; baseline -0.003 -9"><span class='ocrx_word' id='word_1_9' title='bbox 270 493 373 524; x_wconf 89' lang='lat' dir='ltr'>etiam</span> <span class='ocrx_word' id='word_1_10' title='bbox 389 492 497 533; x_wconf 82' lang='lat' dir='ltr'>accipi</span> <span class='ocrx_word' id='word_1_11' title='bbox 521 501 618 533; x_wconf 84' lang='lat' dir='ltr'>posse</span> <span class='ocrx_word' id='word_1_12' title='bbox 641 491 794 532; x_wconf 90' lang='lat' dir='ltr'>conjicit,</span> <span class='ocrx_word' id='word_1_13' title='bbox 816 501 882 522; x_wconf 88' lang='lat' dir='ltr'>nou</span> <span class='ocrx_word' id='word_1_14' title='bbox 899 491 964 522; x_wconf 89' lang='lat' dir='ltr'>dis-</span> 
     </span>
     <span class='ocr_line' id='line_1_4' title="bbox 268 542 963 582; baseline -0.003 -7"><span class='ocrx_word' id='word_1_15' title='bbox 268 544 435 576; x_wconf 78' lang='lat' dir='ltr'><strong>sentiente</strong></span> <span class='ocrx_word' id='word_1_16' title='bbox 451 544 553 575; x_wconf 87' lang='lat' dir='ltr'>Salm.</span> <span class='ocrx_word' id='word_1_17' title='bbox 568 543 610 574; x_wconf 90' lang='lat' dir='ltr'>ad</span> <span class='ocrx_word' id='word_1_18' title='bbox 626 543 718 574; x_wconf 86' lang='lat' dir='ltr'>Hist.</span> <span class='ocrx_word' id='word_1_19' title='bbox 732 542 877 582; x_wconf 84' lang='lat' dir='ltr'><strong>August.</strong></span> <span class='ocrx_word' id='word_1_20' title='bbox 888 545 963 574; x_wconf 79' lang='grc'><strong>223.</strong></span> 
     </span>
     <span class='ocr_line' id='line_1_5' title="bbox 270 591 963 633; baseline -0.004 -8"><span class='ocrx_word' id='word_1_21' title='bbox 270 594 311 625; x_wconf 91' lang='grc' dir='ltr'>Ε.</span> <span class='ocrx_word' id='word_1_22' title='bbox 324 597 354 624; x_wconf 94' lang='grc'><strong>1.</strong></span> <span class='ocrx_word' id='word_1_23' title='bbox 367 594 497 625; x_wconf 85' lang='lat' dir='ltr'>Bernec.</span> <span class='ocrx_word' id='word_1_24' title='bbox 522 592 690 633; x_wconf 78' lang='lat' dir='ltr'>Intelligit</span> <span class='ocrx_word' id='word_1_25' title='bbox 701 592 862 633; x_wconf 83' lang='lat' dir='ltr'>subligar,</span> <span class='ocrx_word' id='word_1_26' title='bbox 874 591 963 633; x_wconf 90' lang='lat' dir='ltr'>quod</span> 
     </span>
     <span class='ocr_line' id='line_1_6' title="bbox 269 641 783 674; baseline -0.004 0"><span class='ocrx_word' id='word_1_27' title='bbox 269 652 313 674; x_wconf 84' lang='lat' dir='ltr'>ex</span> <span class='ocrx_word' id='word_1_28' title='bbox 329 642 442 674; x_wconf 86' lang='lat' dir='ltr'>fasciis</span> <span class='ocrx_word' id='word_1_29' title='bbox 459 641 649 673; x_wconf 86' lang='lat' dir='ltr'>constabat.</span> <span class='ocrx_word' id='word_1_30' title='bbox 671 642 783 673; x_wconf 80' lang='lat' dir='ltr'><strong><em>Faber.</em></strong></span> 
     </span>
    </p>

    <p class='ocr_par' dir='ltr' id='par_1_4' title="bbox 269 691 963 833">
     <span class='ocr_line' id='line_1_7' title="bbox 311 691 963 733; baseline -0.003 -8"><span class='ocrx_word' id='word_1_31' title='bbox 311 692 505 733; x_wconf 72' lang='lat' dir='ltr'>Scrutatur-i]</span> <span class='ocrx_word' id='word_1_32' title='bbox 549 693 762 724; x_wconf 85' lang='lat' dir='ltr'>Scrutatores</span> <span class='ocrx_word' id='word_1_33' title='bbox 785 692 819 723; x_wconf 91' lang='lat' dir='ltr'>in</span> <span class='ocrx_word' id='word_1_34' title='bbox 845 691 963 723; x_wconf 84' lang='lat' dir='ltr'>officiis</span> 
     </span>
     <span class='ocr_line' id='line_1_8' title="bbox 270 740 962 783; baseline -0.001 -9"><span class='ocrx_word' id='word_1_35' title='bbox 270 743 461 783; x_wconf 81' lang='lat' dir='ltr'>principum</span> <span class='ocrx_word' id='word_1_36' title='bbox 476 741 582 773; x_wconf 83' lang='lat' dir='ltr'>fuere.</span> <span class='ocrx_word' id='word_1_37' title='bbox 623 741 704 773; x_wconf 89' lang='lat' dir='ltr'>Vid.</span> <span class='ocrx_word' id='word_1_38' title='bbox 725 742 820 773; x_wconf 88' lang='lat' dir='ltr'>Suet.</span> <span class='ocrx_word' id='word_1_39' title='bbox 841 740 962 773; x_wconf 72' lang='lat' dir='ltr'>Claud.</span> 
     </span>
     <span class='ocr_line' id='line_1_9' title="bbox 269 792 685 833; baseline -0.005 -9"><span class='ocrx_word' id='word_1_40' title='bbox 269 795 321 824; x_wconf 81' lang='lat'>35.</span> <span class='ocrx_word' id='word_1_41' title='bbox 336 797 373 824; x_wconf 87' lang='lat' dir='ltr'>et</span> <span class='ocrx_word' id='word_1_42' title='bbox 385 793 489 833; x_wconf 85' lang='lat' dir='ltr'>Vesp.</span> <span class='ocrx_word' id='word_1_43' title='bbox 503 795 554 823; x_wconf 85' lang='lat'>12.</span> <span class='ocrx_word' id='word_1_44' title='bbox 581 792 685 824; x_wconf 81' lang='lat' dir='ltr'>Vorst.</span> 
     </span>
    </p>

    <p class='ocr_par' dir='ltr' id='par_1_5' title="bbox 267 842 964 1276">
     <span class='ocr_line' id='line_1_10' title="bbox 311 842 964 883; baseline 0 -9"><span class='ocrx_word' id='word_1_45' title='bbox 311 843 412 882; x_wconf 73' lang='lat' dir='ltr'>Regio</span> <span class='ocrx_word' id='word_1_46' title='bbox 425 843 521 883; x_wconf 85' lang='lat' dir='ltr'>more]</span> <span class='ocrx_word' id='word_1_47' title='bbox 545 843 612 876; x_wconf 82' lang='lat' dir='ltr'>Qui</span> <span class='ocrx_word' id='word_1_48' title='bbox 629 846 727 883; x_wconf 91' lang='lat' dir='ltr'>patet</span> <span class='ocrx_word' id='word_1_49' title='bbox 738 852 782 875; x_wconf 86' lang='lat' dir='ltr'>ex</span> <span class='ocrx_word' id='word_1_50' title='bbox 797 843 890 874; x_wconf 93' lang='lat' dir='ltr'>Plut.</span> <span class='ocrx_word' id='word_1_51' title='bbox 906 842 964 874; x_wconf 89' lang='lat' dir='ltr'>Ti-</span> 
     </span>
     <span class='ocr_line' id='line_1_11' title="bbox 268 892 963 933; baseline 0.003 -10"><span class='ocrx_word' id='word_1_52' title='bbox 268 893 346 923; x_wconf 91' lang='lat' dir='ltr'>mol.</span> <span class='ocrx_word' id='word_1_53' title='bbox 357 895 410 924; x_wconf 87' lang='grc'><strong>21.</strong></span> <span class='ocrx_word' id='word_1_54' title='bbox 424 897 459 924; x_wconf 89' lang='lat' dir='ltr'>et</span> <span class='ocrx_word' id='word_1_55' title='bbox 475 893 587 924; x_wconf 90' lang='lat' dir='ltr'>Dione</span> <span class='ocrx_word' id='word_1_56' title='bbox 601 895 656 925; x_wconf 83' lang='lat'>23.</span> <span class='ocrx_word' id='word_1_57' title='bbox 685 892 825 933; x_wconf 82' lang='lat' dir='ltr'>Regiam</span> <span class='ocrx_word' id='word_1_58' title='bbox 838 893 963 925; x_wconf 89' lang='lat' dir='ltr'>deinde</span> 
     </span>
     <span class='ocr_line' id='line_1_12' title="bbox 268 942 963 975; baseline 0 -2"><span class='ocrx_word' id='word_1_59' title='bbox 268 942 352 973; x_wconf 85' lang='lat' dir='ltr'>hanc</span> <span class='ocrx_word' id='word_1_60' title='bbox 364 943 549 974; x_wconf 87' lang='lat' dir='ltr'>salutantes</span> <span class='ocrx_word' id='word_1_61' title='bbox 562 943 735 974; x_wconf 86' lang='lat' dir='ltr'>scrutandi</span> <span class='ocrx_word' id='word_1_62' title='bbox 746 943 963 975; x_wconf 87' lang='lat' dir='ltr'>consuetudi-</span> 
     </span>
     <span class='ocr_line' id='line_1_13' title="bbox 268 992 963 1033; baseline 0.001 -10"><span class='ocrx_word' id='word_1_63' title='bbox 268 1001 345 1023; x_wconf 86' lang='lat' dir='ltr'>nem</span> <span class='ocrx_word' id='word_1_64' title='bbox 363 993 477 1023; x_wconf 83' lang='lat' dir='ltr'>Romae</span> <span class='ocrx_word' id='word_1_65' title='bbox 494 992 620 1032; x_wconf 89' lang='lat' dir='ltr'>primus</span> <span class='ocrx_word' id='word_1_66' title='bbox 636 992 809 1033; x_wconf 87' lang='lat' dir='ltr'>usurpavit</span> <span class='ocrx_word' id='word_1_67' title='bbox 830 992 963 1033; x_wconf 86' lang='lat' dir='ltr'>Augus-</span> 
     </span>
     <span class='ocr_line' id='line_1_14' title="bbox 269 1043 964 1083; baseline 0.001 -10"><span class='ocrx_word' id='word_1_68' title='bbox 269 1043 503 1082; x_wconf 86' lang='lat' dir='ltr'>tus‚Senatum</span> <span class='ocrx_word' id='word_1_69' title='bbox 515 1043 644 1083; x_wconf 84' lang='lat' dir='ltr'>legens,</span> <span class='ocrx_word' id='word_1_70' title='bbox 653 1043 748 1075; x_wconf 84' lang='lat' dir='ltr'>Suet.</span> <span class='ocrx_word' id='word_1_71' title='bbox 759 1046 812 1076; x_wconf 80' lang='lat'>35.</span> <span class='ocrx_word' id='word_1_72' title='bbox 834 1044 964 1075; x_wconf 81' lang='lat' dir='ltr'>Postea</span> 
     </span>
     <span class='ocr_line' id='line_1_15' title="bbox 269 1092 964 1133; baseline 0.001 -10"><span class='ocrx_word' id='word_1_73' title='bbox 269 1092 441 1133; x_wconf 88' lang='lat' dir='ltr'>Claudius,</span> <span class='ocrx_word' id='word_1_74' title='bbox 463 1093 517 1124; x_wconf 89' lang='lat' dir='ltr'>Id.</span> <span class='ocrx_word' id='word_1_75' title='bbox 542 1096 593 1125; x_wconf 82' lang='lat'>35.</span> <span class='ocrx_word' id='word_1_76' title='bbox 649 1093 718 1125; x_wconf 86' lang='lat' dir='ltr'>Sed</span> <span class='ocrx_word' id='word_1_77' title='bbox 748 1103 823 1125; x_wconf 91' lang='lat' dir='ltr'>eam</span> <span class='ocrx_word' id='word_1_78' title='bbox 849 1094 964 1125; x_wconf 89' lang='lat' dir='ltr'>omisit</span> 
     </span>
     <span class='ocr_line' id='line_1_16' title="bbox 267 1143 964 1184; baseline 0.003 -11"><span class='ocrx_word' id='word_1_79' title='bbox 267 1143 509 1184; x_wconf 83' lang='lat' dir='ltr'>Vespasianus,</span> <span class='ocrx_word' id='word_1_80' title='bbox 524 1143 576 1175; x_wconf 92' lang='lat' dir='ltr'>Id.</span> <span class='ocrx_word' id='word_1_81' title='bbox 592 1146 643 1175; x_wconf 88' lang='grc'>12.</span> <span class='ocrx_word' id='word_1_82' title='bbox 686 1143 772 1175; x_wconf 89' lang='lat' dir='ltr'>Post</span> <span class='ocrx_word' id='word_1_83' title='bbox 788 1144 844 1174; x_wconf 88' lang='lat' dir='ltr'>alii</span> <span class='ocrx_word' id='word_1_84' title='bbox 866 1153 964 1184; x_wconf 85' lang='lat' dir='ltr'>repe-</span> 
     </span>
     <span class='ocr_line' id='line_1_17' title="bbox 268 1193 963 1236; baseline 0.004 -12"><span class='ocrx_word' id='word_1_85' title='bbox 268 1193 391 1234; x_wconf 84' lang='lat' dir='ltr'>tivere,</span> <span class='ocrx_word' id='word_1_86' title='bbox 416 1198 455 1226; x_wconf 92' lang='lat' dir='ltr'>ut</span> <span class='ocrx_word' id='word_1_87' title='bbox 481 1194 627 1226; x_wconf 86' lang='lat' dir='ltr'>Severus</span> <span class='ocrx_word' id='word_1_88' title='bbox 654 1204 710 1236; x_wconf 89' lang='lat' dir='ltr'>ap.</span> <span class='ocrx_word' id='word_1_89' title='bbox 739 1194 907 1236; x_wconf 84' lang='lat' dir='ltr'>Spartian.</span> <span class='ocrx_word' id='word_1_90' title='bbox 931 1198 963 1227; x_wconf 88' lang='grc'>6.</span> 
     </span>
     <span class='ocr_line' id='line_1_18' title="bbox 269 1243 368 1276; baseline 0.02 -2"><span class='ocrx_word' id='word_1_91' title='bbox 269 1243 368 1276; x_wconf 77' lang='lat' dir='ltr'>Bern-</span> 
     </span>
    </p>

    <p class='ocr_par' dir='ltr' id='par_1_6' title="bbox 269 1294 964 1424">
     <span class='ocr_line' id='line_1_19' title="bbox 313 1294 962 1336; baseline 0.005 -12"><span class='ocrx_word' id='word_1_92' title='bbox 313 1294 484 1334; x_wconf 79' lang='lat' dir='ltr'>Curiosius,</span> <span class='ocrx_word' id='word_1_93' title='bbox 507 1294 576 1335; x_wconf 56' lang='lat' dir='ltr'>&amp;eq</span> <span class='ocrx_word' id='word_1_94' title='bbox 612 1294 701 1326; x_wconf 82' lang='lat' dir='ltr'>Saxo</span> <span class='ocrx_word' id='word_1_95' title='bbox 717 1303 767 1327; x_wconf 76' lang='grc' dir='ltr'>ιν.</span> <span class='ocrx_word' id='word_1_96' title='bbox 793 1305 824 1336; x_wconf 90' lang='lat' dir='ltr'>p.</span> <span class='ocrx_word' id='word_1_97' title='bbox 842 1298 895 1326; x_wconf 79' lang='grc'><strong>64.</strong></span> <span class='ocrx_word' id='word_1_98' title='bbox 910 1298 962 1328; x_wconf 89' lang='grc'><strong>16.</strong></span> 
     </span>
     <span class='ocr_line' id='line_1_20' title="bbox 269 1343 964 1386; baseline 0.004 -11"><span class='ocrx_word' id='word_1_99' title='bbox 269 1343 446 1385; x_wconf 88' lang='lat' dir='ltr'>‘Corpore</span> <span class='ocrx_word' id='word_1_100' title='bbox 466 1344 591 1377; x_wconf 87' lang='lat' dir='ltr'>deinde</span> <span class='ocrx_word' id='word_1_101' title='bbox 614 1346 687 1386; x_wconf 87' lang='lat' dir='ltr'>ejus</span> <span class='ocrx_word' id='word_1_102' title='bbox 714 1355 783 1378; x_wconf 87' lang='lat' dir='ltr'>cur.</span> <span class='ocrx_word' id='word_1_103' title='bbox 810 1351 964 1379; x_wconf 88' lang='lat' dir='ltr'>contrec-</span> 
     </span>
     <span class='ocr_line' id='line_1_21' title="bbox 270 1393 366 1424; baseline 0 0"><span class='ocrx_word' id='word_1_104' title='bbox 270 1393 366 1424; x_wconf 66' lang='lat' dir='ltr'>tato!</span> 
     </span>
    </p>

    <p class='ocr_par' dir='ltr' id='par_1_7' title="bbox 270 1444 965 1880">
     <span class='ocr_line' id='line_1_22' title="bbox 312 1444 963 1489; baseline 0.008 -15"><span class='ocrx_word' id='word_1_105' title='bbox 312 1444 411 1474; x_wconf 77' lang='lat' dir='ltr'>Aliud</span> <span class='ocrx_word' id='word_1_106' title='bbox 437 1444 546 1485; x_wconf 82' lang='lat' dir='ltr'>telum]</span> <span class='ocrx_word' id='word_1_107' title='bbox 569 1445 624 1477; x_wconf 92' lang='lat' dir='ltr'>Sc.</span> <span class='ocrx_word' id='word_1_108' title='bbox 654 1446 741 1487; x_wconf 90' lang='lat' dir='ltr'>quod</span> <span class='ocrx_word' id='word_1_109' title='bbox 773 1447 865 1478; x_wconf 82' lang='lat' dir='ltr'>salva</span> <span class='ocrx_word' id='word_1_110' title='bbox 886 1448 963 1489; x_wconf 87' lang='lat' dir='ltr'>lege</span> 
     </span>
     <span class='ocr_line' id='line_1_23' title="bbox 271 1494 962 1535; baseline 0.007 -11"><span class='ocrx_word' id='word_1_111' title='bbox 271 1494 430 1525; x_wconf 89' lang='lat' dir='ltr'>Cornelia</span> <span class='ocrx_word' id='word_1_112' title='bbox 443 1499 576 1535; x_wconf 83' lang='lat' dir='ltr'>gestare</span> <span class='ocrx_word' id='word_1_113' title='bbox 587 1496 685 1528; x_wconf 88' lang='lat' dir='ltr'>licet:</span> <span class='ocrx_word' id='word_1_114' title='bbox 702 1506 765 1528; x_wconf 87' lang='lat' dir='ltr'>nec</span> <span class='ocrx_word' id='word_1_115' title='bbox 779 1502 891 1529; x_wconf 87' lang='lat' dir='ltr'>tamen</span> <span class='ocrx_word' id='word_1_116' title='bbox 905 1498 962 1529; x_wconf 88' lang='lat' dir='ltr'>ho-</span> 
     </span>
     <span class='ocr_line' id='line_1_24' title="bbox 270 1544 965 1585; baseline 0.007 -12"><span class='ocrx_word' id='word_1_117' title='bbox 270 1548 367 1574; x_wconf 90' lang='lat' dir='ltr'>neste</span> <span class='ocrx_word' id='word_1_118' title='bbox 383 1544 546 1575; x_wconf 85' lang='lat' dir='ltr'>nominari</span> <span class='ocrx_word' id='word_1_119' title='bbox 560 1549 684 1585; x_wconf 81' lang='lat' dir='ltr'>potest.</span> <span class='ocrx_word' id='word_1_120' title='bbox 727 1546 835 1577; x_wconf 85' lang='lat' dir='ltr'>Simili</span> <span class='ocrx_word' id='word_1_121' title='bbox 859 1553 965 1579; x_wconf 89' lang='lat' dir='ltr'>meta-</span> 
     </span>
     <span class='ocr_line' id='line_1_25' title="bbox 271 1594 962 1633; baseline 0.009 -9"><span class='ocrx_word' id='word_1_122' title='bbox 271 1594 377 1633; x_wconf 86' lang='lat' dir='ltr'>phora</span> <span class='ocrx_word' id='word_1_123' title='bbox 388 1595 510 1627; x_wconf 87' lang='lat' dir='ltr'>Catull.</span> <span class='ocrx_word' id='word_1_124' title='bbox 525 1596 564 1627; x_wconf 90' lang='lat' dir='ltr'>C.</span> <span class='ocrx_word' id='word_1_125' title='bbox 578 1599 632 1628; x_wconf 85' lang='lat'>68.</span> <span class='ocrx_word' id='word_1_126' title='bbox 654 1597 663 1614; x_wconf 92' lang='lat'>‘</span> <span class='ocrx_word' id='word_1_127' title='bbox 678 1597 818 1628; x_wconf 89' lang='lat' dir='ltr'>siculam</span> <span class='ocrx_word' id='word_1_128' title='bbox 829 1597 839 1611; x_wconf 92' lang='lat'><em>&#39;</em></span> <span class='ocrx_word' id='word_1_129' title='bbox 857 1598 940 1630; x_wconf 90' lang='lat' dir='ltr'>dicit</span> <span class='ocrx_word' id='word_1_130' title='bbox 954 1610 962 1631; x_wconf 74' lang='lat' dir='ltr'>t</span> 
     </span>
     <span class='ocr_line' id='line_1_26' title="bbox 270 1644 963 1685; baseline 0.007 -11"><span class='ocrx_word' id='word_1_131' title='bbox 270 1644 432 1685; x_wconf 83' lang='lat' dir='ltr'>Propert.</span> <span class='ocrx_word' id='word_1_132' title='bbox 450 1655 475 1676; x_wconf 92' lang='lat'>1.</span> <span class='ocrx_word' id='word_1_133' title='bbox 492 1648 523 1677; x_wconf 82' lang='lat'>3.</span> <span class='ocrx_word' id='word_1_134' title='bbox 538 1650 573 1678; x_wconf 91' lang='lat' dir='ltr'>et</span> <span class='ocrx_word' id='word_1_135' title='bbox 586 1655 641 1678; x_wconf 91' lang='lat'>111.</span> <span class='ocrx_word' id='word_1_136' title='bbox 658 1649 709 1679; x_wconf 84' lang='grc'><strong>19.</strong></span> <span class='ocrx_word' id='word_1_137' title='bbox 724 1647 733 1664; x_wconf 90' lang='lat'>‘</span> <span class='ocrx_word' id='word_1_138' title='bbox 747 1647 864 1679; x_wconf 62' lang='lat' dir='ltr'>arma)</span> <span class='ocrx_word' id='word_1_139' title='bbox 890 1649 963 1680; x_wconf 81' lang='lat' dir='ltr'>Cae-</span> 
     </span>
     <span class='ocr_line' id='line_1_27' title="bbox 270 1693 964 1738; baseline 0.009 -14"><span class='ocrx_word' id='word_1_140' title='bbox 270 1693 327 1725; x_wconf 92' lang='lat' dir='ltr'>cil.</span> <span class='ocrx_word' id='word_1_141' title='bbox 350 1694 543 1735; x_wconf 86' lang='lat' dir='ltr'>Hymnide:</span> <span class='ocrx_word' id='word_1_142' title='bbox 568 1696 685 1727; x_wconf 83' lang='lat' dir='ltr'>‘Nihil</span> <span class='ocrx_word' id='word_1_143' title='bbox 707 1697 779 1738; x_wconf 86' lang='lat' dir='ltr'>agit</span> <span class='ocrx_word' id='word_1_144' title='bbox 802 1698 834 1728; x_wconf 89' lang='lat' dir='ltr'>in</span> <span class='ocrx_word' id='word_1_145' title='bbox 851 1708 964 1730; x_wconf 87' lang='lat' dir='ltr'>amore</span> 
     </span>
     <span class='ocr_line' id='line_1_28' title="bbox 270 1744 965 1789; baseline 0.007 -14"><span class='ocrx_word' id='word_1_146' title='bbox 270 1744 442 1776; x_wconf 87' lang='lat' dir='ltr'>inermus.’</span> <span class='ocrx_word' id='word_1_147' title='bbox 485 1745 559 1777; x_wconf 86' lang='lat' dir='ltr'>Nec</span> <span class='ocrx_word' id='word_1_148' title='bbox 582 1747 683 1778; x_wconf 87' lang='lat' dir='ltr'>aliter</span> <span class='ocrx_word' id='word_1_149' title='bbox 698 1747 843 1788; x_wconf 75' lang='lat' dir='ltr'>Graecis,</span> <span class='ocrx_word' id='word_1_150' title='bbox 855 1748 965 1789; x_wconf 76' lang='grc' dir='ltr'>ὅπλον,</span> 
     </span>
     <span class='ocr_line' id='line_1_29' title="bbox 270 1793 964 1842; baseline 0.012 -18"><span class='ocrx_word' id='word_1_151' title='bbox 270 1793 403 1835; x_wconf 81' lang='grc' dir='ltr'>κέντρον,</span> <span class='ocrx_word' id='word_1_152' title='bbox 437 1794 597 1836; x_wconf 73' lang='grc' dir='ltr'><strong>στόρθυγξ.</strong></span> <span class='ocrx_word' id='word_1_153' title='bbox 651 1797 742 1830; x_wconf 90' lang='lat' dir='ltr'>Hinc</span> <span class='ocrx_word' id='word_1_154' title='bbox 769 1799 866 1840; x_wconf 90' lang='lat' dir='ltr'>jocus</span> <span class='ocrx_word' id='word_1_155' title='bbox 908 1811 964 1842; x_wconf 86' lang='lat' dir='ltr'>ap.</span> 
     </span>
     <span class='ocr_line' id='line_1_30' title="bbox 271 1846 715 1880; baseline 0.005 -2"><span class='ocrx_word' id='word_1_156' title='bbox 271 1846 412 1878; x_wconf 78' lang='lat' dir='ltr'>Quintil.</span> <span class='ocrx_word' id='word_1_157' title='bbox 430 1856 479 1878; x_wconf 82' lang='lat' dir='ltr'>vr.</span> <span class='ocrx_word' id='word_1_158' title='bbox 495 1849 524 1878; x_wconf 83' lang='lat'>3.</span> <span class='ocrx_word' id='word_1_159' title='bbox 540 1850 593 1879; x_wconf 84' lang='lat'>81.</span> <span class='ocrx_word' id='word_1_160' title='bbox 616 1848 715 1880; x_wconf 85' lang='lat' dir='ltr'>Bern.</span> 
     </span>
    </p>

    <p class='ocr_par' dir='ltr' id='par_1_8' title="bbox 266 1898 966 2986">
     <span class='ocr_line' id='line_1_31' title="bbox 313 1898 963 1942; baseline 0.008 -14"><span class='ocrx_word' id='word_1_161' title='bbox 313 1898 331 1938; x_wconf 50' lang='grc' dir='ltr'>ᾗ</span> <span class='ocrx_word' id='word_1_162' title='bbox 355 1900 394 1928; x_wconf 87' lang='grc'>10</span> <span class='ocrx_word' id='word_1_163' title='bbox 418 1899 587 1930; x_wconf 77' lang='lat' dir='ltr'>Evocatum</span> <span class='ocrx_word' id='word_1_164' title='bbox 601 1899 638 1929; x_wconf 85' lang='lat' dir='ltr'>ab</span> <span class='ocrx_word' id='word_1_165' title='bbox 658 1899 780 1940; x_wconf 84' lang='lat' dir='ltr'>amicis]</span> <span class='ocrx_word' id='word_1_166' title='bbox 818 1901 901 1942; x_wconf 87' lang='lat' dir='ltr'>Leg.</span> <span class='ocrx_word' id='word_1_167' title='bbox 916 1911 963 1933; x_wconf 88' lang='lat' dir='ltr'>se-</span> 
     </span>
     <span class='ocr_line' id='line_1_32' title="bbox 269 1949 964 1984; baseline 0.009 -6"><span class='ocrx_word' id='word_1_168' title='bbox 269 1951 419 1980; x_wconf 68' lang='lat' dir='ltr'>vocatum.</span> <span class='ocrx_word' id='word_1_169' title='bbox 449 1949 522 1980; x_wconf 92' lang='lat' dir='ltr'>Cic.</span> <span class='ocrx_word' id='word_1_170' title='bbox 538 1958 578 1981; x_wconf 92' lang='lat'>11.</span> <span class='ocrx_word' id='word_1_171' title='bbox 605 1950 692 1982; x_wconf 89' lang='lat' dir='ltr'>Phil.</span> <span class='ocrx_word' id='word_1_172' title='bbox 709 1953 761 1982; x_wconf 83' lang='grc'><strong>14.</strong></span> <span class='ocrx_word' id='word_1_173' title='bbox 788 1952 797 1969; x_wconf 88' lang='lat'>‘</span> <span class='ocrx_word' id='word_1_174' title='bbox 816 1952 899 1983; x_wconf 92' lang='lat' dir='ltr'>Cum</span> <span class='ocrx_word' id='word_1_175' title='bbox 917 1953 964 1984; x_wconf 90' lang='lat' dir='ltr'>in-</span> 
     </span>
     <span class='ocr_line' id='line_1_33' title="bbox 269 1997 964 2038; baseline 0.009 -10"><span class='ocrx_word' id='word_1_176' title='bbox 269 1997 487 2030; x_wconf 87' lang='lat' dir='ltr'>terficeretur</span> <span class='ocrx_word' id='word_1_177' title='bbox 502 1998 625 2038; x_wconf 77' lang='lat' dir='ltr'>Caesar,</span> <span class='ocrx_word' id='word_1_178' title='bbox 636 2004 707 2030; x_wconf 88' lang='lat' dir='ltr'>tum</span> <span class='ocrx_word' id='word_1_179' title='bbox 719 2005 752 2032; x_wconf 89' lang='lat' dir='ltr'>te</span> <span class='ocrx_word' id='word_1_180' title='bbox 763 2011 783 2032; x_wconf 88' lang='lat' dir='ltr'>a</span> <span class='ocrx_word' id='word_1_181' title='bbox 792 2001 964 2034; x_wconf 80' lang='lat' dir='ltr'>Trebonio</span> 
     </span>
     <span class='ocr_line' id='line_1_34' title="bbox 268 2047 963 2084; baseline 0.009 -6"><span class='ocrx_word' id='word_1_182' title='bbox 268 2047 410 2079; x_wconf 90' lang='lat' dir='ltr'>vidimus</span> <span class='ocrx_word' id='word_1_183' title='bbox 420 2048 593 2080; x_wconf 87' lang='lat' dir='ltr'>sevocari.’</span> <span class='ocrx_word' id='word_1_184' title='bbox 610 2049 746 2083; x_wconf 82' lang='lat' dir='ltr'>Gronov.</span> <span class='ocrx_word' id='word_1_185' title='bbox 791 2051 882 2082; x_wconf 86' lang='lat' dir='ltr'>Olim</span> <span class='ocrx_word' id='word_1_186' title='bbox 893 2053 963 2084; x_wconf 89' lang='lat' dir='ltr'>vidi</span> 
     </span>
     <span class='ocr_line' id='line_1_35' title="bbox 268 2097 962 2137; baseline 0.012 -10"><span class='ocrx_word' id='word_1_187' title='bbox 268 2097 403 2137; x_wconf 83' lang='lat' dir='ltr'>legend.</span> <span class='ocrx_word' id='word_1_188' title='bbox 427 2107 498 2129; x_wconf 90' lang='lat' dir='ltr'>esse</span> <span class='ocrx_word' id='word_1_189' title='bbox 526 2102 709 2131; x_wconf 80' lang='lat' dir='ltr'>sevocatum.</span> <span class='ocrx_word' id='word_1_190' title='bbox 767 2102 845 2133; x_wconf 92' lang='lat' dir='ltr'>Non</span> <span class='ocrx_word' id='word_1_191' title='bbox 873 2103 962 2135; x_wconf 89' lang='lat' dir='ltr'>enim</span> 
     </span>
     <span class='ocr_line' id='line_1_36' title="bbox 268 2147 963 2188; baseline 0.012 -11"><span class='ocrx_word' id='word_1_192' title='bbox 268 2147 474 2179; x_wconf 83' lang='lat' dir='ltr'>evocabatur</span> <span class='ocrx_word' id='word_1_193' title='bbox 490 2148 532 2180; x_wconf 92' lang='lat' dir='ltr'>ab</span> <span class='ocrx_word' id='word_1_194' title='bbox 549 2150 678 2188; x_wconf 90' lang='lat' dir='ltr'>amicis,</span> <span class='ocrx_word' id='word_1_195' title='bbox 694 2151 754 2182; x_wconf 90' lang='lat' dir='ltr'>sed</span> <span class='ocrx_word' id='word_1_196' title='bbox 775 2152 815 2183; x_wconf 87' lang='lat' dir='ltr'>ab</span> <span class='ocrx_word' id='word_1_197' title='bbox 831 2153 897 2184; x_wconf 90' lang='lat' dir='ltr'>illis</span> <span class='ocrx_word' id='word_1_198' title='bbox 912 2164 963 2185; x_wconf 90' lang='lat' dir='ltr'>se-</span> 
     </span>
     <span class='ocr_line' id='line_1_37' title="bbox 266 2197 962 2240; baseline 0.01 -13"><span class='ocrx_word' id='word_1_199' title='bbox 266 2197 462 2229; x_wconf 83' lang='lat' dir='ltr'>vocabatur.</span> <span class='ocrx_word' id='word_1_200' title='bbox 521 2200 687 2231; x_wconf 88' lang='lat' dir='ltr'>Sevocare</span> <span class='ocrx_word' id='word_1_201' title='bbox 714 2206 779 2240; x_wconf 88' lang='lat' dir='ltr'>est,</span> <span class='ocrx_word' id='word_1_202' title='bbox 815 2211 962 2234; x_wconf 87' lang='lat' dir='ltr'>seorsum</span> 
     </span>
     <span class='ocr_line' id='line_1_38' title="bbox 269 2248 963 2292; baseline 0.01 -15"><span class='ocrx_word' id='word_1_203' title='bbox 269 2256 411 2286; x_wconf 89' lang='lat' dir='ltr'>vocare;</span> <span class='ocrx_word' id='word_1_204' title='bbox 434 2248 522 2289; x_wconf 90' lang='lat' dir='ltr'>quod</span> <span class='ocrx_word' id='word_1_205' title='bbox 538 2249 561 2280; x_wconf 91' lang='lat' dir='ltr'>ii</span> <span class='ocrx_word' id='word_1_206' title='bbox 576 2249 720 2290; x_wconf 88' lang='lat' dir='ltr'>faciunt,</span> <span class='ocrx_word' id='word_1_207' title='bbox 736 2251 792 2292; x_wconf 87' lang='lat' dir='ltr'>qui</span> <span class='ocrx_word' id='word_1_208' title='bbox 813 2252 873 2282; x_wconf 91' lang='lat' dir='ltr'>soli</span> <span class='ocrx_word' id='word_1_209' title='bbox 887 2262 963 2284; x_wconf 90' lang='lat' dir='ltr'>cum</span> 
     </span>
     <span class='ocr_line' id='line_1_39' title="bbox 267 2297 964 2339; baseline 0.01 -12"><span class='ocrx_word' id='word_1_210' title='bbox 267 2297 380 2339; x_wconf 85' lang='lat' dir='ltr'>aliquo</span> <span class='ocrx_word' id='word_1_211' title='bbox 402 2304 480 2330; x_wconf 88' lang='lat' dir='ltr'>sunt</span> <span class='ocrx_word' id='word_1_212' title='bbox 499 2300 720 2339; x_wconf 88' lang='lat' dir='ltr'>collocuturi;</span> <span class='ocrx_word' id='word_1_213' title='bbox 742 2306 781 2332; x_wconf 91' lang='lat' dir='ltr'>ut</span> <span class='ocrx_word' id='word_1_214' title='bbox 799 2302 964 2334; x_wconf 86' lang='lat' dir='ltr'>seducere</span> 
     </span>
     <span class='ocr_line' id='line_1_40' title="bbox 268 2347 965 2393; baseline 0.01 -17"><span class='ocrx_word' id='word_1_215' title='bbox 268 2347 965 2393; x_wconf 84' lang='lat' dir='ltr'>est,seorsimducere,secubare,seorsim,</span> 
     </span>
     <span class='ocr_line' id='line_1_41' title="bbox 270 2396 963 2434; baseline 0.012 -9"><span class='ocrx_word' id='word_1_216' title='bbox 270 2396 375 2426; x_wconf 88' lang='lat' dir='ltr'>solum</span> <span class='ocrx_word' id='word_1_217' title='bbox 399 2396 535 2428; x_wconf 90' lang='lat' dir='ltr'>cubare.</span> <span class='ocrx_word' id='word_1_218' title='bbox 577 2398 692 2431; x_wconf 83' lang='lat' dir='ltr'>Plaut.</span> <span class='ocrx_word' id='word_1_219' title='bbox 717 2400 862 2433; x_wconf 84' lang='lat' dir='ltr'>Menaec.</span> <span class='ocrx_word' id='word_1_220' title='bbox 879 2411 914 2432; x_wconf 90' lang='lat' dir='ltr'>v.</span> <span class='ocrx_word' id='word_1_221' title='bbox 931 2405 963 2434; x_wconf 88' lang='grc'><strong>9.</strong></span> 
     </span>
     <span class='ocr_line' id='line_1_42' title="bbox 269 2446 964 2486; baseline 0.009 -10"><span class='ocrx_word' id='word_1_222' title='bbox 269 2446 278 2462; x_wconf 90' lang='lat'>‘</span> <span class='ocrx_word' id='word_1_223' title='bbox 290 2446 464 2477; x_wconf 88' lang='lat' dir='ltr'>Sevocabo</span> <span class='ocrx_word' id='word_1_224' title='bbox 476 2446 602 2486; x_wconf 83' lang='lat' dir='ltr'>herum,</span> <span class='ocrx_word' id='word_1_225' title='bbox 612 2448 846 2482; x_wconf 63' lang='lat' dir='ltr'>Menaechme!</span> <span class='ocrx_word' id='word_1_226' title='bbox 869 2451 964 2482; x_wconf 89' lang='lat' dir='ltr'>Men.</span> 
     </span>
     <span class='ocr_line' id='line_1_43' title="bbox 269 2494 963 2531; baseline 0.009 -6"><span class='ocrx_word' id='word_1_227' title='bbox 269 2494 326 2526; x_wconf 91' lang='lat' dir='ltr'>So.</span> <span class='ocrx_word' id='word_1_228' title='bbox 336 2494 458 2526; x_wconf 78' lang='lat' dir='ltr'>Ambo.</span> <span class='ocrx_word' id='word_1_229' title='bbox 476 2496 564 2528; x_wconf 86' lang='lat' dir='ltr'>Quid</span> <span class='ocrx_word' id='word_1_230' title='bbox 574 2497 643 2527; x_wconf 83' lang='lat' dir='ltr'>vis?</span> <span class='ocrx_word' id='word_1_231' title='bbox 657 2498 750 2529; x_wconf 82' lang='lat' dir='ltr'>Men.</span> <span class='ocrx_word' id='word_1_232' title='bbox 762 2500 840 2530; x_wconf 89' lang='lat' dir='ltr'>Non</span> <span class='ocrx_word' id='word_1_233' title='bbox 849 2499 963 2531; x_wconf 90' lang='lat' dir='ltr'>ambos</span> 
     </span>
     <span class='ocr_line' id='line_1_44' title="bbox 269 2544 966 2590; baseline 0.007 -14"><span class='ocrx_word' id='word_1_234' title='bbox 269 2544 370 2576; x_wconf 67' lang='lat' dir='ltr'>volo!</span> <span class='ocrx_word' id='word_1_235' title='bbox 412 2545 478 2576; x_wconf 85' lang='lat' dir='ltr'>Ov.</span> <span class='ocrx_word' id='word_1_236' title='bbox 510 2546 681 2578; x_wconf 82' lang='lat' dir='ltr'>‘Sevocat</span> <span class='ocrx_word' id='word_1_237' title='bbox 705 2549 793 2580; x_wconf 91' lang='lat' dir='ltr'>hunc</span> <span class='ocrx_word' id='word_1_238' title='bbox 820 2550 966 2590; x_wconf 86' lang='lat' dir='ltr'>genitor,</span> 
     </span>
     <span class='ocr_line' id='line_1_45' title="bbox 269 2594 964 2632; baseline 0.01 -7"><span class='ocrx_word' id='word_1_239' title='bbox 269 2604 334 2626; x_wconf 88' lang='lat' dir='ltr'>nec</span> <span class='ocrx_word' id='word_1_240' title='bbox 367 2603 502 2627; x_wconf 85' lang='lat' dir='ltr'>causam</span> <span class='ocrx_word' id='word_1_241' title='bbox 538 2594 644 2628; x_wconf 83' lang='lat' dir='ltr'>fassus</span> <span class='ocrx_word' id='word_1_242' title='bbox 675 2598 820 2629; x_wconf 63' lang='lat' dir='ltr'>amoris?</span> <span class='ocrx_word' id='word_1_243' title='bbox 868 2600 964 2632; x_wconf 87' lang='lat' dir='ltr'>Suet.</span> 
     </span>
     <span class='ocr_line' id='line_1_46' title="bbox 271 2644 964 2688; baseline 0.01 -14"><span class='ocrx_word' id='word_1_244' title='bbox 271 2644 343 2675; x_wconf 88' lang='lat' dir='ltr'>Cal.</span> <span class='ocrx_word' id='word_1_245' title='bbox 369 2647 421 2676; x_wconf 80' lang='lat'>36.</span> <span class='ocrx_word' id='word_1_246' title='bbox 470 2646 479 2662; x_wconf 91' lang='lat'>‘</span> <span class='ocrx_word' id='word_1_247' title='bbox 504 2646 667 2686; x_wconf 83' lang='lat' dir='ltr'>Egressus</span> <span class='ocrx_word' id='word_1_248' title='bbox 696 2648 859 2688; x_wconf 89' lang='lat' dir='ltr'>triclinio,</span> <span class='ocrx_word' id='word_1_249' title='bbox 888 2659 964 2681; x_wconf 88' lang='lat' dir='ltr'>eum</span> 
     </span>
     <span class='ocr_line' id='line_1_47' title="bbox 269 2694 964 2735; baseline 0.01 -12"><span class='ocrx_word' id='word_1_250' title='bbox 269 2694 415 2725; x_wconf 84' lang='lat' dir='ltr'>maxime</span> <span class='ocrx_word' id='word_1_251' title='bbox 445 2695 604 2735; x_wconf 84' lang='lat' dir='ltr'>placitam</span> <span class='ocrx_word' id='word_1_252' title='bbox 633 2699 848 2729; x_wconf 75' lang='lat' dir='ltr'>sevocasset!</span> <span class='ocrx_word' id='word_1_253' title='bbox 891 2699 964 2731; x_wconf 82' lang='lat' dir='ltr'>Cic.</span> 
     </span>
     <span class='ocr_line' id='line_1_48' title="bbox 270 2744 962 2788; baseline 0.009 -15"><span class='ocrx_word' id='word_1_254' title='bbox 270 2753 333 2783; x_wconf 88' lang='lat' dir='ltr'>pro</span> <span class='ocrx_word' id='word_1_255' title='bbox 359 2744 502 2776; x_wconf 83' lang='lat' dir='ltr'>Muraen.</span> <span class='ocrx_word' id='word_1_256' title='bbox 525 2746 534 2763; x_wconf 88' lang='lat'>‘</span> <span class='ocrx_word' id='word_1_257' title='bbox 550 2746 648 2778; x_wconf 87' lang='lat' dir='ltr'>Facit</span> <span class='ocrx_word' id='word_1_258' title='bbox 669 2752 708 2779; x_wconf 91' lang='lat' dir='ltr'>ut</span> <span class='ocrx_word' id='word_1_259' title='bbox 729 2757 840 2779; x_wconf 89' lang='lat' dir='ltr'>rursus</span> <span class='ocrx_word' id='word_1_260' title='bbox 867 2748 962 2788; x_wconf 87' lang='lat' dir='ltr'>plebs</span> 
     </span>
     <span class='ocr_line' id='line_1_49' title="bbox 270 2793 963 2830; baseline 0.01 -7"><span class='ocrx_word' id='word_1_261' title='bbox 270 2793 305 2823; x_wconf 90' lang='lat' dir='ltr'>in</span> <span class='ocrx_word' id='word_1_262' title='bbox 333 2794 535 2826; x_wconf 88' lang='lat' dir='ltr'>Aventinum</span> <span class='ocrx_word' id='word_1_263' title='bbox 566 2797 755 2829; x_wconf 85' lang='lat' dir='ltr'>sevocanda</span> <span class='ocrx_word' id='word_1_264' title='bbox 782 2798 963 2830; x_wconf 66' lang='lat' dir='ltr'>videatur!</span> 
     </span>
     <span class='ocr_line' id='line_1_50' title="bbox 270 2843 964 2890; baseline 0.009 -16"><span class='ocrx_word' id='word_1_265' title='bbox 270 2843 323 2875; x_wconf 89' lang='lat' dir='ltr'>Id.</span> <span class='ocrx_word' id='word_1_266' title='bbox 340 2852 362 2875; x_wconf 83' lang='lat'>1.</span> <span class='ocrx_word' id='word_1_267' title='bbox 378 2845 469 2876; x_wconf 86' lang='lat' dir='ltr'>Fam.</span> <span class='ocrx_word' id='word_1_268' title='bbox 484 2849 516 2877; x_wconf 87' lang='grc'><strong>9.</strong></span> <span class='ocrx_word' id='word_1_269' title='bbox 546 2848 555 2864; x_wconf 83' lang='lat'>‘</span> <span class='ocrx_word' id='word_1_270' title='bbox 573 2847 738 2880; x_wconf 81' lang='lat' dir='ltr'>Quoniam</span> <span class='ocrx_word' id='word_1_271' title='bbox 754 2848 890 2890; x_wconf 87' lang='lat' dir='ltr'>quidam</span> <span class='ocrx_word' id='word_1_272' title='bbox 906 2858 964 2880; x_wconf 90' lang='lat' dir='ltr'>no-</span> 
     </span>
     <span class='ocr_line' id='line_1_51' title="bbox 271 2894 962 2930; baseline 0.009 -6"><span class='ocrx_word' id='word_1_273' title='bbox 271 2894 354 2925; x_wconf 84' lang='lat' dir='ltr'>biles</span> <span class='ocrx_word' id='word_1_274' title='bbox 368 2895 517 2926; x_wconf 88' lang='lat' dir='ltr'>homines</span> <span class='ocrx_word' id='word_1_275' title='bbox 533 2895 704 2928; x_wconf 90' lang='lat' dir='ltr'>inimicum</span> <span class='ocrx_word' id='word_1_276' title='bbox 718 2907 829 2929; x_wconf 87' lang='lat' dir='ltr'>meum</span> <span class='ocrx_word' id='word_1_277' title='bbox 846 2908 898 2929; x_wconf 91' lang='lat' dir='ltr'>me</span> <span class='ocrx_word' id='word_1_278' title='bbox 913 2898 962 2930; x_wconf 85' lang='lat' dir='ltr'>in-</span> 
     </span>
     <span class='ocr_line' id='line_1_52' title="bbox 269 2946 963 2986; baseline 0.007 -11"><span class='ocrx_word' id='word_1_279' title='bbox 269 2948 446 2984; x_wconf 82' lang='lat' dir='ltr'>spectante</span> <span class='ocrx_word' id='word_1_280' title='bbox 458 2955 548 2986; x_wconf 86' lang='lat' dir='ltr'>saepe</span> <span class='ocrx_word' id='word_1_281' title='bbox 560 2946 593 2977; x_wconf 92' lang='lat' dir='ltr'>in</span> <span class='ocrx_word' id='word_1_282' title='bbox 605 2952 724 2979; x_wconf 87' lang='lat' dir='ltr'>senatu</span> <span class='ocrx_word' id='word_1_283' title='bbox 736 2948 834 2980; x_wconf 82' lang='lat' dir='ltr'>modo</span> <span class='ocrx_word' id='word_1_284' title='bbox 847 2957 963 2980; x_wconf 80' lang='lat' dir='ltr'>severe</span> 
     </span>
    </p>
   </div>
   <div class='ocr_carea' id='block_1_4' title="bbox 1011 490 1719 2992">
    <p class='ocr_par' dir='ltr' id='par_1_9' title="bbox 1012 490 1717 1384">
     <span class='ocr_line' id='line_1_53' title="bbox 1014 490 1714 532; baseline -0.001 -10"><span class='ocrx_word' id='word_1_285' title='bbox 1014 491 1228 532; x_wconf 83' lang='lat' dir='ltr'>seducerent,</span> <span class='ocrx_word' id='word_1_286' title='bbox 1236 490 1334 523; x_wconf 87' lang='lat' dir='ltr'>modo</span> <span class='ocrx_word' id='word_1_287' title='bbox 1346 490 1714 531; x_wconf 67' lang='lat' dir='ltr'>familiariter-amplex-</span> 
     </span>
     <span class='ocr_line' id='line_1_54' title="bbox 1014 540 1713 572; baseline 0.001 -1"><span class='ocrx_word' id='word_1_288' title='bbox 1014 540 1174 572; x_wconf 66' lang='lat' dir='ltr'>arentur!</span> <span class='ocrx_word' id='word_1_289' title='bbox 1217 541 1317 572; x_wconf 89' lang='lat' dir='ltr'>Hanc</span> <span class='ocrx_word' id='word_1_290' title='bbox 1340 540 1613 572; x_wconf 86' lang='lat' dir='ltr'>emendationem</span> <span class='ocrx_word' id='word_1_291' title='bbox 1637 550 1713 572; x_wconf 88' lang='lat' dir='ltr'>cum</span> 
     </span>
     <span class='ocr_line' id='line_1_55' title="bbox 1014 590 1714 623; baseline 0 -1"><span class='ocrx_word' id='word_1_292' title='bbox 1014 591 1312 622; x_wconf 83' lang='lat' dir='ltr'>communicassem</span> <span class='ocrx_word' id='word_1_293' title='bbox 1339 601 1414 622; x_wconf 90' lang='lat' dir='ltr'>cum</span> <span class='ocrx_word' id='word_1_294' title='bbox 1438 590 1660 623; x_wconf 88' lang='lat' dir='ltr'>celeberrimo</span> <span class='ocrx_word' id='word_1_295' title='bbox 1677 595 1714 622; x_wconf 90' lang='lat' dir='ltr'>et</span> 
     </span>
     <span class='ocr_line' id='line_1_56' title="bbox 1014 640 1715 681; baseline 0.001 -11"><span class='ocrx_word' id='word_1_296' title='bbox 1014 641 1114 672; x_wconf 91' lang='lat' dir='ltr'>unico</span> <span class='ocrx_word' id='word_1_297' title='bbox 1127 640 1269 671; x_wconf 87' lang='lat' dir='ltr'>doctore</span> <span class='ocrx_word' id='word_1_298' title='bbox 1280 646 1395 672; x_wconf 88' lang='lat' dir='ltr'>nostro</span> <span class='ocrx_word' id='word_1_299' title='bbox 1407 641 1592 681; x_wconf 86' lang='lat' dir='ltr'>Gronovio,</span> <span class='ocrx_word' id='word_1_300' title='bbox 1604 645 1715 672; x_wconf 86' lang='lat' dir='ltr'>osten-</span> 
     </span>
     <span class='ocr_line' id='line_1_57' title="bbox 1015 690 1715 722; baseline 0.001 -1"><span class='ocrx_word' id='word_1_301' title='bbox 1015 690 1067 721; x_wconf 91' lang='lat' dir='ltr'>dit</span> <span class='ocrx_word' id='word_1_302' title='bbox 1081 690 1144 721; x_wconf 87' lang='lat' dir='ltr'>sibi</span> <span class='ocrx_word' id='word_1_303' title='bbox 1160 690 1206 722; x_wconf 89' lang='lat' dir='ltr'>id.</span> <span class='ocrx_word' id='word_1_304' title='bbox 1221 690 1346 721; x_wconf 90' lang='lat' dir='ltr'>dudum</span> <span class='ocrx_word' id='word_1_305' title='bbox 1364 691 1496 721; x_wconf 87' lang='lat' dir='ltr'>venisse</span> <span class='ocrx_word' id='word_1_306' title='bbox 1511 691 1543 721; x_wconf 93' lang='lat' dir='ltr'>in</span> <span class='ocrx_word' id='word_1_307' title='bbox 1555 695 1715 722; x_wconf 82' lang='lat' dir='ltr'>mentem.</span> 
     </span>
     <span class='ocr_line' id='line_1_58' title="bbox 1014 740 1716 779; baseline 0 -9"><span class='ocrx_word' id='word_1_308' title='bbox 1014 740 1152 779; x_wconf 85' lang='lat' dir='ltr'>Postea,</span> <span class='ocrx_word' id='word_1_309' title='bbox 1182 750 1259 770; x_wconf 89' lang='lat' dir='ltr'>cum</span> <span class='ocrx_word' id='word_1_310' title='bbox 1294 740 1489 771; x_wconf 83' lang='lat' dir='ltr'>adhiberem</span> <span class='ocrx_word' id='word_1_311' title='bbox 1525 740 1716 779; x_wconf 86' lang='lat' dir='ltr'>Juntinam,</span> 
     </span>
     <span class='ocr_line' id='line_1_59' title="bbox 1015 789 1715 830; baseline 0 -10"><span class='ocrx_word' id='word_1_312' title='bbox 1015 789 1159 830; x_wconf 89' lang='lat' dir='ltr'>cognovi</span> <span class='ocrx_word' id='word_1_313' title='bbox 1174 790 1221 821; x_wconf 89' lang='lat' dir='ltr'>sic</span> <span class='ocrx_word' id='word_1_314' title='bbox 1245 790 1371 821; x_wconf 89' lang='lat' dir='ltr'>dudum</span> <span class='ocrx_word' id='word_1_315' title='bbox 1388 790 1421 821; x_wconf 91' lang='lat' dir='ltr'>in</span> <span class='ocrx_word' id='word_1_316' title='bbox 1446 790 1504 821; x_wconf 90' lang='lat' dir='ltr'>illa</span> <span class='ocrx_word' id='word_1_317' title='bbox 1526 789 1632 821; x_wconf 86' lang='lat' dir='ltr'>fuisse</span> <span class='ocrx_word' id='word_1_318' title='bbox 1649 790 1715 820; x_wconf 89' lang='lat' dir='ltr'>lec-</span> 
     </span>
     <span class='ocr_line' id='line_1_60' title="bbox 1014 840 1715 881; baseline 0.004 -12"><span class='ocrx_word' id='word_1_319' title='bbox 1014 843 1100 880; x_wconf 90' lang='lat' dir='ltr'>tum,</span> <span class='ocrx_word' id='word_1_320' title='bbox 1112 840 1162 871; x_wconf 91' lang='lat' dir='ltr'>uti</span> <span class='ocrx_word' id='word_1_321' title='bbox 1179 844 1214 872; x_wconf 89' lang='lat' dir='ltr'>et</span> <span class='ocrx_word' id='word_1_322' title='bbox 1236 840 1270 871; x_wconf 91' lang='lat' dir='ltr'>in</span> <span class='ocrx_word' id='word_1_323' title='bbox 1295 840 1368 871; x_wconf 90' lang='lat' dir='ltr'>aliis</span> <span class='ocrx_word' id='word_1_324' title='bbox 1390 841 1489 881; x_wconf 86' lang='lat' dir='ltr'>impr.</span> <span class='ocrx_word' id='word_1_325' title='bbox 1505 840 1596 881; x_wconf 89' lang='lat' dir='ltr'>quod</span> <span class='ocrx_word' id='word_1_326' title='bbox 1613 850 1655 871; x_wconf 85' lang='lat' dir='ltr'>cx</span> <span class='ocrx_word' id='word_1_327' title='bbox 1671 842 1715 872; x_wconf 89' lang='lat' dir='ltr'>V.</span> 
     </span>
     <span class='ocr_line' id='line_1_61' title="bbox 1015 889 1716 931; baseline 0.003 -11"><span class='ocrx_word' id='word_1_328' title='bbox 1015 889 1056 921; x_wconf 89' lang='lat' dir='ltr'>L.</span> <span class='ocrx_word' id='word_1_329' title='bbox 1073 890 1252 930; x_wconf 86' lang='lat' dir='ltr'>Bongarsii</span> <span class='ocrx_word' id='word_1_330' title='bbox 1264 890 1383 931; x_wconf 88' lang='lat' dir='ltr'>liquet.</span> <span class='ocrx_word' id='word_1_331' title='bbox 1406 891 1493 922; x_wconf 91' lang='lat' dir='ltr'>Sane</span> <span class='ocrx_word' id='word_1_332' title='bbox 1505 891 1539 922; x_wconf 92' lang='lat' dir='ltr'>in</span> <span class='ocrx_word' id='word_1_333' title='bbox 1553 891 1716 922; x_wconf 89' lang='lat' dir='ltr'>Glareaui</span> 
     </span>
     <span class='ocr_line' id='line_1_62' title="bbox 1015 940 1716 983; baseline 0.003 -13"><span class='ocrx_word' id='word_1_334' title='bbox 1015 940 1163 971; x_wconf 88' lang='lat' dir='ltr'>editione</span> <span class='ocrx_word' id='word_1_335' title='bbox 1174 941 1300 982; x_wconf 87' lang='lat' dir='ltr'>legitur</span> <span class='ocrx_word' id='word_1_336' title='bbox 1314 945 1497 974; x_wconf 80' lang='lat' dir='ltr'>sevocatum.</span> <span class='ocrx_word' id='word_1_337' title='bbox 1542 942 1618 974; x_wconf 88' lang='lat' dir='ltr'>Nec</span> <span class='ocrx_word' id='word_1_338' title='bbox 1632 947 1716 983; x_wconf 85' lang='lat' dir='ltr'>puto</span> 
     </span>
     <span class='ocr_line' id='line_1_63' title="bbox 1013 988 1716 1033; baseline 0.003 -13"><span class='ocrx_word' id='word_1_339' title='bbox 1013 988 1047 1020; x_wconf 90' lang='lat' dir='ltr'>in</span> <span class='ocrx_word' id='word_1_340' title='bbox 1076 994 1246 1030; x_wconf 86' lang='lat' dir='ltr'>posterum</span> <span class='ocrx_word' id='word_1_341' title='bbox 1263 1000 1454 1032; x_wconf 88' lang='lat' dir='ltr'>quenquam</span> <span class='ocrx_word' id='word_1_342' title='bbox 1477 990 1643 1032; x_wconf 84' lang='lat' dir='ltr'>futurum⁷</span> <span class='ocrx_word' id='word_1_343' title='bbox 1659 993 1716 1033; x_wconf 89' lang='lat' dir='ltr'>qui</span> 
     </span>
     <span class='ocr_line' id='line_1_64' title="bbox 1013 1040 1717 1082; baseline 0.003 -12"><span class='ocrx_word' id='word_1_344' title='bbox 1013 1040 1141 1080; x_wconf 85' lang='lat' dir='ltr'>vulgati</span> <span class='ocrx_word' id='word_1_345' title='bbox 1157 1044 1314 1072; x_wconf 73' lang='lat' dir='ltr'>evocatum</span> <span class='ocrx_word' id='word_1_346' title='bbox 1335 1041 1379 1073; x_wconf 90' lang='lat' dir='ltr'>sit</span> <span class='ocrx_word' id='word_1_347' title='bbox 1395 1041 1622 1082; x_wconf 82' lang='lat' dir='ltr'>patrocinium</span> <span class='ocrx_word' id='word_1_348' title='bbox 1648 1052 1717 1073; x_wconf 89' lang='lat' dir='ltr'>sus-</span> 
     </span>
     <span class='ocr_line' id='line_1_65' title="bbox 1014 1092 1716 1131; baseline 0 -9"><span class='ocrx_word' id='word_1_349' title='bbox 1014 1096 1187 1131; x_wconf 78' lang='lat' dir='ltr'>cepturus.</span> <span class='ocrx_word' id='word_1_350' title='bbox 1239 1092 1333 1123; x_wconf 89' lang='lat' dir='ltr'>Nihil</span> <span class='ocrx_word' id='word_1_351' title='bbox 1363 1092 1452 1123; x_wconf 85' lang='lat' dir='ltr'>enim</span> <span class='ocrx_word' id='word_1_352' title='bbox 1482 1102 1524 1124; x_wconf 90' lang='lat' dir='ltr'>eo</span> <span class='ocrx_word' id='word_1_353' title='bbox 1547 1092 1581 1123; x_wconf 88' lang='lat' dir='ltr'>h.</span> <span class='ocrx_word' id='word_1_354' title='bbox 1611 1093 1635 1124; x_wconf 90' lang='lat' dir='ltr'>l.</span> <span class='ocrx_word' id='word_1_355' title='bbox 1665 1097 1716 1123; x_wconf 84' lang='lat' dir='ltr'>est</span> 
     </span>
     <span class='ocr_line' id='line_1_66' title="bbox 1015 1141 1716 1183; baseline 0 -10"><span class='ocrx_word' id='word_1_356' title='bbox 1015 1141 1203 1174; x_wconf 86' lang='lat' dir='ltr'>absurdius.</span> <span class='ocrx_word' id='word_1_357' title='bbox 1229 1142 1337 1174; x_wconf 82' lang='lat' dir='ltr'>Graev.</span> <span class='ocrx_word' id='word_1_358' title='bbox 1381 1143 1492 1183; x_wconf 88' lang='lat' dir='ltr'>Bong.</span> <span class='ocrx_word' id='word_1_359' title='bbox 1516 1142 1625 1173; x_wconf 86' lang='lat' dir='ltr'>edidit</span> <span class='ocrx_word' id='word_1_360' title='bbox 1648 1152 1716 1173; x_wconf 75' lang='lat' dir='ltr'>evo-</span> 
     </span>
     <span class='ocr_line' id='line_1_67' title="bbox 1014 1192 1716 1234; baseline 0.001 -12"><span class='ocrx_word' id='word_1_361' title='bbox 1014 1195 1129 1224; x_wconf 75' lang='lat' dir='ltr'>catum.</span> <span class='ocrx_word' id='word_1_362' title='bbox 1189 1193 1370 1224; x_wconf 80' lang='lat' dir='ltr'>Sevocatum</span> <span class='ocrx_word' id='word_1_363' title='bbox 1398 1202 1482 1224; x_wconf 87' lang='lat' dir='ltr'>vero</span> <span class='ocrx_word' id='word_1_364' title='bbox 1509 1192 1716 1234; x_wconf 86' lang='lat' dir='ltr'>antiquiores</span> 
     </span>
     <span class='ocr_line' id='line_1_68' title="bbox 1013 1242 1716 1284; baseline -0.003 -10"><span class='ocrx_word' id='word_1_365' title='bbox 1013 1243 1105 1283; x_wconf 90' lang='lat' dir='ltr'>typis</span> <span class='ocrx_word' id='word_1_366' title='bbox 1120 1253 1217 1284; x_wconf 82' lang='lat' dir='ltr'>expr.</span> <span class='ocrx_word' id='word_1_367' title='bbox 1240 1244 1249 1260; x_wconf 93' lang='lat'>‘</span> <span class='ocrx_word' id='word_1_368' title='bbox 1263 1243 1431 1274; x_wconf 86' lang='lat' dir='ltr'>Sevocare</span> <span class='ocrx_word' id='word_1_369' title='bbox 1445 1242 1454 1257; x_wconf 90' lang='lat'><em>&#39;</em></span> <span class='ocrx_word' id='word_1_370' title='bbox 1469 1242 1664 1282; x_wconf 86' lang='lat' dir='ltr'>formatum,</span> <span class='ocrx_word' id='word_1_371' title='bbox 1679 1246 1716 1273; x_wconf 90' lang='lat' dir='ltr'>ut</span> 
     </span>
     <span class='ocr_line' id='line_1_69' title="bbox 1012 1292 1711 1333; baseline 0 -10"><span class='ocrx_word' id='word_1_372' title='bbox 1012 1293 1022 1310; x_wconf 89' lang='lat'>‘</span> <span class='ocrx_word' id='word_1_373' title='bbox 1037 1296 1224 1333; x_wconf 83' lang='lat' dir='ltr'>seponere‚’</span> <span class='ocrx_word' id='word_1_374' title='bbox 1244 1294 1254 1311; x_wconf 91' lang='lat'>‘</span> <span class='ocrx_word' id='word_1_375' title='bbox 1271 1292 1462 1332; x_wconf 87' lang='lat' dir='ltr'>seducere‚&#39;</span> <span class='ocrx_word' id='word_1_376' title='bbox 1485 1293 1495 1310; x_wconf 90' lang='lat'>‘</span> <span class='ocrx_word' id='word_1_377' title='bbox 1513 1292 1677 1324; x_wconf 88' lang='lat' dir='ltr'>secubare</span> <span class='ocrx_word' id='word_1_378' title='bbox 1691 1292 1711 1331; x_wconf 79' lang='lat'>3’</span> 
     </span>
     <span class='ocr_line' id='line_1_70' title="bbox 1014 1343 1651 1384; baseline -0.002 -8"><span class='ocrx_word' id='word_1_379' title='bbox 1014 1347 1050 1376; x_wconf 84' lang='lat' dir='ltr'>et</span> <span class='ocrx_word' id='word_1_380' title='bbox 1066 1343 1107 1374; x_wconf 90' lang='lat' dir='ltr'>ab</span> <span class='ocrx_word' id='word_1_381' title='bbox 1124 1344 1199 1375; x_wconf 88' lang='lat' dir='ltr'>aliis</span> <span class='ocrx_word' id='word_1_382' title='bbox 1215 1344 1295 1376; x_wconf 87' lang='lat' dir='ltr'>item</span> <span class='ocrx_word' id='word_1_383' title='bbox 1309 1349 1518 1384; x_wconf 88' lang='lat' dir='ltr'>usurpatum.</span> <span class='ocrx_word' id='word_1_384' title='bbox 1546 1344 1651 1375; x_wconf 79' lang='lat' dir='ltr'>Vorst.</span> 
     </span>
    </p>

    <p class='ocr_par' dir='ltr' id='par_1_10' title="bbox 1013 1393 1717 1686">
     <span class='ocr_line' id='line_1_71' title="bbox 1056 1393 1713 1436; baseline -0.002 -11"><span class='ocrx_word' id='word_1_385' title='bbox 1056 1394 1144 1425; x_wconf 78' lang='lat' dir='ltr'>CAP.</span> <span class='ocrx_word' id='word_1_386' title='bbox 1155 1403 1195 1425; x_wconf 80' lang='grc' dir='ltr'>ιι.</span> <span class='ocrx_word' id='word_1_387' title='bbox 1219 1396 1237 1436; x_wconf 57' lang='grc' dir='ltr'><strong>ς</strong></span> <span class='ocrx_word' id='word_1_388' title='bbox 1251 1398 1267 1425; x_wconf 94' lang='grc'><strong>1</strong></span> <span class='ocrx_word' id='word_1_389' title='bbox 1292 1395 1355 1426; x_wconf 85' lang='lat' dir='ltr'>Sed</span> <span class='ocrx_word' id='word_1_390' title='bbox 1372 1393 1582 1435; x_wconf 76' lang='lat' dir='ltr'>Cappadoces]</span> <span class='ocrx_word' id='word_1_391' title='bbox 1598 1393 1713 1425; x_wconf 87' lang='lat' dir='ltr'>Strab.</span> 
     </span>
     <span class='ocr_line' id='line_1_72' title="bbox 1014 1444 1716 1486; baseline -0.001 -11"><span class='ocrx_word' id='word_1_392' title='bbox 1014 1452 1080 1475; x_wconf 76' lang='lat' dir='ltr'>xil.</span> <span class='ocrx_word' id='word_1_393' title='bbox 1104 1454 1138 1485; x_wconf 89' lang='lat' dir='ltr'>p.</span> <span class='ocrx_word' id='word_1_394' title='bbox 1155 1447 1231 1475; x_wconf 84' lang='grc'><strong>273.</strong></span> <span class='ocrx_word' id='word_1_395' title='bbox 1247 1447 1300 1476; x_wconf 84' lang='lat'>35.</span> <span class='ocrx_word' id='word_1_396' title='bbox 1335 1444 1492 1484; x_wconf 88' lang='lat' dir='ltr'>Romani,</span> <span class='ocrx_word' id='word_1_397' title='bbox 1508 1444 1630 1486; x_wconf 88' lang='lat' dir='ltr'>inquit,</span> <span class='ocrx_word' id='word_1_398' title='bbox 1644 1447 1716 1474; x_wconf 82' lang='grc' dir='ltr'><strong><em>θαυ-</em></strong></span> 
     </span>
     <span class='ocr_line' id='line_1_73' title="bbox 1013 1491 1717 1535; baseline 0.006 -12"><span class='ocrx_word' id='word_1_399' title='bbox 1013 1491 1168 1531; x_wconf 77' lang='grc' dir='ltr'>μάσαντες</span> <span class='ocrx_word' id='word_1_400' title='bbox 1188 1493 1218 1524; x_wconf 73' lang='grc' dir='ltr'>εἴ</span> <span class='ocrx_word' id='word_1_401' title='bbox 1227 1505 1308 1525; x_wconf 82' lang='grc' dir='ltr'>τινες</span> <span class='ocrx_word' id='word_1_402' title='bbox 1329 1493 1424 1526; x_wconf 78' lang='grc' dir='ltr'>οὕτως</span> <span class='ocrx_word' id='word_1_403' title='bbox 1444 1493 1504 1525; x_wconf 80' lang='grc' dir='ltr'>εἶεν</span> <span class='ocrx_word' id='word_1_404' title='bbox 1518 1494 1717 1535; x_wconf 73' lang='grc' dir='ltr'>ἀπειρηκότες</span> 
     </span>
     <span class='ocr_line' id='line_1_74' title="bbox 1013 1542 1717 1585; baseline 0.003 -12"><span class='ocrx_word' id='word_1_405' title='bbox 1013 1542 1085 1584; x_wconf 74' lang='grc' dir='ltr'>πρὸς</span> <span class='ocrx_word' id='word_1_406' title='bbox 1098 1543 1156 1581; x_wconf 79' lang='grc' dir='ltr'>τὴν</span> <span class='ocrx_word' id='word_1_407' title='bbox 1178 1542 1360 1585; x_wconf 79' lang='grc' dir='ltr'>ἐλευθερίαν,</span> <span class='ocrx_word' id='word_1_408' title='bbox 1377 1543 1546 1585; x_wconf 73' lang='grc' dir='ltr'>ἐπέτρεψαν</span> <span class='ocrx_word' id='word_1_409' title='bbox 1561 1545 1663 1577; x_wconf 80' lang='grc' dir='ltr'>αὐτοῖς</span> <span class='ocrx_word' id='word_1_410' title='bbox 1686 1546 1717 1584; x_wconf 84' lang='grc' dir='ltr'>ἐξ</span> 
     </span>
     <span class='ocr_line' id='line_1_75' title="bbox 1014 1593 1713 1635; baseline 0.003 -11"><span class='ocrx_word' id='word_1_411' title='bbox 1014 1593 1130 1625; x_wconf 78' lang='grc' dir='ltr'>ἑαυτῶν</span> <span class='ocrx_word' id='word_1_412' title='bbox 1158 1593 1282 1625; x_wconf 81' lang='grc' dir='ltr'>ἑλέσθαι</span> <span class='ocrx_word' id='word_1_413' title='bbox 1303 1594 1382 1625; x_wconf 82' lang='grc' dir='ltr'>κατὰ</span> <span class='ocrx_word' id='word_1_414' title='bbox 1403 1594 1594 1635; x_wconf 66' lang='grc' dir='ltr'>χειροτονίαν</span> <span class='ocrx_word' id='word_1_415' title='bbox 1619 1595 1655 1626; x_wconf 70' lang='grc' dir='ltr'>ὃν</span> <span class='ocrx_word' id='word_1_416' title='bbox 1679 1596 1713 1626; x_wconf 67' lang='grc' dir='ltr'>ἂν</span> 
     </span>
     <span class='ocr_line' id='line_1_76' title="bbox 1013 1645 1447 1686; baseline 0.005 -11"><span class='ocrx_word' id='word_1_417' title='bbox 1013 1645 1187 1686; x_wconf 79' lang='grc' dir='ltr'>βούλοιντο,</span> <span class='ocrx_word' id='word_1_418' title='bbox 1199 1647 1263 1677; x_wconf 84' lang='lat' dir='ltr'>&amp;c.</span> <span class='ocrx_word' id='word_1_419' title='bbox 1292 1647 1447 1685; x_wconf 78' lang='lat' dir='ltr'>Bongars.</span> 
     </span>
    </p>

    <p class='ocr_par' dir='ltr' id='par_1_11' title="bbox 1012 1695 1719 2287">
     <span class='ocr_line' id='line_1_77' title="bbox 1057 1695 1715 1737; baseline 0.005 -11"><span class='ocrx_word' id='word_1_420' title='bbox 1057 1695 1297 1736; x_wconf 81' lang='lat' dir='ltr'>Proefectorum]</span> <span class='ocrx_word' id='word_1_421' title='bbox 1324 1696 1401 1727; x_wconf 89' lang='lat' dir='ltr'>Hoc</span> <span class='ocrx_word' id='word_1_422' title='bbox 1429 1700 1627 1737; x_wconf 89' lang='lat' dir='ltr'>suspectum</span> <span class='ocrx_word' id='word_1_423' title='bbox 1651 1702 1715 1729; x_wconf 84' lang='lat' dir='ltr'>est.</span> 
     </span>
     <span class='ocr_line' id='line_1_78' title="bbox 1015 1745 1715 1788; baseline 0.003 -11"><span class='ocrx_word' id='word_1_424' title='bbox 1015 1745 1082 1778; x_wconf 81' lang='lat' dir='ltr'>Qui</span> <span class='ocrx_word' id='word_1_425' title='bbox 1099 1746 1187 1777; x_wconf 89' lang='lat' dir='ltr'>enim</span> <span class='ocrx_word' id='word_1_426' title='bbox 1204 1750 1282 1777; x_wconf 87' lang='lat' dir='ltr'>sunt</span> <span class='ocrx_word' id='word_1_427' title='bbox 1306 1745 1463 1787; x_wconf 87' lang='lat' dir='ltr'>praefecti</span> <span class='ocrx_word' id='word_1_428' title='bbox 1487 1747 1551 1785; x_wconf 88' lang='lat' dir='ltr'>illi,</span> <span class='ocrx_word' id='word_1_429' title='bbox 1565 1757 1648 1788; x_wconf 91' lang='lat' dir='ltr'>quos</span> <span class='ocrx_word' id='word_1_430' title='bbox 1662 1748 1715 1779; x_wconf 86' lang='lat' dir='ltr'>hic</span> 
     </span>
     <span class='ocr_line' id='line_1_79' title="bbox 1013 1795 1719 1836; baseline 0.001 -10"><span class='ocrx_word' id='word_1_431' title='bbox 1013 1796 1221 1835; x_wconf 88' lang='lat' dir='ltr'>nominat‚et</span> <span class='ocrx_word' id='word_1_432' title='bbox 1233 1795 1353 1836; x_wconf 83' lang='lat' dir='ltr'>cujus?</span> <span class='ocrx_word' id='word_1_433' title='bbox 1383 1795 1599 1827; x_wconf 88' lang='lat' dir='ltr'>Ariarathis?</span> <span class='ocrx_word' id='word_1_434' title='bbox 1625 1797 1719 1829; x_wconf 84' lang='lat' dir='ltr'>Quid·</span> 
     </span>
     <span class='ocr_line' id='line_1_80' title="bbox 1014 1844 1715 1885; baseline 0.003 -10"><span class='ocrx_word' id='word_1_435' title='bbox 1014 1854 1096 1885; x_wconf 83' lang='lat' dir='ltr'>ergo</span> <span class='ocrx_word' id='word_1_436' title='bbox 1123 1844 1272 1876; x_wconf 89' lang='lat' dir='ltr'>faciebat</span> <span class='ocrx_word' id='word_1_437' title='bbox 1303 1845 1472 1877; x_wconf 85' lang='lat' dir='ltr'>Gordius?</span> <span class='ocrx_word' id='word_1_438' title='bbox 1524 1847 1616 1877; x_wconf 90' lang='lat' dir='ltr'>Num</span> <span class='ocrx_word' id='word_1_439' title='bbox 1648 1847 1715 1877; x_wconf 87' lang='lat' dir='ltr'>Mi-</span> 
     </span>
     <span class='ocr_line' id='line_1_81' title="bbox 1013 1894 1716 1928; baseline 0.004 -3"><span class='ocrx_word' id='word_1_440' title='bbox 1013 1895 1196 1926; x_wconf 85' lang='lat' dir='ltr'>thridatis?</span> <span class='ocrx_word' id='word_1_441' title='bbox 1225 1894 1272 1926; x_wconf 87' lang='lat' dir='ltr'>At</span> <span class='ocrx_word' id='word_1_442' title='bbox 1286 1895 1320 1926; x_wconf 93' lang='lat' dir='ltr'>in</span> <span class='ocrx_word' id='word_1_443' title='bbox 1337 1894 1442 1926; x_wconf 86' lang='lat' dir='ltr'>filium</span> <span class='ocrx_word' id='word_1_444' title='bbox 1459 1899 1537 1927; x_wconf 89' lang='lat' dir='ltr'>octo</span> <span class='ocrx_word' id='word_1_445' title='bbox 1553 1905 1716 1928; x_wconf 80' lang='lat' dir='ltr'>annerum</span> 
     </span>
     <span class='ocr_line' id='line_1_82' title="bbox 1012 1944 1716 1987; baseline 0.003 -12"><span class='ocrx_word' id='word_1_446' title='bbox 1012 1944 1120 1976; x_wconf 92' lang='lat' dir='ltr'>libido</span> <span class='ocrx_word' id='word_1_447' title='bbox 1146 1954 1214 1976; x_wconf 88' lang='lat' dir='ltr'>non</span> <span class='ocrx_word' id='word_1_448' title='bbox 1240 1945 1345 1978; x_wconf 86' lang='lat' dir='ltr'>cadit.</span> <span class='ocrx_word' id='word_1_449' title='bbox 1390 1945 1430 1976; x_wconf 89' lang='lat' dir='ltr'>In</span> <span class='ocrx_word' id='word_1_450' title='bbox 1455 1945 1555 1986; x_wconf 86' lang='lat' dir='ltr'>impr.</span> <span class='ocrx_word' id='word_1_451' title='bbox 1570 1946 1716 1987; x_wconf 88' lang='lat' dir='ltr'>quodam</span> 
     </span>
     <span class='ocr_line' id='line_1_83' title="bbox 1014 1995 1714 2037; baseline 0.001 -11"><span class='ocrx_word' id='word_1_452' title='bbox 1014 1999 1066 2026; x_wconf 90' lang='lat' dir='ltr'>est</span> <span class='ocrx_word' id='word_1_453' title='bbox 1078 1995 1290 2035; x_wconf 77' lang='lat' dir='ltr'>proesatorum.</span> <span class='ocrx_word' id='word_1_454' title='bbox 1335 1995 1401 2026; x_wconf 87' lang='lat' dir='ltr'>Sed</span> <span class='ocrx_word' id='word_1_455' title='bbox 1427 1995 1491 2027; x_wconf 88' lang='lat' dir='ltr'>hoc</span> <span class='ocrx_word' id='word_1_456' title='bbox 1517 1996 1714 2037; x_wconf 72' lang='lat' dir='ltr'>glossatoris</span> 
     </span>
     <span class='ocr_line' id='line_1_84' title="bbox 1013 2045 1714 2087; baseline 0.001 -11"><span class='ocrx_word' id='word_1_457' title='bbox 1013 2045 1163 2085; x_wconf 85' lang='lat' dir='ltr'>videtur,</span> <span class='ocrx_word' id='word_1_458' title='bbox 1189 2046 1246 2087; x_wconf 89' lang='lat' dir='ltr'>qui</span> <span class='ocrx_word' id='word_1_459' title='bbox 1272 2045 1409 2077; x_wconf 85' lang='lat' dir='ltr'>volebat</span> <span class='ocrx_word' id='word_1_460' title='bbox 1435 2045 1615 2087; x_wconf 76' lang='lat' dir='ltr'>praefectos</span> <span class='ocrx_word' id='word_1_461' title='bbox 1638 2046 1714 2078; x_wconf 89' lang='lat' dir='ltr'>illos</span> 
     </span>
     <span class='ocr_line' id='line_1_85' title="bbox 1013 2094 1715 2138; baseline 0.003 -12"><span class='ocrx_word' id='word_1_462' title='bbox 1013 2094 1056 2126; x_wconf 91' lang='lat' dir='ltr'>de</span> <span class='ocrx_word' id='word_1_463' title='bbox 1072 2095 1202 2127; x_wconf 87' lang='lat' dir='ltr'>Gordio</span> <span class='ocrx_word' id='word_1_464' title='bbox 1218 2100 1254 2127; x_wconf 88' lang='lat' dir='ltr'>et</span> <span class='ocrx_word' id='word_1_465' title='bbox 1268 2095 1337 2127; x_wconf 85' lang='lat' dir='ltr'>filio</span> <span class='ocrx_word' id='word_1_466' title='bbox 1361 2096 1572 2127; x_wconf 87' lang='lat' dir='ltr'>Mithridatis</span> <span class='ocrx_word' id='word_1_467' title='bbox 1589 2097 1715 2138; x_wconf 82' lang='lat' dir='ltr'>accipi.</span> 
     </span>
     <span class='ocr_line' id='line_1_86' title="bbox 1013 2146 1717 2186; baseline 0.003 -10"><span class='ocrx_word' id='word_1_468' title='bbox 1013 2146 1087 2186; x_wconf 88' lang='lat' dir='ltr'>Ego</span> <span class='ocrx_word' id='word_1_469' title='bbox 1110 2155 1245 2184; x_wconf 85' lang='lat' dir='ltr'>censeo,</span> <span class='ocrx_word' id='word_1_470' title='bbox 1269 2156 1373 2177; x_wconf 91' lang='lat' dir='ltr'>unum</span> <span class='ocrx_word' id='word_1_471' title='bbox 1400 2147 1565 2178; x_wconf 85' lang='lat' dir='ltr'>Gordium</span> <span class='ocrx_word' id='word_1_472' title='bbox 1589 2147 1644 2178; x_wconf 91' lang='lat' dir='ltr'>hic</span> <span class='ocrx_word' id='word_1_473' title='bbox 1669 2147 1717 2178; x_wconf 92' lang='lat' dir='ltr'>in-</span> 
     </span>
     <span class='ocr_line' id='line_1_87' title="bbox 1013 2196 1715 2238; baseline 0.001 -11"><span class='ocrx_word' id='word_1_474' title='bbox 1013 2196 1092 2236; x_wconf 84' lang='lat' dir='ltr'>nui3</span> <span class='ocrx_word' id='word_1_475' title='bbox 1115 2197 1157 2227; x_wconf 90' lang='lat' dir='ltr'>de</span> <span class='ocrx_word' id='word_1_476' title='bbox 1173 2197 1319 2228; x_wconf 89' lang='lat' dir='ltr'>lectione</span> <span class='ocrx_word' id='word_1_477' title='bbox 1335 2197 1399 2228; x_wconf 92' lang='lat' dir='ltr'>loci</span> <span class='ocrx_word' id='word_1_478' title='bbox 1415 2197 1561 2228; x_wconf 90' lang='lat' dir='ltr'>nondum</span> <span class='ocrx_word' id='word_1_479' title='bbox 1578 2207 1715 2238; x_wconf 86' lang='lat' dir='ltr'>possum</span> 
     </span>
     <span class='ocr_line' id='line_1_88' title="bbox 1017 2246 1417 2287; baseline 0.005 -10"><span class='ocrx_word' id='word_1_480' title='bbox 1017 2246 1097 2287; x_wconf 92' lang='lat' dir='ltr'>quid</span> <span class='ocrx_word' id='word_1_481' title='bbox 1112 2251 1279 2279; x_wconf 84' lang='lat' dir='ltr'>statuere.</span> <span class='ocrx_word' id='word_1_482' title='bbox 1311 2246 1417 2285; x_wconf 80' lang='lat' dir='ltr'>Schef.</span> 
     </span>
    </p>

    <p class='ocr_par' dir='ltr' id='par_1_12' title="bbox 1014 2296 1716 2729">
     <span class='ocr_line' id='line_1_89' title="bbox 1057 2296 1714 2336; baseline 0 -10"><span class='ocrx_word' id='word_1_483' title='bbox 1057 2296 1231 2336; x_wconf 78' lang='lat' dir='ltr'>Revocant]</span> <span class='ocrx_word' id='word_1_484' title='bbox 1271 2297 1412 2328; x_wconf 90' lang='lat' dir='ltr'>Mallem</span> <span class='ocrx_word' id='word_1_485' title='bbox 1442 2299 1578 2328; x_wconf 78' lang='lat' dir='ltr'>evocant.</span> <span class='ocrx_word' id='word_1_486' title='bbox 1625 2296 1714 2327; x_wconf 83' lang='lat' dir='ltr'>Nam</span> 
     </span>
     <span class='ocr_line' id='line_1_90' title="bbox 1014 2345 1716 2387; baseline 0 -11"><span class='ocrx_word' id='word_1_487' title='bbox 1014 2345 1024 2363; x_wconf 85' lang='lat'>‘</span> <span class='ocrx_word' id='word_1_488' title='bbox 1042 2345 1227 2377; x_wconf 84' lang='lat' dir='ltr'>revocare&#39;</span> <span class='ocrx_word' id='word_1_489' title='bbox 1258 2346 1396 2386; x_wconf 77' lang='lat' dir='ltr'>proprie</span> <span class='ocrx_word' id='word_1_490' title='bbox 1424 2346 1526 2384; x_wconf 89' lang='lat' dir='ltr'>illius,</span> <span class='ocrx_word' id='word_1_491' title='bbox 1551 2346 1608 2387; x_wconf 95' lang='lat' dir='ltr'>qui</span> <span class='ocrx_word' id='word_1_492' title='bbox 1636 2351 1716 2377; x_wconf 87' lang='lat' dir='ltr'>ante</span> 
     </span>
     <span class='ocr_line' id='line_1_91' title="bbox 1015 2394 1716 2435; baseline -0.001 -9"><span class='ocrx_word' id='word_1_493' title='bbox 1015 2395 1153 2426; x_wconf 88' lang='lat' dir='ltr'>dimisit.</span> <span class='ocrx_word' id='word_1_494' title='bbox 1197 2394 1246 2426; x_wconf 91' lang='lat' dir='ltr'>At</span> <span class='ocrx_word' id='word_1_495' title='bbox 1268 2396 1333 2426; x_wconf 88' lang='lat' dir='ltr'>hoc</span> <span class='ocrx_word' id='word_1_496' title='bbox 1359 2405 1426 2426; x_wconf 91' lang='lat' dir='ltr'>non</span> <span class='ocrx_word' id='word_1_497' title='bbox 1449 2394 1563 2426; x_wconf 83' lang='lat' dir='ltr'>fecere</span> <span class='ocrx_word' id='word_1_498' title='bbox 1581 2395 1716 2435; x_wconf 88' lang='lat' dir='ltr'>Cappa-</span> 
     </span>
     <span class='ocr_line' id='line_1_92' title="bbox 1015 2444 1715 2485; baseline 0.001 -10"><span class='ocrx_word' id='word_1_499' title='bbox 1015 2444 1129 2484; x_wconf 86' lang='lat' dir='ltr'>doces,</span> <span class='ocrx_word' id='word_1_500' title='bbox 1158 2453 1273 2475; x_wconf 89' lang='lat' dir='ltr'>verum</span> <span class='ocrx_word' id='word_1_501' title='bbox 1305 2448 1405 2485; x_wconf 85' lang='lat' dir='ltr'>pater</span> <span class='ocrx_word' id='word_1_502' title='bbox 1430 2444 1619 2476; x_wconf 84' lang='lat' dir='ltr'>Ariarathis</span> <span class='ocrx_word' id='word_1_503' title='bbox 1648 2445 1715 2485; x_wconf 89' lang='lat' dir='ltr'>huj.</span> 
     </span>
     <span class='ocr_line' id='line_1_93' title="bbox 1014 2496 1714 2528; baseline -0.001 -1"><span class='ocrx_word' id='word_1_504' title='bbox 1014 2496 1132 2527; x_wconf 86' lang='lat' dir='ltr'>Verbo</span> <span class='ocrx_word' id='word_1_505' title='bbox 1167 2496 1177 2512; x_wconf 88' lang='lat'>‘</span> <span class='ocrx_word' id='word_1_506' title='bbox 1194 2496 1358 2528; x_wconf 86' lang='lat' dir='ltr'>evocare&#39;</span> <span class='ocrx_word' id='word_1_507' title='bbox 1394 2496 1475 2527; x_wconf 86' lang='lat' dir='ltr'>alibi</span> <span class='ocrx_word' id='word_1_508' title='bbox 1508 2497 1613 2528; x_wconf 85' lang='lat' dir='ltr'>etiam</span> <span class='ocrx_word' id='word_1_509' title='bbox 1650 2497 1714 2526; x_wconf 89' lang='lat' dir='ltr'>hoc</span> 
     </span>
     <span class='ocr_line' id='line_1_94' title="bbox 1015 2547 1714 2588; baseline -0.001 -9"><span class='ocrx_word' id='word_1_510' title='bbox 1015 2557 1114 2579; x_wconf 85' lang='lat' dir='ltr'>sensu</span> <span class='ocrx_word' id='word_1_511' title='bbox 1128 2547 1247 2578; x_wconf 79' lang='lat' dir='ltr'>utitur.</span> <span class='ocrx_word' id='word_1_512' title='bbox 1294 2549 1424 2588; x_wconf 89' lang='lat' dir='ltr'>Estque</span> <span class='ocrx_word' id='word_1_513' title='bbox 1440 2557 1481 2579; x_wconf 91' lang='lat' dir='ltr'>eo</span> <span class='ocrx_word' id='word_1_514' title='bbox 1492 2547 1714 2578; x_wconf 85' lang='lat' dir='ltr'>verosimilius</span> 
     </span>
     <span class='ocr_line' id='line_1_95' title="bbox 1015 2596 1714 2637; baseline 0 -9"><span class='ocrx_word' id='word_1_515' title='bbox 1015 2597 1063 2628; x_wconf 87' lang='lat' dir='ltr'>sic</span> <span class='ocrx_word' id='word_1_516' title='bbox 1075 2596 1132 2628; x_wconf 87' lang='lat' dir='ltr'>hic</span> <span class='ocrx_word' id='word_1_517' title='bbox 1154 2596 1288 2637; x_wconf 85' lang='lat' dir='ltr'>legend.</span> <span class='ocrx_word' id='word_1_518' title='bbox 1308 2597 1386 2637; x_wconf 90' lang='lat' dir='ltr'>quia</span> <span class='ocrx_word' id='word_1_519' title='bbox 1412 2597 1594 2628; x_wconf 81' lang='lat' dir='ltr'>adhaesisse</span> <span class='ocrx_word' id='word_1_520' title='bbox 1611 2608 1630 2628; x_wconf 92' lang='lat' dir='ltr'>a</span> <span class='ocrx_word' id='word_1_521' title='bbox 1646 2596 1714 2628; x_wconf 88' lang='lat' dir='ltr'>fine</span> 
     </span>
     <span class='ocr_line' id='line_1_96' title="bbox 1014 2647 1713 2689; baseline 0.003 -10"><span class='ocrx_word' id='word_1_522' title='bbox 1014 2649 1106 2679; x_wconf 83' lang='lat' dir='ltr'>vocis</span> <span class='ocrx_word' id='word_1_523' title='bbox 1133 2657 1234 2689; x_wconf 86' lang='lat' dir='ltr'>praec.</span> <span class='ocrx_word' id='word_1_524' title='bbox 1267 2647 1405 2679; x_wconf 89' lang='lat' dir='ltr'>videtur</span> <span class='ocrx_word' id='word_1_525' title='bbox 1432 2648 1511 2679; x_wconf 88' lang='lat' dir='ltr'>huic</span> <span class='ocrx_word' id='word_1_526' title='bbox 1534 2647 1713 2681; x_wconf 87' lang='lat' dir='ltr'>vocabulo.</span> 
     </span>
     <span class='ocr_line' id='line_1_97' title="bbox 1015 2699 1114 2729; baseline -0.01 0"><span class='ocrx_word' id='word_1_527' title='bbox 1015 2699 1114 2729; x_wconf 84' lang='lat' dir='ltr'>Idem.</span> 
     </span>
    </p>

    <p class='ocr_par' dir='ltr' id='par_1_13' title="bbox 1011 2746 1713 2992">
     <span class='ocr_line' id='line_1_98' title="bbox 1057 2746 1713 2788; baseline -0.003 -9"><span class='ocrx_word' id='word_1_528' title='bbox 1057 2748 1074 2787; x_wconf 54' lang='grc' dir='ltr'><strong><em>ξ</em></strong></span> <span class='ocrx_word' id='word_1_529' title='bbox 1091 2751 1110 2779; x_wconf 78' lang='lat'>3</span> <span class='ocrx_word' id='word_1_530' title='bbox 1129 2748 1177 2780; x_wconf 80' lang='lat' dir='ltr'>Ne</span> <span class='ocrx_word' id='word_1_531' title='bbox 1193 2747 1399 2779; x_wconf 79' lang='lat' dir='ltr'>Mithridates</span> <span class='ocrx_word' id='word_1_532' title='bbox 1412 2746 1581 2779; x_wconf 79' lang='lat' dir='ltr'>accessione</span> <span class='ocrx_word' id='word_1_533' title='bbox 1593 2748 1713 2788; x_wconf 82' lang='lat' dir='ltr'>Cappa-</span> 
     </span>
     <span class='ocr_line' id='line_1_99' title="bbox 1012 2798 1712 2838; baseline 0 -10"><span class='ocrx_word' id='word_1_534' title='bbox 1012 2798 1108 2829; x_wconf 82' lang='lat' dir='ltr'>docioe</span> <span class='ocrx_word' id='word_1_535' title='bbox 1118 2798 1222 2836; x_wconf 84' lang='lat' dir='ltr'>etiam,</span> <span class='ocrx_word' id='word_1_536' title='bbox 1233 2798 1302 2838; x_wconf 56' lang='grc' dir='ltr'>ὃτι]</span> <span class='ocrx_word' id='word_1_537' title='bbox 1327 2799 1364 2829; x_wconf 87' lang='lat' dir='ltr'>F.</span> <span class='ocrx_word' id='word_1_538' title='bbox 1377 2798 1442 2838; x_wconf 86' lang='lat' dir='ltr'>leg.</span> <span class='ocrx_word' id='word_1_539' title='bbox 1457 2807 1494 2828; x_wconf 81' lang='lat' dir='ltr'>ne</span> <span class='ocrx_word' id='word_1_540' title='bbox 1507 2798 1557 2828; x_wconf 88' lang='lat' dir='ltr'>M.</span> <span class='ocrx_word' id='word_1_541' title='bbox 1569 2798 1651 2828; x_wconf 76' lang='lat' dir='ltr'>velut</span> <span class='ocrx_word' id='word_1_542' title='bbox 1662 2809 1712 2828; x_wconf 82' lang='lat' dir='ltr'>ac-</span> 
     </span>
     <span class='ocr_line' id='line_1_100' title="bbox 1011 2847 1712 2888; baseline 0.001 -10"><span class='ocrx_word' id='word_1_543' title='bbox 1011 2848 1176 2879; x_wconf 76' lang='lat' dir='ltr'>cessionem</span> <span class='ocrx_word' id='word_1_544' title='bbox 1200 2847 1415 2888; x_wconf 67' lang='lat' dir='ltr'>Cappadociae,</span> <span class='ocrx_word' id='word_1_545' title='bbox 1435 2848 1541 2879; x_wconf 82' lang='lat' dir='ltr'>etiam.</span> <span class='ocrx_word' id='word_1_546' title='bbox 1586 2849 1712 2879; x_wconf 89' lang='lat' dir='ltr'>Sensus</span> 
     </span>
     <span class='ocr_line' id='line_1_101' title="bbox 1013 2897 1712 2939; baseline 0 -10"><span class='ocrx_word' id='word_1_547' title='bbox 1013 2902 1089 2929; x_wconf 86' lang='lat' dir='ltr'>est:</span> <span class='ocrx_word' id='word_1_548' title='bbox 1112 2898 1166 2929; x_wconf 90' lang='lat' dir='ltr'>Ne</span> <span class='ocrx_word' id='word_1_549' title='bbox 1192 2897 1412 2929; x_wconf 87' lang='lat' dir='ltr'>Mithridates</span> <span class='ocrx_word' id='word_1_550' title='bbox 1437 2898 1634 2939; x_wconf 87' lang='lat' dir='ltr'>Bithyniam</span> <span class='ocrx_word' id='word_1_551' title='bbox 1661 2898 1712 2929; x_wconf 86' lang='lat' dir='ltr'>fa-</span> 
     </span>
     <span class='ocr_line' id='line_1_102' title="bbox 1013 2947 1710 2992; baseline 0.004 -13"><span class='ocrx_word' id='word_1_552' title='bbox 1013 2952 1107 2980; x_wconf 88' lang='lat' dir='ltr'>ceret</span> <span class='ocrx_word' id='word_1_553' title='bbox 1123 2952 1278 2990; x_wconf 85' lang='lat' dir='ltr'>tanquam</span> <span class='ocrx_word' id='word_1_554' title='bbox 1297 2947 1559 2981; x_wconf 83' lang='lat' dir='ltr'>additamentum</span> <span class='ocrx_word' id='word_1_555' title='bbox 1578 2950 1710 2992; x_wconf 62' lang='lat' dir='ltr'>Cappa÷</span> 
     </span>
    </p>
   </div>
  </div>
 </body>
</html>
