2101 3419
368 339 455 382 874

369 444 479 475 Locus
505 443 588 476 alias
616 447 671 476 est
695 443 847 477 vitiosus.
891 445 1068 486 Repetitio

369 503 515 535 namque
552 495 643 526 vocis
680 497 690 513 ⁴
708 496 894 528 interdum’
924 498 1069 539 requirit

369 544 522 576 membra
544 555 657 576 rerum
678 546 900 579 diversarum.
943 548 992 579 At
1012 548 1069 579 ho-

370 593 494 625 minem
512 604 547 625 se
558 595 727 634 oblivisci,
739 600 774 627 et
789 597 905 629 dicere
918 607 953 629 se
964 597 1069 628 filium

371 643 567 684 Jovis,sunt
582 645 712 676 eadem.
741 646 880 677 Mallem
894 647 942 678 ita
954 648 1069 686 legere

372 698 409 724 et
423 693 653 735 distinguere:
680 697 809 727 Accedit
831 698 963 728 soerz'tz'ae
989 697 1070 728 inso-

372 743 481 785 lentia,
504 746 680 776 crudelitati
701 748 883 786 arrogantia
903 748 1069 779 interdum.

373 794 465 825 Dum
480 796 560 826 enim
579 805 618 827 ex
645 806 792 827 successu.
816 796 931 828 Schef.
969 798 1070 837 Angli

373 848 410 874 et
424 844 521 876 Junt.
543 850 635 876 recte
659 846 819 877 omittunt
839 847 931 877 enim.
971 846 1072 877 Aliud

373 899 425 925 est
439 905 519 926 sane
535 896 636 927 nimia
652 895 818 928 felicitate
835 897 988 928 oblivisci
1009 896 1073 927 fra-

375 945 517 984 gilitatis
548 946 714 985 humanae,
748 947 837 978 aliud
868 947 1004 987 jactare
1037 956 1072 977 se

375 995 527 1026 Deorum
543 995 660 1028 filium.
691 997 797 1027 Graev.

420 1046 474 1076 Ex
488 1045 638 1085 successu]
661 1046 755 1077 Curt.
770 1056 820 1078 lv.
833 1049 883 1078 14.
900 1049 952 1078 34.
969 1046 978 1064 ‘
994 1048 1073 1077 Fra-

375 1094 516 1135 gilitatis
545 1096 697 1127 humanae
725 1097 825 1127 nimia
849 1096 884 1127 in
904 1097 1074 1138 prosperis

377 1143 502 1175 oblivio
519 1145 593 1176 est.'
617 1146 696 1177 Sen.
708 1147 802 1177 Suas.
819 1156 859 1177 11.
871 1147 880 1164 ‘
894 1147 1074 1188 Nunquam

378 1195 413 1225 in
434 1196 541 1227 solido
564 1197 659 1228 stetit
682 1198 829 1237 superba
845 1197 1014 1228 felicitas:
1039 1201 1076 1228 et

376 1245 564 1286 ingentium
592 1247 809 1287 imperiorum
833 1257 954 1286 magna
980 1247 1076 1278 fasti-

378 1296 434 1336 gia
449 1296 615 1327 oblivione
628 1295 823 1337 fragilitatis
839 1296 994 1328 humauae
1009 1298 1076 1329 col-

377 1347 473 1387 lapsa
489 1346 592 1378 sunt.’
615 1348 714 1378 Rern.
987 1367 994 1371 -

421 1399 438 1438 ξ
465 1400 485 1429 9
510 1397 607 1428 Eunti
633 1407 689 1437 per
717 1396 1078 1438 publicum....utebacur]

378 1447 508 1478 Horum
536 1448 698 1488 pleraque
733 1446 829 1477 fuere
869 1446 1078 1486 principatus

377 1498 522 1538 insignia
536 1496 778 1537 posterioribus
793 1496 1002 1536 temporibus
1019 1496 1081 1527 eti-

380 1558 433 1579 am
455 1557 510 1588 ap.
528 1548 719 1579 Romanos:
744 1546 807 1577 nisi
821 1547 911 1587 quod
928 1547 1080 1587 Impera-

380 1598 511 1629 toribus
528 1607 655 1637 eorum,
671 1597 828 1637 exemplo
844 1596 971 1636 Regum
995 1596 1079 1627 Per-

379 1649 534 1687 sicorum,
550 1658 615 1679 non
639 1648 750 1689 aquila
773 1656 888 1686 aurea,
911 1646 970 1678 sed
993 1647 1079 1687 ignis

380 1698 642 1739 praeferebatur,
680 1702 717 1729 ut
754 1698 943 1728 luculenter
978 1697 1081 1728 docet

380 1749 574 1790 elegantiss.
606 1749 698 1789 Lips.
732 1748 775 1779 ad
806 1748 889 1779 Tac.
928 1747 1078 1779 Annales

382 1800 525 1831 Excurs.
542 1810 566 1831 1.
591 1801 679 1830 Mod.

424 1851 441 1890 ᾧ
460 1852 497 1880 11
526 1849 701 1889 ceraunon]
720 1849 764 1881 H.
778 1858 808 1879 e.
826 1848 969 1880 Tonitru.
986 1848 1080 1880 Plut.

383 1899 426 1930 de
454 1899 549 1930 Fort.
580 1898 676 1930 Alex.
708 1908 748 1929 n.
776 1901 828 1929 13.
866 1899 876 1915 ‘
895 1897 1079 1928 Clearchus

383 1949 564 1979 Heracleae
582 1953 743 1988 tyrannus
763 1946 911 1987 gestavit
927 1945 1054 1977 fulmen
1072 1958 1079 1978 z

381 2008 552 2039 unumque
566 1998 711 2029 filiorum
722 1997 862 2028 Tonitru
875 1996 1082 2037 appellavit!

385 2048 540 2087 Fulmen,
554 2057 600 2079 sc.
624 2052 661 2078 ut
682 2048 755 2087 ipse
776 2047 897 2079 Jovem
925 2045 1082 2086 referret,

385 2098 481 2138 cnjus
497 2107 672 2138 personam
687 2096 826 2127 ridicule
840 2096 1005 2127 sumebat.
1027 2096 1083 2127 Ita

384 2156 530 2188 namque
543 2147 689 2178 Budaeus
704 2146 799 2177 illum
811 2147 830 2177 l.
849 2151 903 2177 est
917 2146 1083 2186 interpre-

384 2201 496 2229 tatus:
523 2206 597 2228 cum
615 2197 648 2227 in
665 2196 797 2227 Graecis
823 2196 924 2235 vulgo
944 2196 1084 2236 impres-

384 2247 429 2278 sis
453 2255 514 2287 pro
537 2245 684 2285 σκηπτὸν,
697 2245 833 2284 fulmen,
855 2244 1014 2276 mendose
1037 2245 1083 2276 le-

387 2301 488 2337 gatur
514 2300 772 2336 exponaturque
807 2296 974 2335 σκῆπτρον,
1002 2305 1084 2336 scep-

386 2350 481 2378 trum.
526 2347 659 2377 Talium
684 2349 984 2386 cognomentorum
1004 2347 1086 2377 stul-

387 2397 500 2428 titiam
521 2397 612 2428 ridct
633 2396 726 2427 Plut.
752 2395 794 2426 ad
817 2396 936 2427 Princ.
958 2396 1085 2428 indoct.

389 2450 419 2478 5.
443 2448 540 2478 Rern.

430 2498 448 2537 ξ
471 2499 510 2528 12
534 2497 605 2528 Duo
631 2495 813 2527 nobilissimi
831 2495 961 2535 juvenes
988 2496 1087 2528 Chion

387 2551 418 2579 et
441 2547 602 2588 Leonides]
625 2547 700 2577 Vid.
727 2546 918 2577 Memnonis
943 2547 1085 2588 Eclogas

388 2598 431 2629 de
458 2596 612 2628 Historia
637 2596 804 2628 Pontica:
832 2596 922 2628 unde
944 2607 1086 2638 appare·

388 2648 452 2686 bit,
478 2646 612 2687 legend.
636 2656 708 2677 esse
731 2647 827 2686 Leon,
842 2656 908 2677 non
926 2647 1085 2680 Leonides.

388 2698 487 2728 Voss,
532 2696 640 2727 Unius
664 2696 794 2737 horum,
809 2701 844 2728 et
868 2697 988 2738 prioris
1015 2699 1086 2739 qui-

389 2747 481 2787 dem,
502 2746 654 2787 epistolae
678 2746 787 2777 adhuc
814 2751 945 2779 extant.
991 2747 1087 2779 Inter

391 2807 474 2838 quas
504 2806 570 2827 una
592 2801 644 2828 est
673 2797 716 2827 ad
745 2797 854 2837 ipsum
887 2798 1086 2830 Clearchum

393 2847 542 2886 scripta:
567 2851 601 2877 et
628 2855 693 2876 una
720 2847 800 2877 item
825 2847 867 2877 ad
898 2847 1088 2887 Platonem,

393 2901 651 2938 praeceptorem,
677 2906 743 2938 qua
769 2897 863 2938 ‹luasi
887 2897 929 2928 ad
958 2898 1086 2930 caedem

823 350 963 383 NOTAE
995 348 1262 382 VARmRUM
1297 351 1347 382 IN

1117 445 1253 486 tyranni
1280 454 1355 476 sese
1381 447 1489 484 parat.
1526 440 1613 473 Μετὰ
1627 442 1751 474 παιᾶνος
1764 440 1814 481 ἂν,

1118 495 1240 535 inquit,
1264 494 1314 526 καὶ
1339 493 1515 534 νικητηρίων
1546 492 1738 531 ἆπολείποιμι
1760 491 1815 522 τὸν

1118 544 1198 584 βίον,
1221 544 1246 575 εἷ
1268 543 1447 576 καταλύσας
1467 543 1525 581 τὴν
1546 542 1704 583 τυραννίδα
1718 542 1749 580 ἐξ
1764 542 1815 573 ἇν-

1119 595 1242 636 Θρῶπων
1258 594 1476 634 ἀπελεύσομαι.
1521 595 1589 626 Pro
1604 594 1754 624 Leonides
1768 594 1817 624 le-

1119 646 1218 686 gend.
1235 656 1308 676 esse
1332 646 1428 683 Leon,
1443 653 1486 675 ex
1509 644 1645 683 Eclogis
1663 644 1818 674 Memno-

1120 696 1172 725 nis
1188 695 1330 735 intelligi
1348 704 1446 735 posse
1461 698 1576 724 monet
1585 694 1683 724 Voss.
1713 693 1817 724 Vorst.

1119 745 1216 776 Voss
1243 745 1364 776 scribit
1389 744 1484 783 Leon,
1505 749 1540 774 et
1567 746 1682 783 potest
1708 742 1818 773 adhae-

1121 803 1198 824 rens
1213 795 1278 825 ides
1293 798 1407 824 natum
1424 803 1497 824 esse
1512 803 1553 824 ex
1566 803 1638 834 seq.
1653 793 1662 809 ‘
1676 791 1818 824 eadem!

1122 843 1227 882 Scltef.

1165 895 1182 934 ς
1200 896 1239 924 13
1263 892 1421 933 Discipuli
1437 891 1596 931 Platonis]
1612 892 1748 923 Praeter
1761 891 1820 923 hos

1123 948 1256 974 nostros
1288 943 1345 973 alii
1377 943 1490 983 plures
1523 946 1762 973 enumerantur
1801 952 1821 973 a

1122 993 1227 1032 Diog.
1255 992 1372 1023 Lae'rt.
1398 991 1432 1022 in
1456 990 1539 1022 Vita
1554 991 1644 1022 Plat.
1661 996 1697 1022 et
1717 990 1826 1022 Athe-

1122 1052 1198 1073 n‘aeo
1215 1051 1266 1073 xi.
1287 1041 1346 1072 fin.
1371 1050 1436 1081 quo
1459 1040 1482 1071 l.
1508 1040 1590 1071 satis
1609 1040 1756 1080 maligne
1779 1040 1822 1071 de

1123 1091 1300 1132 discipulis
1317 1090 1548 1130 institutisque
1564 1089 1824 1130 Platonisjudi-

1124 1146 1179 1174 cat
1197 1141 1391 1172 Athenaeus.
1415 1141 1504 1173 Quin
1520 1140 1631 1181 ipsum
1644 1141 1824 1172 Platonem

1125 1192 1169 1223 ob
1186 1191 1283 1232 ἔρωτα
1297 1190 1469 1231 τυραννίδος
1482 1190 1571 1221 haud
1592 1190 1734 1221 obscure
1751 1200 1826 1231 per-

1124 1243 1262 1283 stringit
1275 1243 1364 1273 Xen.
1379 1241 1489 1282 Epist.
1507 1240 1549 1271 ad
1563 1240 1753 1272 AEschinem
1765 1240 1823 1272 fin.

1125 1301 1160 1332 p.
1181 1294 1274 1323 1000.
1292 1291 1324 1322 d.
1349 1291 1398 1322 Ut
1423 1291 1543 1321 mirum
1571 1291 1628 1329 sit,
1646 1300 1750 1332 qnare
1766 1291 1826 1322 hos

1125 1341 1280 1372 Platonis
1305 1350 1349 1372 ex
1364 1340 1519 1371 doctrina
1545 1338 1655 1371 factos
1679 1341 1828 1381 tyranni-

1127 1390 1177 1422 dis
1194 1400 1308 1422 osores
1324 1391 1417 1421 dicat
1433 1389 1577 1421 Auctor.
1601 1390 1698 1421 Bern.

1176 1442 1280 1473 Veluti
1294 1441 1432 1480 clientes,
1452 1444 1488 1470 et
1510 1448 1600 1479 mox,
1615 1439 1712 1470 veluti
1725 1440 1766 1470 ad
1780 1449 1828 1470 re-

1125 1491 1214 1531 gem]
1237 1491 1452 1522 Glossemata
1465 1494 1554 1529 sunt,
1566 1488 1684 1520 Sebisii
1695 1488 1828 1529 Judicio

1130 1546 1164 1574 et
1179 1552 1266 1574 meo.
1290 1542 1388 1572 Idem.

1172 1594 1259 1633 §14
1283 1595 1333 1623 15.
1355 1589 1412 1630 16]
1435 1589 1611 1621 Simillima
1633 1587 1830 1621 referuntur

1132 1652 1151 1673 a
1165 1643 1239 1674 Liv.
1257 1652 1283 1673 1.
1298 1645 1350 1672 40.
1378 1641 1475 1672 Idem.

1173 1696 1191 1734 ς
1211 1697 1248 1725 14
1273 1693 1417 1733 Marci]
1437 1693 1526 1724 Saxo
1542 1701 1620 1724 xw.
1636 1702 1670 1733 p.
1689 1695 1763 1724 274.
1778 1696 1831 1726 15.

1130 1744 1321 1775 ‘Subornat
1334 1753 1376 1774 ex
1390 1742 1457 1773 suis
1466 1742 1557 1783 quij.
1567 1751 1610 1774 m.
1622 1751 1694 1774 rem
1706 1742 1738 1773 in
1748 1747 1832 1774 stre-

1133 1795 1244 1835 pitum
1263 1793 1530 1833 seditionemque
1549 1793 1811 1824 converterent!

1174 1845 1191 1884 ᾧ
1210 1847 1247 1875 15
1272 1843 1336 1878 Qui
1353 1842 1424 1882 jure
1438 1842 1675 1880 familiaritatis
1688 1842 1831 1883 admissi]

1133 1893 1172 1924 F.
1189 1892 1329 1933 quilmsj.
1340 1891 1372 1930 f.
1389 1892 1540 1922 admissis
1574 1891 1680 1923 Gron.

1174 1945 1191 1984 ᾧ
1210 1946 1250 1974 18
1273 1943 1387 1974 Frater
1405 1943 1548 1974 Clearclii
1561 1943 1710 1983 Satyrus]
1725 1943 1831 1975 Diod.

1134 2003 1212 2025 xvi.
1226 1996 1279 2024 36.
1301 1993 1406 2023 filium
1421 1993 1636 2024 Timotheum
1653 1993 1685 2024 ei
1700 2003 1833 2026 succes·

1133 2044 1215 2074 sisse
1231 2042 1358 2074 refert:
1384 2044 1441 2084 qui
1465 2048 1500 2074 et
1521 2053 1596 2074 eum
1613 2038 1833 2076 interfectum

1133 2094 1192 2133 aii,
1207 2093 1372 2124 Διονυσίων
1386 2093 1492 2132 ὄντων,
1508 2093 1556 2124 ἐπὶ
1568 2092 1639 2125 θέαν
1653 2094 1832 2135 βαδίζοντα.

1135 2144 1279 2174 Consule
1297 2144 1487 2175 Memnonis
1500 2145 1662 2185 Excerpt.
1678 2146 1834 2186 Bongars.

1134 2194 1222 2226 Item
1239 2194 1440 2225 Athenaeum
1457 2204 1512 2226 111.
1529 2198 1561 2226 7.
1587 2200 1622 2226 et
1648 2205 1713 2228 xu.
1730 2200 1783 2228 12.
1799 2202 1834 2229 et

1135 2254 1248 2276 rursus
1269 2245 1375 2276 Diod.
1398 2253 1463 2276 xx.
1478 2248 1531 2277 78.
1565 2246 1696 2278 Quibus
1719 2253 1835 2279 aucto-

1135 2296 1228 2326 ribus
1245 2296 1335 2326 inter
1361 2305 1397 2326 se
1421 2296 1550 2327 collatis
1573 2297 1833 2340 pensitatisque,

1137 2345 1358 2376 Freinshemii
1384 2346 1491 2377 nostri
1518 2347 1689 2378 sententia
1719 2348 1834 2380 verisi-

1135 2396 1222 2427 milis
1251 2396 1330 2426 mihi
1359 2395 1529 2435 redditur,
1556 2395 1740 2428 Auctorem
1768 2398 1836 2429 ista

1137 2455 1197 2477 suo
1218 2455 1311 2477 more
1329 2445 1548 2486 confundere,
1566 2451 1600 2478 et
1621 2447 1703 2478 duos
1720 2448 1834 2479 Clear-

1137 2496 1226 2536 chos,
1242 2506 1339 2527 avum
1368 2500 1471 2537 atquc
1494 2501 1666 2537 nepotem,
1682 2497 1715 2528 in
1732 2507 1834 2530 unum

1137 2544 1298 2577 conflare.
1334 2545 1400 2576 Res
1432 2545 1482 2576 ita
1511 2545 1624 2578 habet.
1658 2547 1837 2589 Clearcho,

1137 2596 1193 2637 qui
1211 2595 1423 2637 tyrannidem
1447 2595 1627 2626 Heracleae
1645 2596 1772 2636 primus
1787 2597 1836 2628 in-

1137 2646 1236 2686 vasit,
1250 2655 1441 2677 successere
1464 2644 1536 2685 filii,
1555 2646 1750 2678 Timotheus
1767 2647 1836 2687 pri-

1137 2706 1204 2735 mo,
1218 2695 1341 2726 deinde
1354 2695 1560 2735 Dionysius:
1578 2695 1738 2737 Dionysio
1752 2697 1834 2728 item

1138 2746 1198 2777 filii
1222 2746 1377 2785 Zathras,
1400 2745 1472 2786 (qui
1499 2744 1523 2776 f.
1547 2745 1684 2778 Justino
1710 2747 1719 2762 ‘
1736 2746 1837 2778 Satu-

1138 2796 1209 2828 rus'
1237 2806 1264 2827 s.
1288 2795 1472 2836 ‘Satyrus’
1495 2794 1578 2836 est,)
1601 2800 1637 2826 et
1653 2797 1836 2829 Clearchus

1139 2847 1235 2878 alter.
1277 2848 1333 2878 De
1348 2847 1470 2888 Satyro
1486 2845 1632 2878 Pontico
1648 2847 1786 2890 Dionys.
1801 2849 1836 2880 in

1138 2896 1204 2928 tine
1221 2896 1394 2929 Isocratis.
1420 2895 1517 2928 Rern.
