2101 3419
423 381 536 423 1014

466 485 484 524 ξ
505 485 525 515 7
552 482 698 515 Obsessas
719 493 901 525 expugnare
927 483 1031 525 urbes]
1056 484 1124 515 Lu-

424 544 500 566 can.
517 542 600 565 v111.
623 537 697 566 377.
721 534 730 552 ‘
749 536 828 566 Non
853 535 940 566 aries
965 535 1042 574 illis,
1056 545 1123 566 non

424 585 493 615 ulla
514 588 569 615 est
587 585 741 616 machina
766 585 865 617 belli:
891 585 992 617 Haud
1017 584 1123 617 fossas

424 634 570 675 implere
586 635 723 666 valent:
749 636 943 676 Parthoque
960 640 1123 676 sequente

425 685 547 716 Murus
572 685 649 725 erit,
676 685 901 727 quodcunque
928 690 1043 726 potest
1065 685 1124 716 ob-

426 738 519 766 stare
536 733 695 775 sagittae!
717 736 798 766 Tac.
817 744 885 766 x11.
901 738 954 767 45.
970 739 1002 766 4.
1034 736 1044 752 ‘
1063 735 1124 767 Ni-

425 784 473 815 hil
489 791 556 816 tam
574 786 724 826 ignarum
755 785 916 825 barbaris,
932 795 1030 826 quam
1056 794 1123 815 ma-

426 835 637 867 chinamenta
653 840 690 866 et
706 839 798 866 astus
815 833 1126 876 oppugnationum?

426 886 517 918 Add.
545 886 588 917 de
613 886 735 918 Gothis
762 887 954 919 Marcellin.
976 895 1056 918 xm.
1074 888 1125 917 18.

427 940 463 968 et
478 939 531 968 22.
557 937 654 967 Idem.

470 987 620 1026 Pugnant
634 990 737 1017 autem
750 985 851 1027 proc]
873 986 1027 1017 Praestat
1041 985 1063 1018 J
1067 994 1127 1015 un-

428 1040 480 1069 tas
496 1038 604 1078 sequi,
619 1038 675 1078 qui
692 1038 810 1077 legunt
828 1038 867 1068 P.
885 1041 940 1068 aut
953 1048 985 1077 p.
1014 1037 1127 1067 Graev.

427 1085 526 1118 Junt.
557 1091 634 1118 aut.-
671 1087 772 1128 idque
802 1087 1048 1118 convenienter
1083 1086 1129 1124 τῷ

427 1139 437 1155 ‘
454 1137 537 1177 aut,’
555 1137 643 1179 quod
661 1138 826 1178 sequitur.
855 1137 957 1168 Vorst.

473 1189 596 1227 Fugam
626 1188 791 1229 simulant]
830 1188 910 1218 Tac.
935 1196 985 1218 vx.
1011 1189 1064 1218 35.
1094 1188 1126 1217 2.

426 1237 437 1255 ‘
454 1238 538 1269 Cum
556 1238 715 1277 Parthus,
735 1238 830 1278 sequi
851 1238 903 1267 vel
920 1236 1039 1276 fugere
1054 1236 1128 1277 pari

431 1293 505 1318 arte
520 1293 648 1327 suetus,
673 1288 878 1318 distraheret
895 1292 1036 1326 turmas,
1052 1295 1130 1327 spa-

429 1338 514 1368 tium
543 1337 666 1368 ictibus
695 1335 892 1378 quaereret!
945 1339 1060 1377 Atque
1086 1336 1129 1366 de

429 1386 492 1417 hac
509 1385 598 1426 fugae
623 1387 836 1418 simulatione
864 1386 1022 1427 capiend.
1045 1386 1129 1418 illud

430 1437 608 1477 Propertii
634 1447 689 1468 111.
706 1441 737 1469 8.
754 1440 806 1469 54.
832 1438 840 1453 ‘
858 1437 1063 1468 Parthorum
1080 1447 1131 1468 as-

430 1492 516 1519 tutae
543 1489 612 1519 tela
636 1489 777 1519 remissa
799 1487 911 1529 fngae.’
955 1490 1065 1521 Quem
1088 1488 1129 1519 ad

430 1538 453 1568 l.
468 1538 533 1569 vid.
552 1543 672 1569 notata
685 1539 725 1569 ab
738 1539 909 1570 eruditiss.
927 1539 1127 1570 Gebhardo:

431 1588 553 1629 quibus
572 1588 651 1619 add.
677 1589 808 1619 Lucan.
830 1598 913 1620 vm.
939 1592 1013 1620 376.
1039 1589 1132 1620 Plut.

432 1639 553 1669 Crasso
569 1641 621 1669 46.
646 1637 793 1679 Appian.
819 1638 938 1670 Parth.
959 1649 992 1679 p.
1012 1641 1083 1669 144.
1103 1648 1131 1669 c.

433 1689 595 1719 Ceterum
611 1688 674 1719 hoc
701 1693 824 1718 astutae
842 1687 931 1728 fugae
952 1698 1056 1728 genus
1073 1687 1133 1718 tri-

433 1737 507 1769 buit
523 1739 624 1769 etiam
639 1738 994 1778 AEtolis'r11ucyd.1u.
1013 1741 1064 1768 15.
1083 1740 1132 1769 18.

434 1787 549 1818 Persis
565 1788 653 1819 Xen.
669 1797 726 1819 111.
744 1789 833 1828 Exp.
854 1789 931 1828 Cyr.
955 1798 985 1828 p.
1004 1791 1078 1818 306.
1097 1788 1132 1819 d.

432 1837 604 1868 Thessalis
618 1838 714 1868 Curt.
727 1846 782 1868 ιιι.
798 1841 847 1868 11.
860 1840 913 1868 26.
939 1837 1133 1875 Germanis,

436 1893 472 1920 et
488 1889 663 1929 praecipue
689 1889 812 1926 Cattis,
835 1889 916 1919 Tac.
932 1898 956 1920 1.
979 1892 1031 1919 56.
1049 1891 1079 1919 8.
1098 1893 1134 1919 et

437 1939 482 1970 G.
509 1942 541 1970 6.
565 1942 596 1970 8.
639 1940 707 1970 Sed
736 1945 771 1970 ct
801 1940 900 1970 Plato
927 1939 958 1969 in
985 1939 1134 1969 Lachete

433 1989 635 2029 Scytharum
652 1990 859 2029 exemplum,
876 1990 933 2029 qui
951 1988 1136 2029 fugientes,

437 2049 502 2070 nou
518 2044 657 2078 stantes,
682 2049 755 2070 cum
780 2039 877 2069 hoste
895 2044 1061 2079 pugnant,
1078 2039 1135 2069 ad-

438 2089 533 2121 ducit
543 2094 661 2120 contra
674 2089 886 2121 fortitudinis
899 2089 1135 2129 imperfectam

438 2139 529 2171 illam
547 2139 820 2180 descriptionem,
845 2139 933 2180 quod
951 2140 994 2170 sit
1011 2149 1052 2169 ea
1076 2139 1136 2178 vis,

439 2199 504 2231 qua
518 2190 592 2230 quis
606 2190 638 2220 in
651 2190 723 2221 acie
738 2193 829 2220 stans
843 2188 981 2220 fortiter
996 2195 1138 2230 pugnat.

441 2239 611 2271 Homerus
627 2240 708 2271 item
727 2240 766 2271 Il.
786 2249 868 2270 vui.
889 2243 959 2270 108.
998 2240 1138 2270 AEneam

440 2291 504 2322 hoc
535 2291 668 2321 nomine
706 2289 959 2329 commendans,
994 2289 1140 2330 μήστωρα

440 2340 563 2382 φόβοιο,
588 2343 597 2358 ‘
616 2340 769 2382 fugiendi
796 2341 862 2372 rite
885 2340 1056 2382 peritum‚'
1080 2351 1139 2381 ap-

441 2392 558 2432 pellat.
583 2391 682 2422 Rern.

485 2441 503 2481 ς
526 2444 546 2471 8
571 2441 638 2471 Nec
650 2449 790 2480 pugnare
805 2439 858 2470 diu
872 2439 1012 2480 possunt]
1044 2439 1142 2470 Facit

443 2491 531 2522 tales
560 2495 594 2521 et
619 2490 810 2521 Germanos
835 2490 1060 2521 Germanicus
1085 2500 1141 2531 ap.

442 2540 524 2571 Tac.
544 2549 582 2571 11.
609 2543 660 2571 14.
678 2544 708 2571 8.
735 2542 877 2581 ipseque
893 2541 1033 2571 Tacitus
1050 2541 1092 2572 G.
1110 2544 1141 2572 4.

444 2593 476 2621 2.
501 2591 570 2621 Par
593 2591 739 2630 elogium
766 2592 941 2622 Gallorum
958 2592 992 2622 iu
1008 2592 1081 2623 Liv.
1107 2600 1143 2624 x.

444 2644 498 2673 28.
514 2644 544 2672 4.
557 2646 592 2672 et
609 2642 699 2673 Flor.
714 2650 754 2672 11.
771 2644 801 2673 4.
817 2645 848 2673 2.
873 2642 972 2673 Idem.

488 2694 509 2721 9
537 2691 591 2726 Ut,
607 2701 686 2731 cum,
711 2691 779 2732 δῖα]
804 2692 894 2722 Saxo
911 2701 944 2723 v.
966 2702 998 2732 p.
1021 2695 1074 2724 95.
1092 2694 1144 2723 21.

447 2741 457 2758 ‘
475 2741 551 2774 Quo
568 2741 618 2782 fit,
634 2747 684 2781 ut,
700 2752 775 2773 cum
799 2742 977 2773 victoriam
994 2742 1056 2774 tibi
1074 2752 1145 2774 ces-

447 2791 528 2822 sisse
545 2796 656 2832 putes,
671 2791 854 2822 discrimen
871 2792 1071 2824 immineat!

492 2842 508 2882 ξ
534 2845 573 2872 10
596 2842 715 2873 Loricoe
727 2843 888 2883 plumutoe]
914 2844 960 2874 H.
978 2853 1008 2875 e.
1035 2854 1076 2874 ex
1098 2844 1145 2874 la-

448 2891 547 2921 minis
564 2891 682 2922 ferreis
699 2893 730 2922 iu
747 2892 881 2923 modum
902 2894 1023 2933 pluma:
1048 2893 1145 2925 factis

449 2946 630 2972 consertae.
654 2941 749 2981 Virg.
776 2942 848 2974 AEn.
866 2950 916 2973 xr.
938 2945 1012 2974 770.
1037 2945 1044 2959 ‘
1061 2944 1145 2984 Spu-

879 391 1020 423 No'rAE
1055 391 1323 422 VARIORUM
1360 391 1413 421 IN

1173 489 1389 526 mantemque
1421 483 1570 524 agitabat
1604 493 1739 525 equum,
1769 492 1869 525 quem

1174 535 1273 576 pellis
1303 535 1418 566 ahenis
1446 535 1488 565 In
1519 534 1663 575 plumam
1691 533 1871 574 squammis

1175 597 1257 618 auro
1283 591 1442 618 conserta
1466 585 1630 626 tegebat.’
1675 585 1743 616 Ubi
1773 586 1871 617 Serv.

1174 636 1274 667 vide:
1300 641 1467 676 praeterea
1488 635 1636 666 Turneb.
1652 634 1798 666 Advers.
1816 642 1871 666 xx.

1173 689 1227 717 25.
1252 686 1345 727 Lips.
1363 686 1404 717 de
1421 686 1495 717 Mil.
1518 687 1612 716 Rom.
1629 694 1685 716 111.
1700 688 1732 716 6.
1749 690 1784 716 et
1796 684 1874 715 Ste-

1173 736 1282 767 wech.
1306 736 1339 766 in
1363 736 1486 776 Veget.
1510 743 1567 766 11¹.
1592 738 1645 766 23.
1670 735 1770 765 Bern.
1816 734 1873 764 In·

1176 792 1291 817 certus
1321 786 1452 817 Auctor
1480 795 1534 824 ap.
1563 784 1659 816 Suid.
1691 793 1728 815 v.
1757 782 1872 824 Θώραξ·

1175 836 1279 878 Θώραξ
1292 836 1324 867 δὲ
1341 835 1454 868 ἱππέως
1469 834 1588 877 Πάρθου
1598 833 1717 865 τοιόσδε
1734 833 1813 864 ἐστί·
1836 832 1873 864 τὸ

1174 885 1230 926 μὲν
1241 886 1302 927 ’γὰρ
1315 886 1408 917 αὐτοῦ
1431 885 1530 926 πρόσω
1552 884 1666 926 στέρνα
1676 885 1760 926 (MS.
1778 883 1874 915 Leid-

1176 935 1316 977 στέρνον)
1331 936 1429 967 τεκαὶ
1449 935 1560 977 μηροὺς
1582 935 1632 966 καὶ
1653 936 1759 975 χεῖρας
1781 933 1875 974 ἄκρας

1176 986 1227 1018 καὶ
1241 986 1357 1025 κνήμας
1369 985 1530 1017 ›camma-
1552 985 1590 1016 τὸ
1606 984 1638 1016 δὲ
1657 985 1780 1015 ὄπισθεν
1792 982 1876 1015 νῶτά

1175 1048 1212 1067 τε
1227 1036 1278 1067 καὶ
1291 1035 1345 1066 τὸν
1366 1035 1484 1075 αὐχένα
1502 1035 1553 1067 καὶ
1571 1035 1630 1072 τὴν
1642 1035 1782 1075 κεφαλὴν
1797 1033 1875 1066 ἅπα-

1177 1096 1247 1118 σαν”
1279 1085 1398 1126 περόναι
1419 1085 1452 1116 δέ
1472 1085 1530 1116 εἶσι
1551 1085 1625 1126 πρὸς
1642 1086 1711 1116 ταῖς
1731 1086 1878 1126 πλευραῖς

1176 1136 1385 1175 πεποιημέναι,
1401 1135 1448 1167 αἶς
1464 1135 1606 1176 ἑκάτερον
1620 1137 1681 1166 τῶν
1694 1138 1789 1176 μερῶν
1804 1146 1878 1174 συμ-

1178 1187 1332 1227 πορπηθὲν
1354 1186 1428 1217 ὅλον
1451 1187 1592 1226 σιδηροῦν
1615 1187 1697 1216 ποιεῖ
1717 1185 1878 1225 φαίνεσθαι

1178 1236 1233 1267 τὸν
1249 1236 1351 1267 ἱππέα.
1367 1234 1478 1266 κωλύει
1493 1235 1524 1266 δὲ
1540 1234 1627 1266 οὐδὲν
1642 1235 1658 1265 ὃ
1673 1234 1795 1275 σίδηρος
1806 1235 1878 1267 οὔτε

1178 1287 1235 1318 τὰς
1259 1286 1396 1317 ἐκτάσεις
1411 1288 1472 1317 τῶν
1487 1288 1587 1324 μελῶν
1611 1286 1681 1316 οὔτε
1698 1285 1754 1316 τὰς
1768 1296 1880 1316 συστο·

1180 1336 1248 1368 λάς·
1271 1336 1364 1367 οὕτως
1378 1337 1507 1376 ἀκριβῶς
1530 1334 1603 1375 πρὸς
1619 1334 1677 1372 τὴν
1694 1337 1756 1366 τῶν
1775 1337 1880 1374 μελῶν

1180 1386 1274 1426 φύσιν
1296 1386 1470 1423 πεποίηται.
1495 1384 1657 1425 ὁπλῖζουσι
1686 1384 1719 1416 δὲ
1742 1384 1792 1416 καὶ
1822 1384 1879 1417 τὸν

1178 1437 1272 1468 ἵππον
1299 1436 1406 1476 ὁμοίως
1438 1435 1547 1477 σιδήρῳ
1571 1434 1672 1466 πάντα
1696 1435 1786 1476 μέχρι
1817 1438 1881 1467 τῶν

1181 1486 1313 1526 ὀνύχων,
1329 1487 1405 1518 διότι
1424 1486 1511 1517 οὐδὲν
1531 1487 1634 1517 αὐτοῖς
1651 1485 1764 1526 ὄφελος
1780 1486 1818 1517 ὂιν
1833 1485 1880 1524 εἴη

1181 1539 1243 1568 τῶν
1279 1536 1359 1568 ἰδίων
1391 1537 1506 1576 ὅπλων,
1540 1535 1566 1568 εἰ
1599 1537 1616 1567 ὁ
1647 1536 1740 1568 ἵππος
1778 1536 1882 1569 αὐτοῖς

1180 1588 1396 1629 προαπόλοιτο.

1227 1642 1315 1672 CAV.
1341 1649 1396 1671 111.
1432 1640 1449 1680 ξ
1466 1642 1485 1670 2
1503 1639 1643 1670 Feminis
1656 1649 1715 1670 non
1730 1638 1883 1680 convivia,

1182 1691 1253 1731 ξω]
1276 1691 1355 1721 vid.
1373 1691 1498 1720 Not-cun
1516 1699 1582 1720 v11.
1598 1692 1629 1721 3.
1645 1692 1676 1721 3.
1699 1690 1800 1720 Bern-

1226 1741 1242 1781 ξ
1267 1742 1284 1770 3
1315 1740 1497 1780 Vemztilms]
1519 1739 1571 1770 De
1586 1739 1792 1770 Parthorum
1811 1738 1883 1770 acri

1183 1789 1296 1820 studio
1313 1789 1456 1819 venandi
1473 1789 1627 1820 meminit
1643 1793 1679 1820 et
1696 1788 1883 1821 Herodian.

1183 1848 1233 1870 vr.
1280 1839 1378 1869 Unde
1405 1840 1580 1869 Vononem
1603 1848 1659 1878 ap.
1678 1837 1885 1878 Augustum,

1184 1891 1237 1921 cui
1263 1900 1282 1920 a
1307 1889 1480 1920 Phi-abate
1506 1887 1603 1919 obses
1628 1888 1727 1919 datus
1755 1887 1883 1928 fuerat,

1184 1940 1378 1979 educatum,
1395 1939 1539 1979 petitum
1565 1939 1671 1969 Roma
1692 1942 1885 1978 acceptum-

1185 1999 1249 2030 que
1265 1999 1391 2030 regem,
1409 1989 1560 2030 quamvis
1578 1990 1689 2029 gentis
1706 1988 1885 2020 Arsacida—

1186 2050 1270 2075 rum,
1298 2044 1335 2070 ut
1357 2045 1536 2070 externum
1554 2044 1666 2069 tamen
1682 2043 1883 2079 aspernatos

1186 2089 1331 2120 Parthos
1358 2089 1444 2119 Tac.
1468 2097 1507 2119 11.
1534 2091 1563 2119 l.
1585 2098 1739 2127 narrans,
1764 2089 1884 2120 addit:

1187 2140 1197 2157 ‘
1224 2139 1447 2170 Accendebat
1475 2139 1703 2178 dedignantes
1733 2144 1768 2170 et
1797 2140 1884 2180 ipse,

1187 2189 1338 2220 diversus
1368 2199 1386 2219 a
1414 2189 1577 2229 majorum
1608 2189 1785 2229 institutis,
1811 2199 1886 2221 raro

1190 2244 1327 2279 venatu,
1350 2238 1444 2278 segni
1471 2248 1633 2278 equorum
1650 2238 1755 2270 cura.'
1787 2240 1884 2271 Suet.

1189 2290 1297 2329 Calig.
1323 2292 1355 2320 2.
1382 2289 1441 2328 ait,
1466 2290 1474 2306 ‘
1493 2289 1623 2328 Regum
1647 2297 1761 2328 regem
1784 2288 1831 2328 [h.
1856 2299 1886 2322 e.

1190 2341 1403 2380 Parthicum]
1430 2340 1472 2371 ad
1489 2340 1650 2370 indicium
1667 2340 1802 2371 maximi
1817 2340 1888 2371 lnc-

1191 2396 1258 2431 tus,
1284 2391 1531 2422 exercitatione
1560 2390 1706 2421 venandi
1737 2390 1887 2422 abstinu-

1190 2441 1277 2473 isse!
1300 2442 1398 2472 Idem.

1234 2494 1251 2533 ξ
1274 2496 1291 2523 5
1316 2493 1494 2532 Sepultura,
1508 2491 1577 2532 ἔγω]
1602 2491 1714 2522 Etiam
1739 2491 1890 2524 inhuma-

1193 2552 1255 2573 nus
1270 2543 1323 2573 hic
1339 2541 1497 2573 humandi
1514 2541 1595 2572 ritus
1611 2541 1651 2572 ad
1670 2542 1814 2573 Parthos
1830 2542 1889 2573 de·

1193 2592 1290 2624 fluxit
1309 2602 1326 2623 a
1344 2592 1472 2630 Persis,
1501 2591 1680 2632 dequibus
1707 2591 1838 2623 Herod.
1866 2600 1890 2623 1.

1199 2646 1268 2674 140.
1286 2651 1428 2682 eumque
1455 2641 1636 2681 postremis
1652 2651 1785 2682 quoque
1806 2642 1890 2673 Per-

1196 2703 1306 2724 sarum
1323 2691 1531 2732 temporibus
1549 2691 1582 2721 in
1599 2701 1660 2722 usu
1676 2690 1778 2723 fuisse
1794 2695 1891 2733 patet

1195 2754 1237 2775 ex
1262 2744 1411 2782 Procop.
1439 2751 1463 2772 1.
1491 2741 1587 2773 Pers.
1614 2747 1649 2773 et
1673 2741 1824 2783 Agathia
1847 2752 1889 2775 n.

1197 2791 1402 2825 Consulendi
1428 2791 1500 2822 Cic.
1523 2792 1622 2822 Tusc.
1648 2801 1672 2823 1.
1697 2795 1751 2824 44.
1776 2797 1811 2824 et
1835 2797 1888 2826 45.

1196 2843 1393 2874 Kirchman.
1408 2841 1439 2871 iu
1453 2841 1610 2881 Append.
1626 2841 1667 2873 ad
1681 2842 1740 2873 lib.
1752 2842 1794 2874 de
1807 2844 1891 2876 Fun.

1197 2894 1293 2924 Rom.
1311 2896 1343 2925 2.
1368 2893 1407 2923 C.
1426 2891 1544 2924 Barth.
1560 2891 1705 2925 Advers.
1722 2902 1821 2925 xmx.
1839 2897 1890 2927 10.

1198 2944 1296 2974 Idem.
