2174 3424
530 308 614 349 640

532 412 673 445 somno?
715 412 776 443 Est
787 411 842 453 qui
855 411 973 443 saucios
988 411 1065 442 ideo
1076 411 1226 450 damnat,

530 472 606 495 cum
622 463 695 504 jam
714 461 814 493 modo
830 462 878 493 bis
894 462 937 493 de
952 461 1122 493 ebrietate
1138 470 1226 501 prae-

529 516 683 547 cesserit.
727 515 795 546 Sed
824 515 916 545 nulla
943 513 998 545 hic
1028 511 1227 552 tautologia,

526 566 616 607 quod
636 575 675 597 ea
687 575 752 597 vox
765 570 951 606 stuporem,
964 562 1122 595 effectum
1135 561 1226 593 ebri-

527 617 629 648 etatis
645 617 772 658 potius,
788 616 1023 657 quamripsam,
1045 613 1225 653 designare

525 667 684 699 videatur
694 679 703 707 3
713 667 789 698 inde
801 667 905 698 ducta
913 665 1122 706 metaphora,
1135 662 1225 704 quod

525 718 706 749 admodum
723 718 806 749 ebrii
821 722 934 749 mente
949 717 997 748 sic
1020 716 1223 753 alienentur,

524 773 564 799 ut
580 768 659 798 nihil
673 767 834 808 sentiant,
854 771 956 808 prout
985 767 1096 798 solent
1117 765 1224 806 gravi-

525 822 580 848 ter
605 818 723 849 saucii.
784 818 868 848 Pari
897 817 970 848 fere
1000 816 1222 848 translatione

521 866 745 899 Archilochus
771 877 827 908 ap.
860 867 1063 899 Athenaeum
1089 875 1164 898 xiv.
1188 868 1218 897 6.

523 927 570 950 m.
607 917 687 957 Οἵνῳ
713 917 972 959 συγκεραυνωθεὶς
1003 915 1126 958 φρένας,
1150 916 1221 948 vino

523 972 655 999 mentem
671 971 834 1002 attonitus.
879 970 955 1001 Nec
971 969 1037 1000 alia
1060 968 1103 999 de
1119 977 1222 999 causa

522 1018 639 1049 Plaut.
664 1018 778 1050 Aulul.
801 1028 860 1051 111.
886 1022 916 1050 6.
947 1022 999 1050 39.
1021 1019 1030 1035 ‘
1045 1018 1220 1058 deponere

520 1067 616 1098 vino'
639 1067 738 1108 dixit,
757 1079 857 1110 quam
873 1069 961 1110 quod
985 1068 1071 1100 ebrii
1087 1077 1152 1099 nou
1168 1077 1219 1099 se-

521 1126 580 1148 cus
596 1116 782 1149 efferantur
797 1128 836 1150 ac
852 1119 887 1157 ii,
904 1119 960 1160 qui
977 1118 1051 1159 jam
1073 1118 1218 1149 animam

520 1166 690 1199 efflarunt.
735 1169 837 1200 Certe
864 1169 1034 1200 ‘saucius’
1063 1168 1218 1200 absolute

518 1218 582 1249 hoc
598 1218 787 1258 significatu
801 1220 946 1251 sumitur
970 1219 1072 1250 etiam
1089 1229 1109 1249 a
1124 1218 1218 1249 Mar-

520 1267 602 1298 tiale
629 1277 684 1300 111.
711 1271 764 1300 63.
796 1269 900 1310 Apul.
922 1279 986 1301 vu.
1007 1270 1057 1301 M.
1083 1269 1216 1300 Ber-nec.

518 1317 638 1349 Videri
654 1323 769 1358 posset
796 1319 932 1351 dieend.
958 1329 1032 1351 esse
1054 1319 1124 1350 vino
1146 1329 1216 1349 sau-

516 1369 602 1404 cios,·
623 1378 686 1400 nec
703 1369 736 1400 id
755 1370 882 1409 primus
895 1379 1029 1400 moneo.
1054 1369 1156 1400 Certe
1168 1369 1217 1399 ita

517 1418 649 1450 locutus
665 1424 718 1450 est
739 1419 866 1451 Justin.
884 1428 985 1451 xxiv.
998 1422 1030 1451 8.
1053 1420 1061 1436 ‘
1076 1419 1216 1450 Hester-

517 1478 560 1500 no
578 1479 670 1500 mero
683 1471 811 1501 saucii!
836 1471 950 1502 Faber.
994 1470 1217 1512 Antiquiores

519 1518 612 1558 typis
644 1519 795 1559 expressi
828 1520 955 1551 habent
990 1530 1122 1551 securos.
1167 1520 1216 1552 At

498 1565 627 1609 'Bong.
656 1579 675 1600 e
702 1571 785 1601 Mss.
816 1571 968 1602 restituit
995 1572 1123 1602 saucios.
1170 1572 1215 1602 Et

516 1620 618 1651 credo
634 1620 818 1652 Auctorem
837 1621 885 1652 ita
898 1621 1033 1652 omniuo
1050 1621 1214 1659 voluisse3

516 1670 606 1711 quod
637 1671 768 1702 videam
795 1671 853 1703 inf.
884 1680 989 1703 xxiv.
1014 1674 1044 1703 8.
1072 1674 1102 1703 1.
1140 1671 1213 1712 pari

515 1720 615 1751 modo
630 1730 705 1752 eum
719 1721 894 1762 scripsisse
911 1722 920 1739 ‘
935 1722 1108 1752 Hesterno
1121 1731 1214 1753 mero

515 1770 654 1808 saucii3’
686 1776 722 1802 et
749 1771 943 1802 Martialem
976 1771 1056 1802 item
1080 1780 1136 1803 111.
1162 1774 1214 1802 68.

516 1824 619 1861 atque
636 1819 817 1860 Apuleium
836 1821 895 1852 lib.
907 1830 972 1852 vn.
985 1821 1060 1852 ead.
1077 1821 1213 1852 notione

520 1870 686 1901 vocabulo
703 1881 777 1902 usos
794 1881 878 1903 esse.
908 1871 1010 1902 Vorst.

558 1922 610 1960 §9
636 1921 679 1951 Et
701 1923 779 1961 quod
802 1921 932 1961 gravius
955 1921 1132 1962 dolendum]
1167 1922 1212 1952 Et

514 1981 544 2010 q.
569 1981 605 2010 g.
631 1972 759 2011 doleret,
792 1973 917 2013 legitur
946 1972 980 2002 in
1009 1973 1119 2003 altero
1142 1973 1211 2004 Ms.

514 2021 611 2051 Voss.
635 2021 770 2053 Gronov.
815 2023 928 2053 Oxou.
945 2032 986 2053 ex
1004 2023 1072 2053 Ms.
1088 2026 1119 2054 et
1134 2033 1163 2064 q.
1175 2033 1210 2062 g.

511 2071 616 2101 dolet:
641 2071 758 2111 probe.
785 2072 891 2103 Groev.
943 2072 1045 2112 Angl.
1068 2075 1099 2102 et
1123 2083 1152 2112 q.
1174 2083 1209 2112 g.

514 2120 606 2152 dolet.
652 2121 775 2152 Placet
790 2121 979 2161 admodum,
1006 2121 1209 2163 videturque

514 2169 728 2209 repudiatum
744 2171 785 2202 ab
801 2171 852 2202 his
867 2172 922 2212 qui
951 2172 1014 2203 hoc
1031 2182 1136 2212 genus
1153 2182 1208 2203 ne-

511 2219 666 2250 sciebant
678 2221 917 2252 vetustioribus
933 2229 1121 2262 receptum.
1144 2222 1209 2254 Ar-

511 2268 562 2299 ria
578 2279 633 2310 ap.
660 2270 747 2300 Plin.
772 2280 825 2301 111.
855 2272 962 2312 Epist.
977 2275 1027 2303 16.
1053 2277 1129 2313 post
1153 2283 1209 2304 ex-

511 2322 659 2350 tractum
677 2329 695 2351 e
713 2326 850 2360 pectore
866 2331 936 2362 suo,
949 2323 1142 2363 pugionem,
1165 2324 1207 2354 ad

510 2369 689 2401 maritum:
727 2372 735 2387 ‘
751 2371 848 2402 Paete
881 2382 946 2403 nou
982 2373 1099 2405 dolet!
1163 2375 1207 2405 Et

510 2419 677 2450 Martialis
690 2430 759 2451 rem
771 2422 869 2452 eaud.
881 2432 1086 2454 memorans:
1105 2423 1114 2441 ‘
1127 2424 1207 2455 Vul-

509 2478 584 2509 nus,
599 2471 686 2511 quod
701 2471 778 2511 feci,
791 2482 854 2503 nou
872 2473 988 2504 dolet.'
1012 2474 1117 2512 Schef.

552 2520 591 2550 In
606 2521 734 2552 ulcionis
745 2522 852 2552 solatio
866 2523 1015 2563 intendit]
1054 2523 1108 2555 Ad
1131 2525 1140 2542 ‘
1156 2525 1205 2555 in-

510 2569 638 2600 tendit’
664 2571 815 2603 Freinsh.
830 2573 1002 2604 subaudiri
1019 2575 1102 2613 vult,
1113 2584 1204 2605 meu-

508 2624 590 2660 tem,
605 2625 642 2651 ut
657 2630 699 2652 ex
718 2622 792 2653 Iud.
809 2632 907 2663 quem
923 2624 955 2654 in
972 2624 1059 2654 huuc
1074 2624 1202 2656 Aucto-

507 2680 578 2700 rem
595 2670 755 2712 confecit,
778 2679 933 2713 apparet.
978 2675 1062 2705 Mihi
1089 2680 1201 2705 autem

506 2719 565 2750 ἀπὸ
590 2722 688 2752 κοινοῦ
711 2723 888 2762 repetend.
916 2723 1052 2755 videtur
1086 2724 1200 2755 ‘dolo-

506 2769 599 2800 rem.'
630 2770 733 2802 Vorst.
780 2772 886 2803 Recte
910 2773 1025 2804 Vorst.
1053 2773 1199 2813 hicnon,

507 2818 664 2858 animum,
701 2821 920 2855 subaudiend.
958 2824 1007 2855 ait
1041 2824 1074 2854 in
1096 2824 1199 2855 verbo

505 2872 514 2884 ‘
528 2868 696 2909 intendit‚’
720 2872 778 2902 sed
793 2872 960 2905 refereud.
985 2875 1027 2906 ad
1044 2875 1199 2915 superius

506 2919 515 2937 ⁸
531 2918 702 2952 dolorem.’
746 2922 812 2954 Sed
829 2923 906 2965 quid
924 2929 978 2956 est
999 2927 1007 2941 ⁸
1022 2924 1197 2957 intendere

987 318 1125 348 No'rAE
1159 316 1421 347 VARIORUM
1456 316 1507 346 IN

1276 408 1424 440 dolorem
1435 407 1459 439 ?’
1503 408 1546 439 Id
1571 408 1659 450 quod
1682 409 1864 450 opponitur
1885 419 1972 451 prae-

1277 459 1413 491 cedenti
1446 457 1643 490 ‘effundere
1669 459 1844 500 dolorem‚'
1885 461 1917 493 h.
1941 471 1971 493 e.

1276 523 1342 546 non
1355 514 1451 545 finire
1468 514 1701 554 dolorem‚sed
1712 515 1879 557 proferre,
1894 526 1972 558 pro-

1276 564 1412 604 ducere,
1434 574 1577 606 eumque
1604 570 1802 597 convertere
1824 566 1860 597 in
1886 567 1971 598 sola-

1276 614 1371 654 tium,
1382 614 1476 646 velut
1492 623 1629 655 scopum
1645 615 1800 657 aliquem,
1811 616 1972 657 quemad-

1275 665 1409 696 modum
1435 674 1551 696 arcum
1577 665 1754 696 intendere
1781 666 1814 696 in
1840 666 1971 707 aliquid

1274 714 1427 747 dicimur.
1443 714 1550 754 Schef.
1579 715 1589 732 ‘
1600 715 1784 746 Intendere
1797 715 1970 747 dolorem'

1274 769 1340 804 est,
1376 775 1513 806 augere,
1539 769 1578 796 ut
1602 764 1802 796 ‘intendere
1828 765 1969 806 vocem‚'

1272 816 1282 832 ‘
1292 815 1438 855 linguam
1443 815 1464 855 ,'
1473 815 1690 856 ap.Tullium.
1703 815 1901 847 ‘Intendere
1914 815 1972 847 do-

1271 865 1376 896 lorem
1392 866 1426 896 in
1440 864 1621 904 solatium‚'
1647 869 1710 904 est,
1725 865 1836 897 acrius
1853 864 1969 897 dolere

1270 920 1310 947 ut
1324 916 1480 947 solatium
1503 917 1633 956 capias.
1678 916 1765 947 Haec
1794 925 1874 947 vero
1898 915 1969 947 bal-

1271 965 1383 997 buties
1406 971 1459 997 est
1474 966 1612 998 Justino
1635 970 1672 998 et
1695 966 1806 1007 Trogo
1819 965 1968 1007 indigna.

1270 1017 1379 1048 Recte
1403 1017 1557 1048 Freinsh.
1587 1016 1684 1053 vidit,
1711 1017 1870 1056 animum,
1891 1026 1968 1048 esse

1268 1066 1484 1108 intelligend.
1507 1071 1546 1098 ut
1561 1067 1638 1098 alibi
1657 1076 1790 1108 quoque
1806 1067 1892 1098 hanc
1908 1076 1967 1098 vo-

1268 1127 1344 1149 cem
1360 1117 1457 1148 addit
1476 1118 1555 1149 huic
1580 1118 1699 1157 verbo,
1724 1118 1804 1149 alibi
1828 1117 1966 1158 omittit,

1267 1167 1394 1200 Justin.
1417 1167 1622 1200 ‘Intendere
1648 1168 1794 1200 animum
1810 1168 1844 1199 in
1865 1168 1966 1200 ultio-

1267 1217 1319 1248 nis
1347 1218 1490 1258 solatia‚'
1519 1223 1584 1259 est,
1610 1219 1761 1260 cogitare
1787 1218 1896 1250 acrius
1922 1218 1965 1249 de

1267 1267 1388 1299 solatio
1409 1267 1535 1300 doloris
1561 1269 1729 1310 capiendo
1755 1278 1798 1300 ex
1822 1269 1964 1302 ultione.

1269 1318 1376 1349 Groev.

1308 1367 1325 1406 ς
1342 1369 1382 1397 10
1408 1367 1525 1408 Cyrum
1549 1369 1590 1400 ad
1612 1369 1772 1409 angustias
1785 1379 1880 1410 usque
1892 1379 1963 1411 per—

1260 1413 1374 1456 fluxit]
1410 1417 1553 1458 Optime
1578 1418 1694 1451 Juntae
1717 1420 1888 1460 produxit5
1910 1423 1964 1451 est

1266 1466 1352 1497 enim
1387 1468 1561 1508 proprium
1590 1469 1729 1500 verbum
1759 1469 1794 1500 in
1822 1470 1886 1502 hac
1912 1479 1961 1502 re.

1267 1515 1353 1547 Caes.
1379 1525 1444 1547 vn.
1472 1518 1513 1549 B.
1542 1518 1586 1550 G.
1621 1519 1729 1550 ‘Cum
1754 1518 1837 1560 fuga
1862 1520 1963 1551 vehe-

1265 1567 1370 1598 menti
1395 1567 1603 1599 Volusenum
1629 1568 1760 1609 longius
1784 1569 1962 1610 produxis-

1264 1617 1339 1649 set!
1384 1617 1436 1650 Id.
1461 1628 1518 1650 111.
1545 1619 1586 1651 B.
1614 1620 1652 1651 C.
1679 1620 1834 1652 ‘Elicuit
1857 1630 1960 1652 naves

1264 1668 1444 1707 Caelianas,
1473 1673 1577 1710 atque
1603 1679 1647 1700 ex
1669 1670 1719 1701 his
1735 1670 1865 1711 lougius
1882 1681 1962 1712 pro-

1263 1717 1399 1749 ductam
1426 1728 1524 1749 unam
1541 1719 1815 1761 quinqueremem
1840 1726 1875 1753 et
1899 1721 1961 1753 mi-

1262 1776 1362 1797 nores
1378 1767 1460 1798 duas
1478 1769 1510 1799 in
1533 1769 1694 1809 augustiis
1710 1776 1827 1810 portus
1843 1771 1959 1811 cepit?

1264 1817 1342 1848 Non
1355 1818 1465 1858 potuit
1479 1819 1622 1849 inveniri
1633 1830 1699 1851 vox
1712 1820 1823 1860 aptior
1833 1825 1869 1852 et
1881 1821 1959 1852 huic

1262 1867 1284 1897 l.
1301 1869 1600 1908 accommodatior,
1613 1879 1712 1910 quam
1725 1879 1799 1911 quae
1813 1871 1846 1901 in
1859 1870 1956 1902 Junt.

1261 1916 1397 1957 legitur,
1425 1918 1519 1959 cujus
1536 1919 1600 1949 vim
1617 1928 1691 1950 cum
1707 1928 1773 1949 non
1789 1919 1957 1960 intellige-

1261 1970 1337 1996 rent
1368 1976 1460 2008 seqq.
1491 1967 1652 2007 editores,
1678 1968 1712 1999 id
1735 1969 1957 2000 immutarunt

1260 2016 1294 2046 in
1310 2017 1432 2056 notius,
1446 2022 1484 2048 ut
1496 2018 1695 2058 plerumque
1711 2017 1760 2049 fit.
1798 2018 1956 2059 Interpo-

1258 2066 1422 2097 lationum
1440 2068 1528 2098 enim
1546 2069 1719 2109 praecipua
1735 2078 1851 2100 caussa
1863 2069 1954 2110 igno·

1259 2118 1366 2148 ramia
1395 2119 1517 2158 priscae
1545 2119 1735 2160 elegantiae.
1782 2120 1873 2152 Hinc
1903 2130 1955 2151 re-

1259 2168 1427 2199 centiores
1445 2174 1503 2200 aut
1529 2169 1759 2210 descriptores
1773 2175 1832 2202 aut
1847 2170 1956 2202 edito-

1259 2227 1311 2248 res
1345 2219 1619 2259 exquisitioribus
1655 2225 1691 2251 et
1720 2229 1838 2260 parum
1865 2220 1955 2252 tritis

1258 2273 1507 2307 supposuerunt
1522 2269 1712 2309 vulgatiora
1728 2269 1892 2301 vocabula
1918 2274 1955 2301 et

1257 2317 1458 2350 locutiones.
1503 2319 1591 2350 Nam
1620 2319 1708 2360 quod
1735 2320 1829 2351 aiunt
1851 2321 1953 2360 ‘pro-

1257 2366 1403 2398 ducere'
1425 2378 1512 2408 esse,
1536 2379 1638 2410 porro
1661 2369 1797 2409 ducere,
1824 2369 1954 2400 verissi-

1256 2429 1345 2450 mum
1375 2423 1439 2450 est.
1485 2419 1540 2450 Au
1563 2429 1645 2451 vero
1662 2420 1769 2461 quiin
1797 2419 1952 2451 fraudem

1255 2469 1400 2510 pellicit,
1415 2468 1569 2500 cedendo
1585 2469 1825 2511 fugiendoque,
1840 2469 1950 2501 donec

1255 2521 1433 2561 perveniat
1447 2520 1478 2550 in
1496 2521 1607 2552 locum
1634 2521 1691 2552 ubi
1717 2521 1846 2551 iusidiae
1869 2526 1949 2552 sunt

1254 2575 1405 2610 structae,
1418 2580 1458 2601 au
1472 2581 1537 2602 uon
1554 2572 1581 2602 is
1594 2576 1855 2612 persequentem
1873 2581 1948 2611 por-

1253 2630 1290 2652 ro
1307 2621 1413 2660 ducit,
1437 2621 1468 2652 h.
1487 2630 1515 2652 e.
1533 2631 1574 2652 eo
1598 2621 1769 2662 producit,
1797 2631 1861 2662 quo
1884 2622 1948 2653 seit

1252 2682 1327 2702 esse
1359 2672 1415 2713 qui
1441 2673 1476 2702 in
1502 2671 1631 2703 insidiis
1659 2676 1736 2702 sunt
1766 2672 1947 2703 collocati?

1254 2722 1359 2753 Groev.
1391 2723 1552 2753 Testatur
1568 2722 1683 2753 GraeV.
1699 2721 1752 2752 ed.
1769 2722 1947 2754 Juntinam

1249 2773 1374 2804 habere
1387 2773 1556 2812 produxit:
1578 2772 1669 2815 quod
1680 2773 1822 2806 mirifice
1838 2778 1874 2806 et
1886 2775 1946 2806 mi·

1248 2824 1281 2854 hi
1299 2824 1423 2864 placet.
1469 2824 1557 2855 Sane
1579 2824 1621 2855 ad
1646 2824 1678 2855 h.
1703 2825 1836 2856 modum
1854 2826 1941 2857 Caes.

1250 2882 1317 2904 vu.
1348 2874 1388 2904 B.
1410 2873 1453 2905 G.
1481 2873 1583 2905 Vorst.
1643 2875 1764 2906 Manet
1785 2875 1835 2906 vir
1860 2875 1941 2907 doc-

1249 2925 1320 2957 tiss.
1348 2929 1485 2957 secutus
1505 2923 1628 2957 Juntas
1656 2926 1769 2966 legere
1782 2926 1942 2966 produxit.
