2101 3419
413 355 496 396 950

413 459 489 490 nico
505 460 662 501 secundo,
679 462 744 493 etsi
766 461 903 504 injurias
919 464 983 495 sibi
996 464 1106 496 illatas

412 519 431 539 a
444 509 603 551 Philippo
620 512 800 553 putabant,
821 518 934 545 tamen
949 515 1105 546 satisfieri

411 559 475 590 sibi
492 561 581 600 passi
595 567 686 602 sunt,
701 572 743 594 ne
756 564 812 594 ille
828 573 960 606 quoque
975 565 1017 596 ad
1035 564 1105 596 An-

408 610 555 642 nibalem
571 612 675 644 hostis
688 614 887 653 accederet;
901 616 934 646 in
951 622 1104 657 tempore

409 664 445 691 et
474 670 536 702 per
570 663 779 695 occasionem
807 665 849 696 de
879 666 1104 698 Macedonum

408 720 491 751 rege
507 711 691 744 vindictam
705 716 882 755 sumpturi.
920 716 1027 747 Porro
1041 717 1102 748 eti-

408 769 462 791 am
475 762 594 793 ultima
604 763 672 804 huj.
689 764 743 795 lib.
757 765 819 803 sic,
844 766 870 795 si
896 767 960 797 mei
979 766 1103 806 judicii

406 819 460 841 res
476 811 530 851 sit,
547 812 701 853 legerim:
729 815 847 850 Quibus
856 815 905 845 illi
916 816 1049 855 cognitis
1059 817 1102 847 vi-

408 861 552 901 tatisque,
570 863 735 894 desciscere
749 864 787 894 ab
802 875 836 895 eo
860 865 988 896 Achoeos
999 869 1101 897 aucto-

406 912 502 943 ritate
515 923 570 944 sua
585 915 684 954 cogit:
710 916 876 956 quomodo
902 916 972 948 fere
998 919 1100 949 etiam

406 971 483 993 suos
520 964 604 997 Mss.
639 965 766 998 habere
812 967 920 1008 Bong.
957 966 1100 999 fatetur.

405 1013 494 1045 Mod.

893 1289 1112 1338 LIBER

444 1421 530 1453 CAP.
548 1430 572 1453 1.
626 1424 643 1463 ς
667 1425 687 1453 2
710 1423 880 1465 Adjuncta]
901 1425 1027 1457 Parum
1041 1427 1097 1458 ab·

400 1470 464 1502 suit
479 1472 557 1512 quin
571 1472 654 1503 Mss.
673 1475 819 1506 omnium
836 1476 1027 1514 lectionem,
1043 1479 1096 1508 ad-

397 1526 526 1563 structo,
573 1523 607 1553 in
643 1531 839 1557 contextum
876 1527 1066 1559 admiserim
1086 1539 1095 1567 3

400 1582 498 1613 quam
534 1584 651 1605 vocem
682 1576 807 1608 Nostro
833 1587 935 1618 supra
961 1589 1095 1620 quoque

398 1631 508 1654 xxnr.
524 1626 555 1654 3.
573 1627 624 1654 12.
648 1634 689 1655 ex
709 1626 802 1657 bonis
826 1629 1021 1660 auctoribus
1037 1629 1095 1660 ad-

397 1675 589 1707 struximus,
601 1677 780 1711 Berneccer.
827 1680 992 1711 Quoniam
1011 1681 1092 1712 Mss.

396 1725 544 1765 quidam,
571 1731 609 1757 ut
635 1728 745 1768 Bong.
772 1734 929 1767 testatur,
954 1741 1015 1771 pro
1040 1733 1093 1762 ad-

388 1775 501 1814 juncta
516 1776 641 1809 habent
657 1780 825 1820 adstructo,
840 1781 1019 1820 genuinum
1031 1782 1093 1814 lioc

394 1827 654 1867 ipsumjudico;
678 1829 757 1869 quia
782 1830 871 1861 enim
898 1831 1005 1862 rarius
1030 1832 1092 1863 lioc

396 1886 496 1916 quam
507 1877 589 1908 illud
603 1882 668 1916 est,
681 1888 744 1909 non
760 1881 938 1912 verisimile
955 1887 1006 1912 est
1023 1892 1041 1913 a
1054 1883 1090 1912 li-

396 1925 514 1956 brariis
530 1926 564 1957 id
585 1927 773 1967 profectum
799 1939 884 1961 esse.
920 1931 1009 1963 Plin.
1026 1932 1090 1962 Pa-

394 1986 472 2017 neg.
494 1977 585 2007 ‘Sibi
601 1987 795 2009 accrescere
814 1984 910 2019 putat
922 1981 1010 2020 quod
1023 1982 1090 2012 cui-

396 2035 462 2067 que
478 2026 697 2057 adstruatur.’
742 2029 851 2060 Item:
877 2034 884 2046 ‘
903 2030 995 2061 Nihil
1019 2030 1090 2061 feli·

395 2076 492 2108 citati
505 2086 572 2108 suae
591 2082 688 2117 putat
704 2078 831 2109 adstrui
849 2079 970 2119 posse?
1007 2080 1087 2111 Vid.

395 2130 432 2158 et
449 2127 565 2158 Nostr.
583 2136 689 2159 xxm.
706 2130 736 2158 3.
752 2131 802 2159 12.
833 2129 905 2160 Vor.

437 2176 539 2216 Regis
553 2186 652 2208 mores
667 2178 763 2208 omnis
777 2182 893 2218 secuta,
913 2179 979 2219 effic]
1015 2180 1087 2211 Cic.

394 2228 487 2258 Fam.
505 2236 528 2258 1.
545 2230 575 2259 9.
604 2237 645 2258 ex
671 2229 761 2259 Plat.
776 2238 826 2260 ιν.
855 2230 896 2260 (le
922 2231 1004 2271 Leg.
1026 2231 1089 2262 boc

395 2278 525 2309 dictum
553 2277 682 2309 refert:
720 2279 729 2295 ‘
748 2280 874 2311 Quales
904 2280 937 2310 in
972 2281 1089 2322 repub.

394 2328 573 2368 Principes
589 2333 714 2367 essent,
725 2329 810 2359 tales
822 2330 967 2370 reliquos
983 2332 1090 2362 solere

395 2387 466 2409 esse
494 2378 607 2410 cives!
662 2379 766 2419 Cujus
794 2380 879 2411 dicti
910 2383 1090 2413 veritatem

393 2429 543 2469 pluribus
570 2432 605 2459 et
634 2430 835 2460 testimoniis
862 2435 898 2462 et
925 2432 1089 2473 exemplis

394 2479 572 2510 confirmat
594 2479 734 2511 Gruter.
755 2480 847 2512 Diss.
864 2490 913 2512 v1.
942 2482 984 2513 ad
1008 2483 1088 2515 Tac.

395 2530 496 2561 Rern.

440 2579 550 2610 Omnis
564 2582 666 2609 secuta
681 2579 783 2619 regia]
817 2580 970 2612 Praefero
999 2581 1088 2623 quod

395 2629 494 2669 impr.
527 2629 662 2669 quidam
689 2629 828 2668 habent,
843 2632 941 2670 regio.
986 2632 1087 2672 Sanc,

394 2679 482 2719 quod
501 2679 677 2720 subjicitur
689 2680 730 2711 de
745 2681 898 2712 exercitu
910 2683 1011 2719 omni,
1024 2692 1088 2714 non

397 2729 439 2758 ad
480 2729 610 2769 regiam,
652 2729 710 2760 sed
735 2731 888 2770 regionem
928 2734 1087 2772 pertinet.

396 2779 499 2817 Schef.

436 2830 453 2869 ξ
477 2833 496 2860 4
519 2830 689 2861 Antiochus
704 2840 759 2861 rex
783 2831 901 2871 Syrioe]
941 2830 1088 2872 Appian.

397 2879 470 2920 Syr.
485 2881 530 2911 D.
548 2881 690 2912 Hieron.
708 2881 741 2911 iu
759 2881 891 2913 Daniel.
907 2890 957 2912 xi.
981 2882 1086 2922 Bong.

434 2931 451 2969 ᾗ
473 2932 492 2960 7
516 2930 698 2972 Materiam,
720 2931 791 2971 ἐξα]
838 2932 928 2963 Saxo
959 2941 1022 2964 vn.
1052 2943 1085 2974 p.

865 369 1006 399 NOTAE
1039 370 1300 404 VARIORUM
1334 374 1382 404 IN

1205 468 1381 508 Contentis]
1413 469 1469 501 Ita
1491 469 1609 512 scripsi
1625 470 1667 502 de
1682 471 1851 503 sententia

1160 516 1280 557 Modii,
1293 519 1466 561 ipsiusque
1483 520 1516 551 in
1542 521 1746 552 variantibus
1761 521 1852 553 Bon-

1160 568 1271 609 garsii,
1285 579 1326 600 ex
1342 569 1410 601 fide
1426 571 1509 601 Mss.
1522 571 1669 602 omnium
1681 575 1770 603 notae
1783 581 1852 602 me-

1158 619 1270 651 lioris:
1295 629 1371 651 cum
1387 620 1464 652 edd.
1479 631 1561 662 quas
1578 620 1719 652 viderim
1734 630 1850 652 omnes

1157 672 1316 700 contentus
1349 670 1506 710 habeant,
1549 676 1669 704 contra
1701 676 1850 703 mentem

1157 719 1332 753 Auctoris.
1359 721 1410 751 De
1427 722 1584 752 Romanis
1602 722 1691 753 enim
1706 722 1780 752 haec
1795 730 1851 752 ac-

1157 769 1326 810 cipienda,
1352 780 1419 801 non
1443 771 1522 811 [ἃς.
1539 773 1580 802 ad
1595 781 1699 814 usque
1715 772 1724 788 ‘
1737 781 1850 812 sump-

1156 819 1222 850 turi
1237 820 1258 851 :’
1284 820 1349 851 vid.
1367 820 1458 861 sup.]
1481 821 1579 853 Bern.

1197 870 1382 910 Discedere]
1426 870 1562 902 Modius
1590 870 1751 902 desciscere
1779 880 1848 901 ma-

1154 920 1239 958 vult,
1253 919 1422 960 quomodo
1433 929 1452 951 e
1468 921 1551 951 Mss.
1566 920 1675 961 Bong.
1692 929 1776 951 unus
1791 920 1848 950 lia-

1153 969 1223 1000 bet.
1247 969 1347 1001 Idem.

1149 1290 1342 1339 XXX.

1157 1430 1231 1459 143.
1248 1431 1278 1459 6.
1301 1428 1311 1445 ‘
1325 1428 1463 1458 Futurae
1489 1427 1594 1458 cladis
1610 1426 1784 1459 materiam
1796 1427 1846 1459 ul-

1155 1482 1275 1509 tronea
1309 1477 1386 1509 belli
1427 1478 1649 1509 instructione
1681 1476 1845 1509 molitus!

1157 1536 1231 1558 xlv.
1250 1537 1284 1568 p.
1302 1530 1375 1559 258.
1392 1531 1444 1560 62.
1464 1529 1473 1544 ‘
1489 1528 1572 1558 Cum
1588 1537 1696 1569 neque
1710 1528 1846 1559 trahen-

1150 1577 1185 1608 di
1202 1578 1330 1609 diutius
1349 1578 1431 1610 belli
1453 1578 1628 1609 materiam
1650 1578 1845 1618 circumspi-

1149 1628 1267 1668 ceret‚'
1298 1632 1333 1659 et
1355 1638 1387 1669 p.
1413 1631 1554 1659 359.44.
1578 1628 1738 1659 ‘Sclavos
1765 1637 1842 1658 nus-

1149 1687 1248 1718 quam
1266 1678 1438 1710 dilabendi
1455 1679 1629 1710 materiam
1645 1677 1843 1711 habituros?

1150 1729 1232 1769 Sup.
1251 1738 1345 1761 xxn.
1357 1732 1388 1760 4.
1405 1733 1436 1760 3.
1449 1739 1491 1760 ex
1507 1729 1621 1761 Periz.
1644 1731 1653 1747 ‘
1667 1729 1841 1761 Invenisse

1146 1788 1181 1810 se
1195 1779 1346 1811 victoriae
1362 1779 1565 1812 materiam.’

1188 1830 1398 1870 Agathocliae]
1432 1830 1588 1861 Meminit
1602 1830 1695 1862 Plut.
1710 1830 1744 1861 in
1757 1829 1841 1860 Ero·

1146 1881 1216 1911 tico
1236 1883 1284 1912 10.
1307 1881 1417 1921 Vulgo
1433 1881 1650 1921 Agathocleoe:
1673 1881 1840 1922 quomodo

1145 1929 1246 1961 habet
1272 1934 1307 1961 et
1338 1930 1480 1962 Hieron.
1503 1931 1536 1961 in
1563 1931 1695 1963 Daniel.
1731 1932 1838 1970 Bong.

1144 1978 1320 2011 Quomodo
1346 1981 1536 2020 promiscue
1554 1982 1677 2012 Darius
1688 1985 1723 2012 et
1738 1981 1839 2012 Dare-

1142 2038 1190 2068 us,
1211 2029 1321 2059 Media
1346 2034 1382 2061 et
1399 2031 1510 2061 Medea
1524 2031 1557 2060 in
1576 2031 1658 2061 Mss.
1674 2030 1838 2062 invenias.

1143 2078 1231 2109 Nam
1258 2090 1284 2108 ει
1314 2078 1513 2109 Graecorum
1536 2079 1700 2111 utralibet
1728 2080 1838 2112 vocali

1143 2128 1272 2159 Latinis
1289 2127 1438 2160 effertur.
1462 2129 1560 2159 Bern-

1187 2178 1204 2218 ξ
1228 2180 1247 2208 8
1273 2177 1452 2216 Majestatis
1475 2178 1602 2218 oblitus]
1645 2179 1712 2211 Ον.
1728 2179 1778 2211 M.
1796 2189 1836 2211 11.

1144 2231 1220 2259 846.
1245 2228 1254 2244 ‘
1268 2228 1343 2260 Non
1362 2228 1449 2259 bene
1475 2229 1691 2269 conveniunt,
1708 2239 1771 2261 nec
1785 2239 1840 2262 ea-

1146 2278 1222 2308 dem
1247 2278 1329 2309 sede
1376 2283 1561 2319 morantur,
1599 2280 1764 2321 Majestas
1801 2284 1838 2313 et

1145 2327 1259 2359 amor.'
1283 2328 1333 2359 Id.
1677 2365 1680 2367 ,

1202 2380 1219 2419 §
1243 2381 1263 2409 9
1309 2378 1499 2419 Crepundia]
1542 2380 1645 2420 Vulg.
1678 2380 1840 2421 tripudia.-

1144 2430 1224 2460 lect.
1241 2434 1392 2460 veterem
1418 2430 1451 2460 in
1477 2434 1573 2461 tanto
1586 2430 1748 2462 librorum
1763 2441 1840 2463 con-

1144 2489 1242 2511 sensu
1276 2479 1302 2510 si
1331 2489 1396 2510 non
1429 2481 1632 2520 amplectar,
1659 2481 1838 2522 impudens

1144 2530 1215 2561 sim.
1262 2529 1370 2561 Nimis
1387 2530 1560 2560 basilicum
1588 2535 1655 2570 est,
1679 2536 1712 2562 et
1735 2531 1840 2563 Alex·

1144 2580 1317 2619 andream,
1345 2579 1433 2619 quod
1459 2580 1590 2611 solvere
1620 2589 1685 2611 non
1716 2582 1837 2622 possis,

1143 2629 1348 2661 rescindere.
1395 2630 1573 2670 Crepundia
1600 2630 1757 2663 videntur
1785 2633 1838 2664 his

1142 2691 1215 2712 esse
1241 2679 1467 2721 κροτσπαίγνια,
1492 2682 1711 2723 crepitacula,
1736 2683 1839 2716 sistra

1143 2732 1361 2772 AEgyptiaca‚
1375 2732 1644 2772 crotala,quibus
1660 2732 1692 2763 in
1708 2734 1837 2766 saltati-

1142 2781 1259 2813 onibus
1290 2781 1472 2812 utebantur
1510 2781 1664 2822 Veteres,
1692 2784 1836 2816 maxime

1143 2831 1326 2863 orientales
1355 2831 1493 2871 populi:
1511 2835 1549 2862 ut
1577 2841 1632 2872 ap.
1658 2833 1834 2866 Maronem

1140 2883 1237 2923 Syra,
1271 2882 1451 2922 ‘Crispum
1482 2882 1543 2913 sub
1570 2883 1700 2915 crotalo
1730 2883 1834 2916 docta

1141 2941 1276 2964 movere
1291 2932 1403 2964 latus.’
1429 2932 1604 2973 Crepundia
1621 2932 1746 2966 Plauto
1758 2934 1832 2967 Mil.
