2101 3419
808 301 857 332 IN
890 301 1157 332 JUSTiNUM.

263 399 482 430 daemoniorum
512 399 573 430 dux
610 399 653 435 iii,
675 403 742 437 5,5
777 399 955 432 Messenios

263 443 399 474 debellat
420 442 464 477 iii,
480 445 512 478 5,
528 445 566 473 15

304 485 405 526 Tyrus
431 485 501 514 urbs
526 489 632 515 auctor
651 484 845 525 Carthaginis
872 485 955 521 xviii,

261 531 294 564 5,
311 530 361 558 14.
394 526 456 563 xxi,
471 530 503 563 6,
518 529 538 558 2
561 532 730 567 occupatur
755 529 794 558 ab
819 527 955 558 Alexan—

261 570 317 600 dro
340 569 446 606 xi,10,
463 572 499 600 ll
533 569 633 610 Tyrus
662 574 759 607 vetus,
785 570 860 600 ibid.
881 570 955 611 Tyri

262 617 397 643 vetustas
419 611 503 648 xviii,
520 614 552 648 3,
568 616 586 642 5

594 738 633 768 V.

304 821 422 853 Vacare
438 834 444 851 :
468 821 570 852 nullus
597 822 681 852 locus
696 822 777 852 urbis
792 831 808 851 a
824 822 953 852 crudeli-

262 868 324 894 tate
341 864 464 905 tyranni
479 870 567 895 vacat
589 865 650 900 xvi,
662 869 693 899 5,
705 868 725 895 6
748 874 858 894 vacans
871 864 954 894 Asiae

261 906 414 946 possessio
437 906 530 943 xxvii,
542 909 573 942 3,
587 910 600 938 1
628 917 754 948 regnum
764 916 876 937 vacans
891 907 953 943 xlii,

259 951 291 984 4,
308 951 328 979 2

307 990 435 1021 Vacatio
461 990 567 1020 tributi
594 996 625 1021 et
653 990 771 1021 militiae
801 991 904 1021 Persis
936 1001 955 1021 a

260 1032 367 1073 Magis
392 1033 572 1064 conceditur
595 1033 614 1069 i,
630 1036 662 1069 9,
680 1036 719 1064 12
742 1038 851 1073 praeter
864 1043 953 1063 vaca-

258 1075 375 1105 tionem
390 1074 507 1104 militiae
534 1075 670 1105 omnium
689 1085 787 1105 rerum
812 1075 953 1105 immuni-

257 1121 304 1146 tas
318 1117 546 1147 Macedonibus
567 1118 606 1147 ab
620 1117 796 1147 Alexandro
810 1118 953 1148 concedi-

259 1163 309 1188 tur
340 1159 381 1195 xi‚
407 1162 438 1195 1,
461 1162 500 1190 10
534 1161 725 1190 vacationem
750 1160 954 1200 quinquennii

258 1200 434 1231 civitatibus
470 1201 531 1232 suis
575 1203 719 1233 concedit
755 1201 952 1233 Mithridates

257 1243 382 1280 xxxviii,
395 1246 426 1280 3,
441 1246 463 1275 9

302 1285 409 1316 Vacua
423 1295 494 1316 cera
526 1285 586 1321 xxi,
601 1288 633 1321 6,
649 1289 670 1317 6
700 1286 849 1326 possessio
871 1285 951 1322 xxxi,

257 1329 326 1365 3,2
360 1328 431 1358 urbs
459 1337 557 1358 vacua
583 1328 758 1359 horninibus
793 1328 826 1364 ii,
842 1330 895 1364 12,
912 1332 950 1359 ll

257 1369 347 1400 vacui
361 1375 394 1400 et
408 1369 505 1411 quieti
527 1370 649 1406 xxxviii,
665 1373 697 1407 5,
714 1373 731 1401 1

300 1412 424 1443 Vadere
436 1412 558 1442 obviam
573 1412 664 1442 alicui
690 1412 730 1448 xi,
747 1415 799 1448 12,
815 1415 833 1443 5

300 1453 415 1494 Vagari
442 1464 498 1494 pro
522 1454 688 1485 victoribus
721 1455 801 1490 xxiv,
822 1457 854 1490 7,
870 1457 888 1485 5
918 1454 950 1485 in

257 1496 382 1536 publico
415 1497 476 1532 xxi,
492 1500 523 1532 5,
538 1499 559 1527 4
590 1507 645 1537 per
660 1496 762 1537 sylvas
790 1496 903 1532 xxxvii,
917 1499 949 1532 2,

255 1542 276 1569 8
300 1539 411 1569 amisso
426 1549 497 1579 rege
519 1538 572 1568 xlii
587 1542 619 1576 3,
635 1542 654 1570 8
678 1539 801 1569 ademto
817 1540 948 1580 vagandi

256 1581 380 1611 arbitrio
402 1582 504 1617 xxxix,
519 1585 550 1616 5,
566 1583 586 1612 4

298 1623 405 1663 Vagus
419 1624 516 1654 hostis
538 1623 661 1663 xxxviii,
676 1626 709 1659 7,
725 1627 743 1654 5

297 1665 411 1696 Valere
423 1677 430 1696 :
453 1666 535 1696 valet
545 1667 627 1706 apud
642 1666 718 1696 alios
730 1666 798 1706 plus
809 1665 890 1705 prior
904 1667 951 1696 of-

253 1707 342 1738 fensa
355 1717 447 1748 quam
461 1708 596 1738 recentia
619 1707 770 1738 beneficia
794 1719 824 1743 v,
840 1712 871 1744 5,
886 1711 905 1739 5

297 1749 438 1780 Valerius
453 1750 596 1780 Laevinus
613 1762 620 1780 :
645 1750 714 1780 vide
729 1750 871 1780 Laevinus

296 1791 454 1823 Valetudo
469 1792 567 1833 major
595 1793 672 1833 (hoc
687 1797 745 1828 est,
759 1793 882 1822 morbus
896 1802 948 1822 co-

253 1833 395 1876 mitialis)
429 1835 494 1870 xiii,
518 1838 551 1871 2,
578 1838 617 1867 11
655 1835 794 1865 Freinsh.
822 1836 949 1865 adversa

252 1876 307 1912 xli,
331 1880 363 1912 6,
383 1880 404 1909 9
437 1878 583 1908 valetudo
608 1877 765 1908 oculorum
791 1887 828 1907 ex
855 1876 950 1906 nimia.

253 1918 372 1948 luxuria
413 1920 474 1956 xxi,
502 1923 535 1955 2,
562 1922 578 1950 1
618 1919 796 1949 valetudine
832 1917 949 1949 Aridaei

253 1960 388 1991 abutitur
399 1972 475 1991 uxor
497 1962 558 1998 xiv,
573 1965 637 1998 5,2
660 1961 710 2002 (in
733 1961 791 2005 Ιιίεκ
804 1961 948 1991 omnibus

250 2003 396 2033 valetudo
411 2003 523 2034 dicitur
544 2014 598 2045 pro
614 2003 791 2034 valetudine
803 2003 947 2045 adversa)

250 2045 355 2076 Vorst.

294 2087 408 2118 Valida
431 2097 506 2129 gens
533 2086 586 2124 xli,
612 2091 645 2124 5,
668 2090 689 2118 9
720 2088 824 2119 valida
847 2088 945 2118 incre-

251 2134 423 2160 mentorum
451 2130 653 2160 fundamenta
683 2130 736 2167 vii,
754 2134 785 2166 1,
801 2134 841 2162 12
870 2130 946 2159 vali-

251 2172 326 2202 dum
355 2172 532 2213 praesidium
566 2171 651 2208 xviii,
680 2175 712 2209 2,
740 2176 780 2204 12
818 2172 946 2202 validior

253 2213 329 2248 xliii,
343 2217 377 2249 4,
391 2217 411 2245 3
433 2214 628 2244 validissimae
643 2214 779 2254 legiones
800 2214 865 2250 xlii,
880 2218 912 2250 5,
924 2217 943 2245 3

293 2255 393 2286 Vallis
419 2256 520 2292 xxxvi,
546 2258 578 2291 3,
605 2259 625 2286 2
655 2266 793 2286 convexa
819 2256 945 2286 vallium

251 2297 285 2335 ii,
301 2300 354 2333 ιο,
369 2299 411 2328 24

294 2338 420 2369 Vallum
436 2337 508 2379 (pro
524 2337 647 2379 castris)
671 2339 725 2375 xii,
739 2341 771 2375 4,
788 2342 806 2370 5
831 2338 944 2369 vallum

250 2380 423 2412 rescindere
445 2381 514 2422 (alii
528 2381 636 2412 dicunt
652 2385 661 2398 ‘
676 2380 822 2422 caedere’)
847 2391 897 2417 xv,
911 2385 943 2417 5,

252 2426 292 2455 13
316 2423 453 2454 Freinsh-

294 2465 402 2505 Vapor
423 2465 468 2506 iv,
483 2467 514 2501 1,
527 2467 548 2495 4

294 2506 442 2539 Variante
467 2506 590 2537 fortuna
612 2518 642 2543 x,
658 2509 689 2543 3,
704 2509 725 2538 6
747 2506 874 2537 vic-toria
901 2507 944 2547 ix,

254 2553 284 2585 1,
301 2552 320 2580 3
344 2550 450 2580 dolore
481 2549 563 2586 xxvi,
588 2552 619 2585 1,
641 2552 662 2580 2
694 2549 810 2579 variata
833 2560 945 2589 genera

249 2592 391 2622 arborum
405 2602 460 2632 pro
479 2591 638 2631 regionum
659 2591 838 2622 conditione
865 2592 897 2628 ii,
913 2595 942 2628 l,

253 2636 294 2665 12
315 2634 432 2664 variato
448 2643 594 2674 responso
615 2632 681 2669 viii,
694 2637 726 2670 4,
744 2636 784 2665 12

294 2675 388 2706 Varie
402 2676 531 2706 affectus
555 2675 608 2712 xii,
628 2679 658 2712 1,
673 2680 690 2707 5
722 2675 776 2706 diu
799 2675 942 2718 varieque

250 2717 372 2758 fatigati
399 2718 487 2754 xviii,
501 2720 533 2754 3,
547 2721 569 2750 6

293 2760 451 2791 Varietate
473 2770 571 2791 rerum
594 2759 733 2791 miranda
756 2769 803 2790 res
830 2759 863 2795 ii,
889 2762 942 2796 13,

251 2804 292 2832 10
314 2802 442 2843 (Cicero
465 2802 507 2843 vi,
523 2805 553 2834 2.
576 2803 616 2833 ad
641 2803 726 2833 Fam.
749 2806 759 2820 ‘
774 2801 888 2843 majore
909 2803 943 2832 in

254 2844 398 2876 varietate
414 2849 531 2876 versata
550 2850 596 2875 est
626 2849 677 2875 tua
693 2844 823 2887 causa’).
847 2844 942 2884 magis

338 2896 453 2939 Delph.
468 2900 498 2929 et
520 2897 591 2930 Var.
608 2897 691 2928 Clas.

1525 290 1700 331 cxxxix

1006 400 1153 430 varietate
1175 399 1304 429 fortunas
1331 399 1481 429 consumti
1510 408 1599 439 quam
1626 399 1697 429 victi

1005 453 1036 480 v,
1053 445 1083 478 1,
1101 445 1140 473 10
1164 441 1264 471 Vorst.
1291 441 1461 471 admirabili
1484 452 1580 471 rerum
1603 442 1697 471 varie-

1006 489 1067 514 tate
1091 483 1282 525 pristinarum
1309 484 1441 514 sordium
1469 484 1580 514 oblitus
1610 495 1700 521 xxxv,

1006 530 1037 562 l,
1053 529 1074 557 9

1048 568 1158 598 Varius
1174 568 1330 608 utriusque
1358 567 1465 607 populi
1487 578 1574 598 casus
1598 568 1649 602 xli.
1665 571 1697 603 6,

1004 614 1025 642 6
1049 610 1130 640 varia
1147 610 1272 640 victoria
1299 611 1376 651 (hoc
1400 615 1457 644 est,
1485 609 1595 650 dubia)
1618 611 1648 645 ii,
1665 616 1696 646 5,

1004 655 1035 683 4.
1058 652 1103 687 iii,
1118 655 1151 687 6,
1167 655 1198 683 9.
1232 652 1272 687 iv,
1288 655 1320 688 2,
1336 655 1367 683 6.
1389 652 1448 687 xix,
1469 656 1498 688 1,
1514 655 1545 682 9.
1578 652 1649 688 xliv,
1665 656 1697 687 2,

1003 698 1022 725 7
1047 694 1182 725 Freinsh.
1210 694 1291 723 varia
1313 694 1483 734 praeliorum
1510 695 1631 725 fortuna
1654 695 1697 730 iii,

1003 740 1036 772 7,
1054 740 1093 767 12
1118 737 1205 766 variae
1231 736 1365 765 libidinis
1391 736 1523 767 dulcedo
1547 736 1599 772 xli,
1626 740 1658 778 3,
1679 740 1694 767 1

1004 779 1095 808 variae
1109 784 1216 818 gentes
1239 777 1280 813 xi,
1297 781 1328 814 1,
1346 781 1361 808 1

1046 821 1142 850 Vasta
1156 821 1239 861 regio
1262 820 1324 855 xiii,
1340 823 1370 856 7,
1388 823 1406 850 3

1046 863 1175 893 vastare
1200 862 1354 902 regionem
1383 873 1413 898 v,
1430 865 1461 897 4,
1486 865 1506 894 6
1540 872 1627 902 agros
1657 863 1697 900 vi,

1002 908 1034 941 2,
1052 908 1092 936 16
1114 905 1190 935 fines
1204 905 1291 945 regni
1318 904 1397 938 xxix,
1413 907 1444 940 4,
1461 907 1492 935 6.
1515 905 1578 941 xlii,
1596 909 1625 945 l,
1641 908 1661 936 2

1045 947 1180 977 Vastitas
1196 957 1335 986 agrorum
1357 947 1430 984 xxii,
1443 950 1476 985 6,
1492 950 1512 978 9

1045 990 1141 1020 Vates
1164 988 1248 1026 xviii,
1260 993 1291 1025 5,
1302 992 1333 1021 7.
1355 990 1438 1024 xxiv,
1451 992 1481 1025 S,
1495 992 1524 1020 3.
1549 1000 1618 1025 xxx,
1633 991 1664 1026 4,
1678 993 1697 1022 4

1044 1031 1215 1062 vaticinari
1236 1031 1288 1067 xii,
1305 1035 1358 1067 15,
1373 1034 1403 1062 6.
1427 1032 1530 1066 xxxiii,
1548 1035 1578 1067 1,
1596 1035 1615 1063 7

1045 1074 1148 1104 Ubera
1174 1074 1309 1114 praebere
1329 1075 1402 1115 (pro
1419 1074 1548 1114 laetare)
1570 1074 1591 1109 i,
1607 1077 1638 1110 4,
1656 1077 1696 1105 10

1003 1127 1057 1157 per
1079 1116 1171 1146 ubera
1195 1121 1330 1146 materna
1352 1116 1509 1156 deprecari
1541 1117 1602 1152 xvi,
1631 1120 1658 1152 l,
1679 1120 1693 1147 1

1002 1159 1070 1201 (Ita
1085 1159 1168 1198 apud
1183 1158 1277 1189 Ovid.
1291 1158 1502 1198 Metamorph.
1528 1169 1557 1188 x.
1580 1159 1641 1188 fab.
1663 1162 1695 1190 9.

1003 1207 1011 1219 ‘
1026 1201 1126 1231 Instat
1140 1211 1228 1237 anus,
1254 1211 1409 1240 canosque
1431 1211 1512 1235 SUOS,
1537 1205 1568 1230 et
1593 1200 1697 1231 inania

1002 1244 1123 1273 nudans
1153 1242 1265 1278 Ubera,
1289 1252 1344 1283 per
1367 1253 1462 1273 cunas
1489 1243 1696 1284 alimentaque

1000 1285 1098 1327 prima
1111 1285 1277 1326 precatur’)
1292 1283 1428 1315 Freinsh.

1045 1327 1175 1358 Uberior
1202 1328 1307 1367 praeda
1334 1326 1452 1363 xxii,5‚
1470 1330 1507 1358 11
1544 1326 1696 1357 uberrima

1000 1370 1066 1399 aeris
1081 1380 1117 1400 ac
1131 1370 1260 1410 plumbi,
1276 1373 1308 1399 et
1320 1368 1419 1405 minii,
1434 1369 1517 1408 regio
1542 1369 1615 1405 xliv,
1627 1372 1659 1405 3,
1675 1373 1694 1401 4

1043 1411 1173 1442 Ubertas
1187 1412 1299 1451 praedae
1314 1412 1394 1447 xxiV,
1405 1414 1436 1450 7,
1453 1415 1492 1442 10
1508 1412 1596 1452 sylva
1606 1413 1696 1441 uber-

999 1458 1062 1484 tate
1077 1459 1108 1484 et
1128 1453 1304 1484 amoenitate
1317 1453 1444 1494 insignis
1467 1454 1566 1489 xxxvi,
1584 1456 1616 1489 3,
1632 1456 1651 1484 3

1042 1496 1105 1526 Ubi
1131 1497 1204 1537 (pro
1228 1495 1330 1537 quod)
1367 1507 1398 1532 x,
1416 1499 1444 1531 l,
1461 1499 1481 1526 6
1516 1496 1618 1527 Vorst.
1641 1496 1695 1526 ubi

998 1538 1127 1578 primum
1149 1539 1306 1568 convaluit
1333 1538 1374 1572 ix,
1405 1541 1435 1573 3,
1452 1542 1471 1569 4
1497 1537 1548 1568 ubi
1562 1537 1692 1579 primum

997 1585 1188 1621 compertum
1203 1586 1252 1612 est
1274 1581 1374 1616 xxxiii,
1392 1584 1421 1615 5,
1441 1583 1456 1610 l

1040 1622 1165 1664 Ubique
1188 1623 1240 1659 vii,
1256 1626 1288 1658 3,
1305 1626 1334 1654 1.
1359 1623 1422 1659 viii,
1436 1626 1466 1658 5,
1478 1625 1509 1653 8.
1531 1621 1612 1658 xxiv,
1629 1624 1660 1657 3,
1673 1625 1693 1653 4

1043 1665 1200 1696 Vecordes
1222 1665 1302 1701 xxiv,
1316 1668 1346 1701 8,
1364 1667 1383 1696 3
1410 1664 1584 1695 vecordium
1611 1675 1693 1695 more

999 1707 1032 1743 ii,
1051 1709 1084 1745 7,
1101 1711 1141 1738 10

1043 1749 1196 1780 Vecordia
1217 1748 1298 1785 xxiv,
1312 1751 1344 1785 6,
1360 1751 1381 1780 9

1042 1791 1165 1822 Vectari
1180 1791 1266 1831 equis
1288 1791 1342 1829 xli,
1357 1794 1389 1827 3,
1401 1793 1422 1822 4

1041 1833 1183 1874 Vectigal
1204 1843 1339 1863 annuum
1354 1832 1622 1874 Carthaginienses
1637 1844 1691 1873 pro

999 1876 1064 1906 solo
1088 1876 1168 1906 urbis
1196 1877 1337 1916 pendunt
1358 1875 1442 1911 xviii,
1460 1880 1490 1911 5,
1508 1879 1557 1907 14.
1582 1876 1643 1911 xix,
1662 1879 1692 1911 l,

999 1920 1017 1948 3
1041 1918 1202 1949 remittitur
1227 1918 1289 1954 xix,
1305 1921 1336 1953 2,
1352 1921 1373 1949 4
1395 1917 1531 1948 Freinsb.
1556 1918 1692 1958 (sedhic

998 1960 1193 2000 Stipendium
1207 1966 1344 1990 vocatur.
1359 1959 1479 1999 Vorst.)

1040 2002 1201 2043 Vectigale
1216 2003 1318 2042 (quod
1339 2001 1482 2042 vectigal,
1509 2002 1538 2031 id
1566 2006 1623 2037 est,
1641 2002 1693 2031 tri-

997 2044 1105 2074 butum
1121 2044 1246 2085 pendit)
1277 2045 1310 2081 ii,
1325 2047 1357 2081 3,
1371 2047 1411 2076 14
1436 2044 1572 2075 Freinsh.
1598 2044 1692 2075 vecti-

996 2087 1064 2127 gale
1079 2087 1171 2118 alicui
1194 2087 1227 2122 ii,
1244 2090 1276 2122 3,
1293 2089 1333 2118 17

1039 2129 1159 2159 Vehere
1173 2128 1244 2169 (pro
1259 2128 1348 2170 vehi)
1369 2128 1411 2164 xi,
1427 2131 1458 2164 7,
1472 2130 1511 2159 13
1534 2127 1601 2168 (Ita
1616 2128 1692 2158 Sue-

995 2170 1061 2201 ton.
1088 2171 1210 2201 Domit.
1240 2171 1281 2207 xi,
1307 2174 1338 2202 3.
1374 2170 1557 2209 Quadrigar.
1591 2170 1623 2199 in
1660 2173 1690 2200 6.

995 2212 1131 2243 Freinsh.
1139 2213 1215 2243 Non
1227 2216 1236 2230 ¹
1244 2212 1376 2247 vehere,’
1384 2222 1437 2251 pro
1446 2212 1525 2246 vehi,
1536 2212 1589 2241 sed
1598 2213 1690 2241 modo

994 2255 1188 2295 participium
1196 2259 1204 2272 ‘
1215 2253 1562 2293 vehens'significatione
1571 2254 1692 2294 passiva

994 2296 1127 2338 posuit).
1142 2297 1262 2326 vehitur
1276 2296 1348 2326 illuc
1363 2306 1445 2325 mare
1457 2300 1522 2325 toto
1538 2296 1688 2326 undarum

995 2348 1087 2368 onere
1123 2339 1164 2374 iv,
1193 2341 1223 2373 l,
1251 2341 1267 2369 1
1305 2338 1422 2368 vehunt
1450 2348 1554 2368 amnes
1582 2347 1689 2367 aurum

994 2380 1067 2415 xliv,
1085 2383 1115 2416 l,
1127 2383 1146 2411 7
1171 2380 1274 2415 Vorst.

1036 2421 1223 2453 Vehiculum
1238 2433 1244 2451 :
1268 2422 1372 2452 clauso
1386 2421 1528 2452 vehiculo
1544 2431 1598 2461 per
1613 2431 1687 2451 noc-

994 2468 1057 2493 tem
1071 2469 1246 2505 exportatus
1268 2463 1309 2499 xi,
1328 2467 1379 2500 15,
1395 2467 1414 2495 3
1438 2464 1469 2493 in
1485 2463 1626 2494 vehiculo
1645 2463 1686 2498 xi,

996 2509 1048 2541 15,
1063 2510 1082 2537 5
1117 2507 1260 2538 vehicula
1295 2506 1397 2543 xxxiv,
1422 2508 1454 2542 2,
1483 2508 1501 2537 3
1538 2504 1687 2536 vehiculis

994 2548 1100 2578 induci
1121 2548 1198 2586 xliii,
1211 2551 1243 2584 4,
1255 2551 1276 2579 6

1036 2590 1095 2620 Vel
1119 2591 1192 2631 (pro
1214 2591 1333 2627 saltem,
1348 2588 1546 2629 minimum):
1572 2589 1597 2619 si
1623 2599 1687 2619 non

993 2632 1151 2670 militibus,
1166 2633 1215 2664 vel
1237 2633 1303 2674 ipse
1319 2632 1377 2663 sibi
1402 2637 1507 2674 parcat
1528 2631 1580 2668 xii,
1597 2634 1628 2668 8,
1647 2635 1685 2663 15

993 2674 1130 2705 Freinsh.

1036 2717 1221 2748 Velamenta
1240 2716 1262 2753 i,
1279 2719 1311 2753 2,
1327 2719 1358 2747 3.
1380 2715 1413 2752 ii,
1430 2718 1459 2752 1,
1475 2719 1496 2747 6

1035 2759 1165 2797 Velatus
1179 2759 1362 2790 ornamentis
1384 2769 1434 2794 xx,
1447 2761 1480 2793 2.
1495 2761 1516 2789 4

1036 2801 1143 2832 Velle:
1159 2802 1225 2832 urbi
1239 2801 1412 2832 consultum
1424 2810 1490 2830 esse
1500 2799 1579 2831 velle
1602 2799 1687 2837 xviii,

993 2847 1026 2880 6,
1041 2847 1059 2875 4
1084 2854 1122 2875 ne
1137 2844 1243 2875 volens
1257 2844 1381 2885 quidem
1402 2842 1513 2880 xxxvii,
1527 2846 1559 2880 2,
1576 2846 1596 2874 6

889 2897 961 2928 Ind.
977 2895 1064 2928 Just.
1582 2903 1598 2925 ε
