2101 3419
165 1826 169 1828 ῃ
214 1787 298 1818 Mss.
326 1786 473 1828 quidam.

564 338 760 372 Jusrmr
793 340 888 372 mn.
921 339 1072 372 xxm.
1103 340 1208 373 cAP.
1239 331 1283 373 4.

208 435 242 466 in
254 443 429 475 agros,pr0
441 433 548 465 libero
560 442 633 464 esse
646 433 794 465 sineret!
804 433 903 466 Rern.

210 485 325 516 Plaut.
342 486 451 517 Mem.
464 493 516 515 ιν.
532 487 562 516 3.
579 486 632 515 26.
654 483 664 501 ‘
680 485 788 523 Urges
809 484 902 525 quasi

209 543 270 575 pro
296 533 421 565 noxio.'
463 533 534 565 Liv.
564 543 607 565 ιι.
635 536 688 565 62.
710 536 720 551 ‘
744 533 813 564 Cur
840 543 901 574 pro

208 585 299 615 victo
323 584 532 624 relinqueret
560 582 716 615 hostem.’
760 584 849 614 Caes.
866 592 901 614 v.

207 634 249 665 B.
266 634 309 665 G.
323 636 354 665 S.
376 634 385 649 ‘
402 633 494 664 Nihil
508 633 608 668 hunc,
620 642 656 664 se
670 632 823 673 absente,
840 642 901 674 pro

208 694 288 716 sano
303 683 473 714 facturum
490 681 700 714 arbitratus.’
725 683 824 713 Gron.

251 735 268 774 ξ
287 736 326 764 10
349 733 434 764 Socii
447 732 485 763 ab
499 742 532 763 eo
556 732 746 772 defecerunt]
769 732 902 764 Partim

207 784 248 815 ad
276 782 582 823 Carthaginienses,
606 782 726 823 partim
753 782 795 813 ad
827 782 904 813 Ma-

207 834 379 865 mertinos.
423 833 518 864 Plut.
535 832 657 872 Pyrrh.
673 835 725 863 52.
749 833 849 864 Bern.

251 885 269 924 ᾗ
296 886 333 914 11
360 883 427 914 Nec
452 882 486 913 in
510 882 624 923 Italia]
647 883 782 913 Praeter
807 883 902 914 Plut.

207 934 275 974 leg.
294 933 383 964 Flor.
398 942 422 963 1.
440 935 491 963 18.
516 932 615 964 Oros.
632 942 682 965 ιν.
699 936 730 964 2.
747 937 783 964 et
798 933 904 964 Fron-

208 984 269 1015 tin.
283 992 335 1016 ιν.
352 986 381 1014 l.
399 985 451 1014 13.
474 992 529 1023 ap.
556 992 654 1024 quem
676 992 738 1023 pro
758 982 904 1014 Statuen-

209 1038 287 1074 tum,
320 1034 410 1075 quod
441 1038 477 1065 et
512 1034 596 1065 Mss.
627 1038 828 1074 agnoscunt,
860 1042 903 1064 ex

208 1084 300 1116 Plut.
316 1083 436 1124 Pyrrh.
453 1085 504 1115 54.
526 1083 660 1124 legend.
681 1084 904 1115 Beneventum.

208 1135 334 1166 Victus
346 1139 458 1165 antem
474 1143 595 1173 magno
614 1134 734 1174 proelio
751 1143 771 1164 a
786 1133 903 1165 Manio

211 1184 314 1216 Curio
329 1184 479 1215 consule.
503 1184 607 1223 Bong.

251 1235 292 1266 In
302 1233 487 1275 exemplum]
500 1235 538 1265 F.
549 1234 632 1265 inter
640 1233 789 1274 exempla.
814 1232 904 1264 Plin.

211 1293 343 1316 xxvm.
366 1284 413 1315 N.
429 1284 473 1315 H.
489 1286 520 1314 9.
543 1284 551 1300 ‘
568 1284 654 1314 Sunt
678 1283 769 1314 inter
791 1291 904 1313 exem-

211 1336 280 1376 pla,
310 1335 367 1376 qui
397 1335 564 1366 asininum
593 1334 739 1365 bibendo
767 1331 904 1363 liberati

211 1389 290 1417 sunt
305 1385 454 1426 podagra
468 1383 687 1425 chiragrave.’
712 1384 812 1415 Gron.

255 1436 273 1475 ᾧ
290 1437 329 1466 12
352 1435 466 1473 Rebus,
482 1434 550 1474 ξω]
573 1434 652 1466 Sall.
666 1434 758 1465 Hist.
772 1434 905 1473 Fragm.

212 1494 262 1516 vr.
280 1487 331 1516 13.
355 1485 364 1502 ‘
383 1485 496 1516 Rebus
512 1494 614 1525 supra
637 1489 749 1515 votum
772 1482 907 1514 fluenti-

212 1534 301 1566 bus.'
325 1534 513 1576 Symmach.
527 1545 551 1566 1.
565 1536 627 1575 Ep.
638 1538 691 1566 21
709 1535 907 1574 ‘Supravo-

211 1589 283 1615 tum
297 1583 433 1615 fortuna
446 1584 566 1616 fluxit!
601 1584 762 1616 Menand.
773 1585 907 1624 Fragm.

214 1637 288 1666 172.
310 1633 473 1674 Αὖτόματα
494 1635 555 1676 ’γὰρ
578 1635 618 1667 τὰ
638 1634 792 1676 πράγματ’
808 1633 858 1666 ἐπὶ
870 1633 907 1664 τὸ

213 1682 366 1725 συμφέρον
378 1684 449 1716 Ῥεῖ.

254 1734 483 1776 Adstruscerat]
499 1734 598 1775 Vulg.
611 1737 801 1774 attraxerat,
815 1737 849 1765 et
860 1733 908 1765 ita

530 1785 620 1817 Illud
658 1786 759 1823 malo,
792 1786 908 1816 statim

213 1836 315 1877 enim,
334 1837 343 1854 ‘
359 1835 562 1873 destruens‚’
584 1836 706 1877 iuquit,
732 1836 742 1853 ‘
761 1845 836 1877 quae
852 1844 908 1865 cu-

212 1886 425 1918 mulaverat!
478 1887 560 1918 Tac.
589 1885 655 1927 Ag.
684 1889 735 1917 44.
761 1889 794 1917 5.
828 1886 838 1903 ‘
863 1886 908 1916 Et

213 1937 441 1968 consularibus
466 1947 505 1968 ac
531 1936 789 1976 triumphalibus
811 1945 908 1966 orna-

212 1988 336 2019 mentis
351 1987 495 2028 praedito
518 1987 595 2028 quid
621 1987 709 2018 aliud
730 1986 908 2018 adstruere

213 2036 351 2069 fortuna
368 2041 504 2078 poterat
515 2036 538 2068 ?’
559 2037 716 2077 Bongars.
751 2036 808 2067 Ita
818 2036 906 2067 Vell.

212 2096 255 2119 11.
272 2091 325 2119 55.
360 2088 371 2104 ⁴
386 2088 507 2119 Victus
524 2097 543 2117 a
565 2087 700 2118 Caesare
716 2086 908 2117 Pharnaces

212 2137 270 2168 vix
287 2131 465 2179 quicquam
484 2136 598 2178 gloriae
621 2137 693 2178 ejus
714 2134 907 2167 adstruxit!

212 2188 301 2219 Plin.
330 2188 460 2229 Paneg.
486 2190 539 2219 62.
574 2188 584 2204 ‘
612 2187 683 2218 Sibi
710 2194 909 2217 accrescere

213 2241 326 2279 putat,
348 2237 435 2278 quod
461 2237 580 2279 cuique
610 2235 843 2268 adstruaturz'
874 2239 909 2266 et

213 2290 268 2319 74.
291 2288 301 2305 ‘
322 2287 416 2319 Nihil
446 2286 603 2318 felicitati
633 2297 701 2318 suae
729 2289 827 2326 putat
852 2285 909 2316 ad-

215 2338 298 2369 strui
315 2337 438 2378 posse.'
455 2338 588 2369 Bernec.
624 2336 841 2377 Antiquiores
858 2340 910 2377 ty·

164 2390 168 2393 “
215 2388 268 2429 pis
290 2397 387 2428 expr.
404 2390 591 2419 attraxerat.
634 2386 701 2418 Sed
723 2387 831 2426 Bong.
856 2395 909 2417 re-

216 2438 355 2478 scripsit
381 2439 590 2469 adstruxerat.
646 2435 746 2469 Quod
781 2435 847 2467 etsi
877 2436 910 2466 in

215 2488 298 2519 Mss.
313 2488 480 2529 reperisse
493 2497 529 2519 se
542 2497 608 2518 non
622 2485 813 2527 profitetur,
827 2485 910 2516 illud

216 2541 331 2568 tamen
358 2547 424 2568 non
450 2536 720 2577 repudiaverim3
743 2536 797 2566 vel
825 2535 910 2566 hanc

217 2587 260 2618 ob
273 2596 419 2627 causam,
433 2587 522 2628 quod
537 2586 655 2628 aliquis
668 2585 742 2617 cod.
752 2586 818 2617 Ms.
833 2585 908 2616 eod.

217 2641 305 2669 teste
319 2639 422 2670 habet
436 2641 605 2669 struxerat.
647 2637 820 2669 Adstruere
836 2645 910 2677 pro,

217 2687 416 2728 adjungere,
438 2689 573 2729 elegans
591 2692 657 2720 est.
700 2687 777 2718 Vid.
800 2688 909 2719 Notas

218 2738 434 2769 Bernecceri.
460 2739 534 2770 Vor.

262 2787 347 2819 CAP.
363 2796 414 2819 ιν.
440 2789 456 2829 ξ
478 2791 498 2819 4
523 2788 643 2829 Quippe
660 2786 800 2827 genitus]
824 2787 909 2819 Quae

219 2837 275 2869 hic
291 2838 334 2869 de
357 2837 508 2869 Hierone
523 2837 726 2878 referuntur,
749 2838 834 2869 citat
850 2837 910 2868 Sa·

220 2890 308 2922 resb.
336 2890 457 2922 Policr.
488 2901 513 2922 1.
545 2893 595 2923 13.
647 2892 704 2923 De
726 2900 766 2922 eo
793 2890 910 2922 Plaut.

1566 330 1650 372 921

953 434 1100 465 Menaec.
1114 441 1154 466 11.
1170 437 1201 466 3.
1218 438 1270 466 59.
1295 435 1401 473 Bong.

995 483 1194 524 Hieroclyto]
1230 484 1328 515 Paul.
1360 484 1569 525 Leopardus,
1606 486 1650 517 E-

952 533 1065 565 meud.
1082 543 1175 565 xvrr.
1191 536 1241 564 10.
1256 540 1371 565 monet
1387 535 1521 574 legend.
1539 535 1652 566 Hiero-

952 585 1017 614 cle.-
1040 588 1076 614 et
1099 583 1147 614 ita
1170 584 1272 615 Paus.
1288 594 1337 615 vr.
1354 594 1386 625 p.
1402 588 1478 616 365.
1496 588 1545 616 12.
1569 586 1651 616 Ber-

951 644 1016 665 nec.
1067 633 1236 674 Leopard.
1267 639 1302 666 et
1331 635 1474 666 Casaub.
1506 636 1652 666 Hierocle

952 682 1058 714 nobili.
1095 683 1220 713 Veram
1237 683 1439 724 scripturam
1456 684 1559 715 credo
1574 684 1652 715 Hie-

952 733 1032 763 rocle
1057 732 1185 773 inclyto,
1211 736 1248 764 et
1273 733 1367 764 nobili
1392 743 1464 764 esse
1495 734 1650 774 glossam.

952 782 1058 821 Schef.

996 833 1152 864 Hierocle.
1177 833 1302 864 Gelone.
1319 833 1517 873 Pudemlum]
1535 833 1575 864 In
1588 834 1654 874 pri-

952 893 1019 923 mo,
1041 888 1077 914 et
1093 884 1254 923 secundo,
1277 889 1411 915 secutus
1429 894 1499 915 sum
1517 889 1652 915 senten-

952 933 1033 964 tiam
1050 934 1219 974 Leopardi
1241 938 1277 965 et
1297 934 1537 966 auctoritatem
1559 935 1652 965 Pau-

953 982 1069 1014 saniae.
1115 983 1155 1014 In
1174 983 1289 1023 tertio,
1310 984 1391 1014 mihi
1406 984 1545 1025 praeivit
1568 984 1652 1015 Ber-

952 1042 1048 1064 necc.
1094 1032 1312 1064 Pudibundum
1336 1033 1425 1064 enim
1450 1033 1483 1065 h.
1505 1034 1527 1064 l.
1553 1034 1652 1065 vitio-

954 1092 1039 1113 sum.
1063 1081 1177 1114 Faber.
1220 1082 1330 1113 Faber
1345 1088 1381 1114 et
1397 1082 1499 1124 Angli
1517 1093 1655 1124 recepe-

954 1136 1034 1163 runt
1047 1132 1169 1163 merito
1185 1132 1341 1170 Hierocle,
1363 1134 1517 1174 quamvis
1532 1133 1573 1164 ad
1580 1143 1652 1164 ver-

954 1186 1071 1214 sentur
1090 1182 1179 1213 libri.
1205 1183 1312 1214 Groev.

995 1232 1024 1264 A
1044 1233 1135 1273 Gelo]
1160 1233 1300 1264 Rectius
1320 1243 1339 1264 a
1356 1233 1482 1265 Getone.
1506 1235 1652 1265 Bernec.

954 1283 1039 1316 Quis
1064 1283 1197 1315 dubitet
1224 1283 1359 1324 legend.
1380 1293 1453 1315 esse
1476 1294 1495 1315 α
1513 1282 1653 1315 Gelone?

953 1333 1073 1365 Vorst.
1118 1334 1233 1365 Vorst.
1260 1344 1280 1364 α
1303 1334 1431 1372 Getone,
1456 1343 1567 1375 neque
1593 1333 1654 1364 du·

954 1383 1083 1415 bitand.
1127 1383 1180 1414 Ex
1196 1383 1339 1414 Casaub.
1362 1383 1468 1422 Schef.

998 1434 1016 1474 ξ
1043 1436 1061 1463 5
1094 1433 1286 1473 Maternum,
1313 1433 1383 1473 gc]
1417 1434 1539 1464 Zonar.
1568 1442 1652 1465 vrri.

956 1483 1080 1515 Annal.
1096 1487 1128 1516 6.
1149 1485 1189 1515 ‘O
1203 1483 1238 1514 δέ
1250 1495 1289 1522 ’γε
1300 1482 1401 1525 Ἱέρων
1415 1484 1484 1515 οὔτε
1506 1483 1654 1524 πατρόθεν

956 1532 1130 1574 ἐπιφάνειαν
1142 1532 1224 1573 ἔχων
1235 1533 1314 1573 τινὰ,
1326 1534 1473 1575 μητρόθεν
1483 1533 1515 1565 δὲ
1526 1533 1576 1565 καὶ
1589 1536 1655 1565 δου-

955 1583 1024 1625 λείᾳ
1038 1583 1209 1625 προσήκων,
1231 1584 1373 1617 Σικελίας
1388 1583 1508 1623 ἁπάσης
1522 1584 1591 1626 ἦρξε
1605 1597 1653 1624 μι-

956 1646 1039 1676 Κρου-

1000 1684 1236 1725 Pudibundum]
1250 1684 1366 1715 Malim
1376 1686 1562 1725 pudendum.
1585 1684 1653 1716 Sed

957 1736 991 1767 in
1017 1736 1079 1767 hoc
1107 1735 1267 1766 librorum
1294 1744 1457 1767 consensu
1473 1736 1553 1766 nihil
1581 1745 1653 1766 mu-

958 1786 1051 1818 tand.
1095 1786 1152 1817 Sic
1178 1786 1304 1816 Lucan.
1331 1786 1449 1825 Eclog.
1471 1785 1513 1816 ad
1537 1785 1654 1816 Pison.

958 1846 1005 1868 vs.
1022 1837 1094 1866 114.
1127 1837 1137 1853 ‘
1167 1834 1381 1876 pudibundos
1410 1834 1512 1866 sales'
1542 1840 1653 1873 vocat,

957 1895 1099 1927 quorum
1115 1886 1243 1926 pudere
1259 1885 1402 1927 aliquem
1413 1886 1550 1918 debeat.
1577 1886 1655 1918 Alia

958 1936 1093 1967 notione
1109 1944 1269 1966 xxxvnl.
1296 1938 1327 1966 8.
1350 1938 1402 1966 15.
1426 1937 1436 1953 ‘
1454 1937 1539 1969 Quae
1564 1937 1656 1967 omni

958 1984 1070 2016 studio
1108 1984 1314 2016 occultanda
1354 1985 1551 2026 pudibundo
1581 1987 1654 2018 viro

958 2033 1078 2066 erant!
1094 2035 1225 2065 Bernec.
1270 2034 1394 2066 Melius
1409 2036 1505 2068 sunt.
1522 2040 1559 2068 ut
1575 2046 1656 2067 con-

952 2085 1088 2126 jecerat
1117 2085 1160 2116 cl.
1187 2085 1352 2117 Bernecc.
1379 2087 1552 2127 pudendum
1571 2086 1654 2125 fuit.

959 2135 1075 2167 GraeV.

1001 2187 1018 2226 ς
1032 2188 1052 2217 7
1074 2186 1168 2226 Apes,
1181 2189 1338 2225 congesto,
1353 2186 1422 2227 Sym]
1445 2185 1499 2218 Id.
1516 2186 1557 2217 de
1572 2186 1655 2218 Pin-

958 2236 1041 2268 daro
1056 2235 1163 2268 refert
1178 2236 1299 2268 AElian.
1318 2237 1360 2267 V.
1378 2237 1426 2269 H.
1449 2246 1516 2268 xn.
1540 2239 1593 2268 45.
1617 2242 1655 2268 et

959 2287 1001 2319 de
1015 2288 1103 2320 Jove
1125 2287 1222 2318 Serv.
1237 2287 1281 2318 ad
1298 2287 1393 2328 Virg.
1414 2287 1489 2319 AEn.
1506 2296 1561 2318 111.
1580 2290 1655 2318 104.

960 2339 1060 2370 Bern.

1002 2389 1054 2428 §8
1077 2387 1251 2418 Pan-ulum
1265 2386 1435 2427 recolligit]
1458 2387 1555 2419 Junt.
1569 2388 1656 2418 coue-

956 2438 1018 2478 gz't.
1063 2437 1174 2468 Paulo
1191 2442 1270 2467 ante
1286 2446 1348 2476 pro
1364 2437 1546 2478 Hieroclyto
1561 2441 1654 2467 recte

960 2487 1154 2528 Leopardst
1147 2497 1181 2517 m
1204 2486 1345 2517 Emend.
1373 2491 1409 2516 et
1435 2485 1579 2517 Casaub.
1611 2486 1654 2517 ad

960 2539 1101 2579 Dionys.
1136 2536 1371 2575 emendarunt,
1397 2536 1563 2568 Hierocle.-
1597 2537 1654 2578 qui

959 2593 996 2620 et
1010 2600 1028 2620 α
1049 2589 1165 2619 Getone
1179 2586 1314 2627 legend.
1331 2586 1470 2617 censuit.
1506 2587 1619 2627 Vulgo
1635 2597 1655 2618 a

961 2640 1051 2671 Gelo.
1069 2638 1187 2670 Graev.
1228 2636 1342 2668 Simile
1358 2636 1441 2667 illud
1455 2635 1487 2666 in
1503 2636 1654 2667 Graecis:

959 2688 1086 2720 Matth.
1104 2696 1189 2719 xxv.
1205 2689 1258 2718 35.
1282 2684 1373 2718 Ξένος
1389 2685 1469 2725 ἤμην
1493 2685 1544 2716 καὶ
1566 2696 1655 2724 oum,-

958 2737 1076 2778 γάγετέ
1087 2750 1135 2777 με.
1180 2736 1247 2768 Ubi
1273 2734 1414 2775 συνάγειν
1435 2740 1486 2767 est
1509 2736 1656 2777 recipere,

958 2789 1129 2828 suscipere.-
1154 2784 1321 2827 quomodo
1345 2785 1430 2817 etin
1445 2785 1598 2817 versione
1612 2795 1653 2817 11.

960 2839 1048 2870 Sam.
1067 2845 1118 2868 xr.
1135 2839 1188 2868 27.
1216 2835 1289 2867 Vor.

1003 2890 1020 2929 ς
1050 2891 1071 2919 9
1105 2888 1228 2926 Eidem,
1255 2885 1323 2926 ξω]
1351 2885 1458 2918 Eand.
1482 2886 1653 2918 historiam
