2174 3424
599 359 793 390 JUS'l'lNl
831 360 921 389 mn.
955 360 1003 388 x.
1038 361 1142 389 cm».
1175 351 1212 390 1.

196 460 278 486 tum.
324 456 375 486 De
403 455 453 485 liis
491 454 579 485 Plin.
614 454 741 493 Paneg.
781 462 809 483 c.
834 456 886 483 85.

193 509 202 523 ‘
221 508 303 537 Cum
317 506 466 546 plurimis
478 504 633 535 amicitiis
647 503 781 534 fortuna
798 503 887 543 prin-

193 555 278 595 cipis
296 555 460 594 indigeat,
474 554 680 594 proecipuum
696 559 748 583 est
764 552 887 592 princi-

190 604 244 644 pis
259 614 342 645 opus
358 603 480 634 amicos
496 602 639 644 parare!
685 603 730 633 Et
741 603 820 633 Tac.
836 602 883 633 H.

190 663 242 685 xv.
258 656 290 685 7.
319 654 329 671 ‘
346 654 485 685 Nullum
510 653 619 693 majus
646 652 725 683 boni
750 652 884 692 imperii

188 704 563 744 instrumentum,quam
580 702 659 733 boni
670 702 777 733 amici.
804 703 883 733 Non

188 753 276 784 enim
293 753 476 793 exercitus,
491 763 602 793 neque
617 753 780 792 thesauri,
795 763 882 792 prae-

188 802 273 833 sidia
287 803 385 842 regni
401 808 490 842 sunt,
505 812 620 833 verum
647 802 769 841 amici,’
796 802 883 833 Mic-

186 851 260 892 ipsa
280 852 397 892 judice
421 862 474 892 ap.
499 853 579 883 Sall.
599 852 655 885 Ju.
672 855 723 884 10.
739 857 769 885 5.
805 852 884 884 Alia

186 903 293 942 regiae
334 903 490 934 amicitiae
519 903 675 943 exempla
702 906 793 941 sunt,
821 901 881 934 inf.

187 961 275 983 xxx.
294 956 324 984 1.
344 956 375 984 3.
398 958 434 984 et
458 962 584 984 xxxw.
599 955 629 983 3.
646 955 678 983 3.
715 953 823 983 Porro
839 952 880 983 de

185 1002 236 1032 his
253 1002 262 1019 ‘
276 1002 392 1033 amicis
403 1002 668 1042 comitibusque'
684 1002 879 1042 Principum

186 1051 411 1088 exactissime,
441 1055 480 1082 ut
509 1051 630 1090 omnia,
657 1052 798 1082 Salmas.
836 1051 880 1083 ad

184 1100 357 1140 Spartiani
381 1100 546 1131 Hadrian.
571 1110 647 1140 cap.
671 1104 724 1132 18.
766 1101 878 1142 Junge

184 1149 278 1190 Lips.
296 1150 379 1181 Not.
394 1152 447 1182 29.
463 1150 504 1180 ad
522 1159 571 1180 vr.
586 1148 628 1180 A.
642 1150 763 1181 Taciti.
787 1151 865 1181 Ber.

227 1198 377 1239 Nolebat]
406 1198 515 1230 Sebis.
530 1199 602 1230 vult
616 1199 746 1238 volebat,
761 1205 798 1230 ut
813 1200 877 1231 sibi

183 1254 316 1280 constet
326 1250 513 1281 antithesis.
526 1249 706 1281 Berneccer.
724 1250 875 1290 Optime.

185 1300 365 1340 Philippus
384 1301 582 1332 consiliariis
598 1305 633 1332 et
646 1300 788 1332 ducibus
811 1301 877 1332 suis

183 1351 324 1382 multum
341 1351 523 1390 tribuebat,
547 1351 746 1391 illorumque
770 1351 877 1382 consi-

182 1400 264 1431 lium
287 1406 323 1431 et
343 1401 580 1432 auctoritatem
603 1401 638 1431 in
663 1402 812 1442 gerenda
827 1411 877 1433 re-

182 1451 320 1491 publica
336 1461 426 1492 saepe
439 1451 664 1492 seqnebatur3
682 1450 876 1482 Alexander

183 1510 263 1532 vero
286 1502 374 1532 solus
397 1503 509 1533 omnia
530 1502 800 1542 administrabat,
823 1512 876 1533 su-

183 1551 356 1592 perbeque
385 1561 424 1583 ac
454 1552 638 1583 crudeliter
667 1552 701 1582 in
739 1561 809 1591 eos,
837 1557 876 1583 ut

183 1601 320 1642 Clitum,
333 1602 604 1638 Parmenionem,
618 1601 802 1642 Philotam,
817 1601 876 1632 ali-

181 1661 298 1692 osque,
312 1652 519 1684 consulebat.
547 1653 653 1684 Graev.

229 1701 370 1741 Volebat]
399 1701 466 1733 Hic
479 1711 593 1733 sensus
610 1702 733 1734 Justini
746 1707 796 1734 est
813 1713 874 1743 per

180 1751 450 1791 oppositionem:
474 1752 663 1792 Philippus,
686 1753 742 1793 qui
766 1753 872 1784 civilis

179 1800 338 1840 princeps
362 1806 464 1839 esset,
484 1811 558 1832 cum
585 1801 701 1832 amicis
729 1806 874 1842 potesta-

179 1855 248 1880 tem
264 1850 510 1891 participabat;
536 1850 729 1882 Alexander
745 1856 873 1893 contra,

178 1899 232 1940 qui
271 1900 441 1931 comitatis
471 1900 706 1932 Macedonicae
747 1901 871 1932 oblitus

178 1952 281 1988 esset,
296 1958 406 1979 merus
422 1958 482 1980 rex
496 1953 581 1989 erat,
597 1949 698 1980 durus
713 1950 824 1989 homo,
836 1957 872 1982 et

177 1998 235 2039 qui
251 1999 430 2039 apologum
446 1999 539 2030 illum
564 1999 680 2040 AEsopi
705 2000 746 2030 de
774 2001 870 2032 leone

176 2048 270 2079 nimis
287 2049 436 2080 studiose
458 2049 600 2089 legerat.
645 2049 758 2081 Aliter
781 2051 870 2081 hunc

175 2099 198 2129 l.
221 2099 360 2139 legebat
376 2099 485 2130 Sebis.
502 2099 564 2139 vir,
588 2103 625 2130 ut
646 2100 770 2140 pluries
788 2100 870 2137 dixi,

174 2147 365 2189 ingeniosus
379 2162 387 2189 ;
404 2149 463 2180 sed
479 2149 660 2190 explicatio
674 2155 790 2181 nostra
803 2160 870 2181 om-

175 2209 251 2230 nem
267 2199 485 2231 mutationem
509 2199 672 2231 excludit.
717 2201 870 2241 Legebat

172 2249 229 2279 ille
253 2249 382 2280 nolebat.
411 2249 531 2281 Faber.
597 2249 706 2297 Sebis.
735 2251 868 2291 legend.

172 2302 274 2338 putat
300 2298 440 2331 volebat.-
472 2298 574 2340 idque
614 2300 700 2332 adeo
743 2301 867 2341 probat

1554 349 1636 390 771

942 454 1055 484 Graev.
1082 457 1117 484 ut
1145 454 1314 494 receperit
1336 453 1531 485 intextum.
1576 453 1638 484 Ni-

939 503 1059 532 mirum
1076 513 1193 533 sensus
1210 504 1289 543 ipsis
1306 509 1358 534 est
1374 504 1463 534 visus
1481 503 1533 534 hic
1550 512 1638 543 esse,

941 552 1030 592 quod
1062 552 1239 593 Philippus
1268 563 1333 583 uon
1362 554 1463 591 solus,
1489 553 1546 584 sed
1572 563 1637 584 una

939 611 1013 633 cum
1029 603 1156 642 amicis,
1172 612 1312 642 regnare
1330 603 1487 641 voluerit,
1504 608 1539 633 et
1556 603 1637 633 ami—

938 652 1044 682 cosin
1061 652 1156 692 regni
1181 653 1274 693 quasi
1299 651 1496 683 societatem
1521 662 1634 683 susce-

937 701 1037 740 perit.
1082 701 1168 732 Mihi
1199 707 1311 733 tamen
1341 702 1466 732 rectius
1498 702 1634 734 videtur

936 752 1069 792 nolebat,
1084 752 1173 793 quod
1190 752 1223 783 in
1246 752 1490 792 antiquioribus
1512 756 1576 792 est,
1600 757 1637 784 et

937 802 978 833 ab
994 802 1067 842 ipso
1083 803 1192 842 Bong.
1209 807 1247 834 ut
1268 803 1301 833 in
1326 803 1408 834 Mss.
1425 813 1559 844 quoque
1576 803 1634 834 ob-

936 857 1118 892 servatum,
1138 857 1310 884 retentum
1335 856 1397 883 est.
1440 853 1525 883 Vult
1552 862 1635 884 sane

936 900 1066 933 Auctor
1082 902 1233 943 Philippi
1250 907 1286 934 et
1300 901 1487 933 Alexandri
1504 912 1636 933 morum

935 951 1165 983 diversitatem
1179 962 1364 993 exponere.
1394 953 1478 984 Cum
1493 962 1573 992 ergo
1589 953 1633 983 de

934 1001 1131 1033 Alexandro
1144 1012 1204 1044 per
1217 1001 1474 1033 affirmationem
1485 1001 1634 1033 scribere

933 1052 1048 1092 vellet,
1063 1052 1072 1069 ‘
1091 1052 1204 1082 Hicin
1221 1052 1344 1083 amicos
1366 1061 1470 1092 regna
1493 1061 1634 1083 exerce-

934 1101 1015 1141 bats
1046 1102 1089 1132 de
1119 1101 1281 1142 Philippo
1311 1101 1448 1133 videtur
1483 1102 1632 1133 scribere

932 1151 1075 1182 voluisse
1098 1161 1159 1191 per
1176 1151 1404 1192 negationem,
1420 1151 1564 1190 Regnare
1578 1152 1632 1183 ille

931 1210 999 1231 cum
1022 1202 1131 1232 amicis
1157 1202 1288 1232 nolebat.
1332 1201 1401 1232 Sed
1426 1201 1630 1232 observand-

931 1251 940 1267 ‘
956 1260 1031 1282 cum
1046 1251 1178 1282 amicis’
1202 1260 1276 1282 esse
1290 1260 1366 1291 pro,
1378 1251 1467 1291 apud
1485 1251 1632 1290 amicos;

932 1305 967 1332 et
992 1310 1123 1332 sensum
1144 1311 1229 1341 esse,
1255 1300 1343 1341 quod
1372 1300 1549 1340 Philippus
1574 1310 1630 1341 ap.

931 1350 1067 1389 amicos,
1082 1350 1102 1381 i.
1120 1360 1149 1381 e.
1164 1349 1370 1381 consiliarios
1383 1359 1470 1389 suos,
1485 1359 1629 1390 regnare

929 1400 1086 1440 noluerit,
1106 1410 1214 1441 neque
1241 1399 1430 1440 potentiam
1457 1410 1550 1431 suam
1578 1409 1630 1430 re-

929 1451 1017 1490 giam
1028 1460 1080 1491 ap.
1090 1450 1183 1481 eosd.
1196 1449 1434 1489 ostentaverit,
1445 1454 1502 1480 aut
1513 1460 1629 1491 quem-

930 1509 1030 1540 quam
1046 1509 1163 1531 eorum
1181 1498 1406 1531 interfecerit.
1454 1501 1532 1530 Cum
1556 1509 1628 1541 pro,

930 1550 1032 1591 apud,
1045 1550 1207 1581 usitatiss.
1250 1550 1301 1580 Ut
1326 1549 1335 1566 ‘
1353 1549 1450 1590 queri
1474 1559 1550 1580 cuin
1566 1550 1628 1581 ali-

930 1611 995 1642 quo
1006 1601 1014 1614 '
1031 1611 1102 1642 pro,
1117 1601 1211 1642 queri
1227 1600 1317 1641 apud
1338 1601 1493 1640 aliquem.
1524 1602 1628 1634 Vorst.

933 1652 1058 1684 Volebat
1070 1651 1172 1692 Angli
1188 1661 1322 1693 quoque
1336 1651 1493 1692 probant.
1514 1653 1623 1684 Groev.

970 1703 987 1742 ξ
1011 1704 1052 1732 20
1075 1701 1232 1732 Parcendz·
1253 1701 1344 1731 victis
1357 1701 1429 1741 filio
1452 1702 1572 1732 unimus
1594 1707 1626 1733 et

924 1751 1074 1791 promtior
1088 1755 1117 1782 et
1133 1750 1301 1790 honestior]
1337 1750 1429 1782 Sich.
1454 1756 1488 1782 et
1507 1751 1625 1782 Colon-

927 1802 1004 1834 edd.
1030 1802 1183 1834 additum
1210 1802 1349 1841 habent,
1377 1803 1435 1833 Ille
1459 1813 1512 1834 nec
1536 1804 1627 1835 sociis

925 1852 1119 1883 abstinebat:
1141 1856 1179 1883 ut
1200 1853 1283 1883 adeo
1308 1853 1363 1883 hic
1385 1862 1518 1894 quoque
1536 1855 1626 1893 patri

926 1908 962 1934 et
988 1903 1057 1934 filio
1084 1903 1218 1934 diversa
1247 1903 1373 1934 tributa
1404 1903 1481 1935 sint.
1522 1905 1625 1939 Vorst.

924 1953 1020 1984 Junt.
1050 1952 1204 1983 Pareemli
1232 1952 1325 1983 victis
1343 1952 1418 1993 filio
1442 1953 1564 1983 animus
1593 1954 1624 1983 et

920 2002 1074 2041 promtior
1088 2005 1118 2033 et
1134 2002 1300 2042 honestior,
1315 2003 1366 2033 ille
1386 2012 1438 2033 nec
1450 2002 1542 2033 sociis
1557 2002 1625 2032 ubs-

924 2051 1064 2082 tz'nebat:
1087 2052 1176 2092 quod
1201 2057 1236 2083 et
1258 2053 1292 2082 in
1320 2052 1411 2084 Sich.
1437 2057 1472 2083 et
1500 2053 1620 2083 Colon.

924 2101 977 2133 ed.
1000 2101 1066 2141 legi
1095 2106 1214 2133 auctor
1238 2107 1290 2132 est
1312 2103 1426 2133 Vorst.
1470 2103 1515 2133 Et
1542 2112 1623 2133 sane

924 2151 1100 2192 requirunt
1117 2151 1179 2181 hoc
1202 2151 1309 2191 patris
1336 2155 1372 2182 et
1393 2151 1454 2182 filii
1480 2152 1622 2183 virtutes

923 2205 959 2232 et
974 2200 1057 2231 vitia
1072 2205 1239 2241 perpetuo
1263 2201 1327 2234 sibi
1350 2202 1477 2234 collata
1505 2207 1540 2233 et
1565 2212 1625 2243 op,

924 2253 1047 2293 posita.
1074 2253 1180 2286 Groev.

716 2550 934 2599 LIBER
980 2551 1057 2598 X.

213 2681 299 2715 CAP.
313 2692 338 2714 1.
362 2684 379 2724 ξ)
404 2687 420 2715 1
444 2683 636 2726 Artaxerxi]
661 2686 728 2719 Qui
746 2690 754 2704 ‘
769 2687 865 2718 Mne·

169 2733 266 2764 mon'
282 2732 391 2764 dietus
406 2738 467 2765 est.
511 2735 593 2775 Ejus
610 2736 713 2766 vitam
727 2736 864 2776 scripsit

169 2782 261 2813 Plut.
279 2793 376 2824 quern
392 2783 459 2815 vid.
477 2788 514 2815 et
533 2784 701 2816 AElianum
725 2785 781 2818 fin.
804 2786 862 2817 lib.

169 2840 221 2864 rx.
251 2833 398 2865 Justitiae
414 2843 491 2865 eum
506 2834 596 2866 fama
613 2835 763 2867 floruisse
780 2837 863 2868 Pro-

170 2881 233 2913 bus
247 2887 282 2914 et
296 2882 342 2916 id.
364 2883 458 2916 Plut.
476 2889 633 2917 auctores
648 2890 736 2918 sunt.
763 2886 846 2918 Bon.

963 2689 1017 2720 Ex
1025 2688 1202 2728 pellicibus]
1229 2689 1377 2721 Quarum
1391 2690 1466 2719 360.
1490 2687 1617 2720 Artax-

918 2738 993 2769 erxi
1017 2737 1136 2768 tribuit
1161 2737 1252 2768 Plut.
1278 2737 1310 2767 in
1337 2737 1410 2777 ejus
1431 2737 1513 2768 Vita
1538 2748 1616 2778 cap.

917 2789 970 2817 43.
1003 2786 1158 2817 Totidem
1183 2785 1289 2816 Dario
1316 2786 1411 2817 Curt.
1435 2795 1490 2816 ιιι.
1514 2789 1544 2816 3.
1561 2790 1615 2818 36.

915 2837 1047 2876 ipsique
1073 2835 1266 2866 Alexandro
1296 2835 1441 2866 Persicis
1468 2836 1615 2868 moribus

915 2891 1090 2927 corrupto,
1112 2885 1158 2918 id.
1184 2894 1233 2917 vr.
1260 2888 1290 2917 6.
1318 2888 1348 2916 8ξ
1383 2889 1421 2916 nt
1448 2891 1482 2917 et
1508 2887 1614 2920 Diod.
