2174 3424
563 383 757 414 JUS'rlNl
793 382 884 411 Lm.
920 381 989 411 xi.
1022 382 1125 411 oAP.
1155 371 1195 412 6.
1525 369 1610 412 783

168 490 242 511 rum
254 478 357 510 verba
373 479 382 496 ‘
397 477 517 509 vicerit
529 476 537 490 '
553 482 589 508 et
603 477 612 493 ‘
624 486 721 507 ausus
733 475 860 515 fuerit,’

167 540 244 570 quae
260 527 467 569 conjunctivi
489 527 578 558 modi
606 531 696 565 sunt,
713 531 748 558 et
763 536 862 566 prop-

167 585 222 610 ter
238 579 371 610 voculas
383 578 393 595 ‘
409 577 535 607 utrum'
554 581 590 608 et
612 576 621 593 ‘
634 576 700 615 an,’
721 586 796 617 quae
812 580 861 606 ta-

167 629 233 660 lem
245 628 377 658 modum
390 627 576 667 requirunt,
587 626 699 666 posita
711 626 760 656 ita
772 630 861 665 sunt,

167 678 248 710 satis
261 678 436 708 declarant
458 677 500 707 sit
523 677 575 707 liic
598 677 708 707 locum
724 685 789 706 non
805 676 860 706 ha-

166 728 262 759 bere.
296 727 306 744 ‘
322 726 561 757 Admirabilius
575 725 582 738 ’
598 730 650 756 est
663 724 860 755 adverbium

166 787 277 818 comp.
295 776 416 816 gradus
431 787 438 807 :
456 777 552 816 cujus
568 775 714 816 positivo
726 775 860 805 admira-

165 827 269 858 biliter
284 836 361 857 usus
378 825 506 857 Auctor
528 830 580 856 est
602 835 626 856 ι.
649 828 679 856 8.
698 828 748 856 14.
771 824 859 866 quod

166 876 304 916 scripsit
319 876 328 892 ⁴
343 876 587 906 admirabiliter
601 874 764 914 insignis!
796 874 858 905 Ce-

166 930 275 957 terum
303 926 365 956 toti
394 930 572 956 structurae
596 924 727 965 periodi
743 924 860 954 similis

167 981 221 1006 est
237 975 304 1014 illa,
317 985 390 1016 quae
405 984 438 1005 v.
452 977 482 1005 4.
500 977 552 1005 13.
567 978 733 1014 apparet:
750 975 760 991 ⁴
779 974 860 1004 Cer·

167 1029 242 1056 tant
269 1034 382 1055 secum
405 1024 481 1064 ipsi,
505 1029 618 1055 utrum
641 1023 861 1054 contumelio-

165 1075 233 1105 sius
256 1074 363 1114 ipsum
387 1074 592 1114 expulerint,
605 1083 647 1103 an
669 1073 860 1104 revocarint

165 1123 382 1155 honoratius.'
410 1124 479 1154 er.

213 1176 328 1206 Utrum
357 1174 569 1205 admirabilius
594 1173 717 1212 vicerit,
741 1183 781 1204 an
805 1183 861 1213 ag-

163 1225 256 1264 gredi
283 1235 374 1255 ausus
393 1224 510 1264 fuerit,
537 1225 688 1256 incertum
714 1224 774 1264 est]
805 1225 860 1255 Sic

165 1275 354 1306 rectissime
366 1275 463 1307 Junt.
486 1279 524 1305 ut
547 1280 625 1305 ante
641 1274 773 1314 legend.
788 1284 862 1305 esse

166 1326 298 1357 viderat
312 1326 449 1357 doctiss.
469 1326 586 1356 Vorst.
613 1325 715 1365 Vulg.
739 1329 792 1356 est
813 1325 862 1356 in-

166 1375 360 1407 sulsissima.
389 1376 492 1406 Groev.

210 1427 227 1466 ξ
243 1429 264 1456 6
286 1426 451 1465 Principia
466 1425 650 1465 castrorum]
670 1426 726 1456 De
742 1425 864 1456 militia

167 1475 392 1506 Macedonica
424 1475 572 1516 loquitur
605 1475 738 1506 Auctor
770 1485 863 1506 more

168 1527 408 1567 Romanorum,
433 1528 553 1568 quibus
578 1528 586 1544 ‘
605 1527 789 1567 principia’
817 1528 863 1558 lo-

168 1585 228 1608 cus
243 1581 431 1607 castrorum
455 1577 612 1617 princeps
640 1582 676 1607 et
700 1586 808 1616 sacer,
827 1581 864 1608 et

169 1626 246 1667 quia
262 1626 295 1656 in
317 1625 357 1656 iis
374 1626 492 1667 aquilae
521 1630 555 1656 et
581 1626 689 1666 signa,
713 1626 735 1656 i.
753 1636 781 1657 e.
806 1626 864 1656 Dii

168 1677 353 1708 militares:
378 1677 457 1707 item
481 1677 514 1707 in
539 1677 592 1717 iis,
612 1677 781 1717 autjuxta
795 1676 864 1716 illa,

168 1727 324 1766 Tribuni,
349 1726 524 1766 Praefecti,
548 1727 773 1758 honestissimi
796 1727 864 1757 De-

168 1778 339 1808 curionum
364 1782 398 1808 et
422 1777 675 1808 Centurionum.
714 1777 806 1807 Plut.
829 1776 864 1806 in

169 1827 271 1859 Galb.
286 1837 315 1858 c.
335 1830 385 1859 17.
413 1827 556 1867 Ἀρχαῖα,
581 1826 600 1857 ἃ
623 1826 780 1866 πριγκίπια
794 1826 865 1857 Ῥω-

167 1879 250 1916 μαῖοι
264 1878 404 1908 καλοῦσι.
427 1877 558 1908 Statius
571 1876 634 1907 etsi
644 1877 678 1906 in
690 1886 725 1906 re
739 1876 865 1907 Graeca

169 1927 416 1959 circumscribit
446 1935 481 1958 x.
513 1930 585 1958 171.
622 1927 631 1943 ‘
649 1927 796 1957 Ventum
822 1927 864 1957 ad

170 1977 304 2008 concilii
328 1977 516 2018 penetrale,
529 1977 732 2017 domumque
748 1985 865 2007 veren-

168 2027 246 2059 dam
268 2026 468 2067 signorum!
500 2027 599 2058 Initia
622 2031 722 2058 vocat
746 2027 863 2057 Sidon.

168 2078 317 2118 Apollin.
335 2087 359 2109 1.
376 2081 426 2109 11.
449 2077 477 2107 si
502 2082 596 2108 recte
619 2077 731 2107 locum
749 2077 863 2116 capio:

169 2130 178 2145 ⁸
197 2128 306 2160 Quem
327 2127 416 2158 inter
431 2127 526 2158 initia
548 2127 718 2167 cognosci,
729 2127 864 2158 claritas

169 2177 281 2208 vitrici
297 2177 400 2217 magis
417 2187 516 2218 quam
534 2177 642 2217 patris
657 2176 763 2208 fecit.’
788 2177 866 2208 Ber-

167 2236 281 2258 net-cer.
311 2227 321 2243 ‘
338 2226 531 2267 Principia'
549 2227 580 2257 h.
598 2227 620 2258 l.
643 2226 866 2268 metonymice

170 2276 348 2317 usurpavit
363 2276 494 2308 Auctor
517 2287 577 2317 pro
601 2277 683 2318 ipsis
704 2277 866 2317 principi-

169 2327 244 2366 bUS,
260 2327 318 2368 qui
335 2327 418 2358 alias
434 2328 442 2344 ‘
459 2329 641 2368 optimates
661 2325 865 2358 castrorum'

169 2377 341 2410 dicuntur.
371 2378 448 2410 Vid.
465 2388 513 2410 1v.
535 2379 618 2411 Obs.
635 2382 687 2410 10.
729 2379 865 2410 Gronov.

170 2427 257 2459 Quae
273 2428 341 2459 sint
355 2428 522 2469 principia
535 2429 568 2459 in
586 2430 716 2468 castris,
730 2429 869 2469 diligen-

170 2476 297 2508 tissime
327 2479 478 2510 ostendit
506 2479 598 2520 Lips.
626 2479 661 2510 in
690 2479 788 2510 Libb.
825 2479 868 2510 de

171 2526 308 2558 Militia.
345 2528 423 2559 Fab.

213 2578 230 2617 ᾗ
257 2579 276 2608 8
301 2576 470 2619 Affirnzans
493 2580 568 2621 suis,
599 2582 716 2612 occulta
742 2579 870 2611 consilia

170 2629 310 2660 υἱάσι-ἔω
327 2629 460 2667 furtz'voe
485 2631 658 2671 convenire]
681 2632 790 2670 Sapor
813 2640 868 2670 ap.

171 2678 362 2710 Marcellin.
376 2687 467 2710 xvu.
481 2681 491 2697 ‘
507 2680 596 2711 Illud
609 2680 697 2721 apud
710 2689 766 2710 nos
778 2689 871 2710 num·

173 2738 273 2769 quam
300 2734 479 2769 acceptum
505 2729 582 2770 fuit,
607 2730 696 2771 quod
715 2729 871 2760 adseritis

173 2787 233 2808 vos
249 2778 468 2818 exsultantes,
484 2780 575 2811 nullo
595 2779 789 2811 discrimine
806 2779 872 2810 vir-

175 2828 257 2858 tutis
274 2838 312 2859 ac
331 2828 398 2859 doli
415 2839 593 2870 prosperos
609 2839 725 2860 omnes
742 2828 872 2860 laudari

177 2877 302 2908 debere
337 2878 502 2910 bellorum
540 2879 705 2911 eventus-¹
765 2878 870 2911 Diod.

175 2925 292 2966 ἀνάξιον
306 2926 340 2959 id
355 2928 402 2960 ait
419 2929 474 2965 τῆς
488 2931 611 2970 Περσῶν
626 2928 872 2969 μεγαλοψυχίας.

913 475 1071 513 Bongars.
1113 476 1229 506 Secuti
1257 485 1368 506 sumus
1387 475 1533 507 *Gruteri
1554 476 1611 516 ju-

911 524 1034 555 dicium
1051 525 1083 555 in
1101 525 1200 556 Notis
1223 525 1264 556 ad
1288 526 1360 556 Liv.
1376 535 1400 557 1.
1418 528 1467 556 ll.
1483 528 1513 555 8.
1536 535 1613 556 cen-

911 574 1016 605 sentis
1042 574 1152 605 locum
1173 575 1221 605 ita
1244 576 1444 606 restituend.
1467 576 1612 606 auctori-

912 629 983 655 tate
994 624 1076 654 Mss.
1090 624 1203 664 ejecta
1217 634 1286 655 non.
1313 625 1365 655 Id.
1379 625 1467 655 enim
1484 624 1611 655 Darius

911 674 1007 713 dicit,
1025 674 1115 716 quod
1138 673 1336 705 Alexander
1362 684 1417 715 ap.
1447 675 1541 705 Curt.
1562 684 1611 705 lv.

911 726 962 755 13.
1006 727 1036 755 8.
1072 725 1082 740 ‘
1105 724 1387 755 Latrunculorum
1425 727 1460 754 et
1498 722 1610 754 furum

910 774 977 805 ista
993 774 1130 805 solertia
1146 778 1212 813 est,
1228 783 1325 815 quam
1346 773 1536 814 praecipitis
1551 773 1612 803 mi-

910 824 956 863 hi,
970 824 1098 864 quippe
1119 824 1253 854 illorum
1276 827 1391 854 votum
1408 822 1540 853 unicum
1558 825 1613 853 est

911 874 1052 907 fallere!
1095 876 1151 906 De
1174 874 1310 905 Parthis
1333 883 1392 904 rex
1417 882 1533 904 eorum
1552 872 1612 903 Sa·

910 935 974 965 por
999 935 1053 965 ap.
1085 924 1255 956 Ammian.
1286 933 1378 955 xvn.
1406 926 1457 954 10.
1492 922 1608 953 ‘Illud

911 975 1024 1016 apud,'
1051 976 1133 1016 [&c.
1154 976 1199 1006 V.
1221 974 1311 1015 sup.]
1345 975 1546 1014 Quanquam
1577 978 1613 1005 et

911 1025 1084 1064 Romanis,
1099 1025 1258 1056 nimirum
1276 1024 1434 1065 antiquis,
1446 1023 1531 1055 hanc
1544 1023 1614 1054 ani-

911 1075 957 1105 mi
982 1074 1248 1115 magnitudinem
1278 1074 1397 1105 tribuit
1425 1074 1499 1104 Liv.
1523 1082 1612 1105 xml.

911 1127 964 1156 47.
991 1128 1022 1156 5.
1051 1127 1116 1155 &c.
1153 1125 1233 1155 Tae.
1258 1123 1302 1155 A.
1326 1132 1369 1154 11.
1386 1125 1438 1154 88.
1455 1126 1486 1153 2.
1509 1122 1615 1154 Athe-

911 1174 1082 1206 niensibus
1108 1174 1262 1215 Thucyd.
1286 1183 1326 1205 11.
1349 1176 1380 1204 8.
1405 1176 1456 1204 24.
1479 1172 1613 1205 Achaeis

913 1225 1035 1266 Polyb.
1062 1234 1145 1256 xm.
1172 1227 1223 1256 11.
1259 1224 1429 1256 Helvetiis
1454 1224 1542 1255 Caes.
1569 1225 1612 1255 B.

913 1276 955 1307 G.
972 1285 997 1306 1.
1016 1278 1067 1308 13.
1092 1276 1217 1306 Verum
1241 1275 1308 1306 ista
1326 1275 1525 1314 plerumque
1541 1273 1615 1313 jac-

912 1326 1041 1356 tantius
1073 1325 1243 1362 dicuntur,
1271 1333 1370 1365 quarn
1398 1322 1495 1354 fiunt.
1532 1324 1614 1354 Ber-

911 1385 1028 1407 ·neccer.
1087 1376 1196 1406 Recte
1224 1375 1392 1405 Bernecc.
1423 1373 1614 1413 negativam

912 1426 1066 1456 voculam
1094 1423 1272 1465 expunxit,
1293 1432 1414 1464 neque,
1440 1427 1477 1453 ut
1502 1423 1612 1463 Bong.

914 1476 1033 1515 edidit,
1048 1476 1187 1506 victorioe
1204 1475 1338 1513 furtiva?
1359 1485 1419 1505 non
1442 1475 1614 1505 convenire.

912 1526 1077 1556 Voculam
1095 1535 1169 1556 eam
1186 1529 1220 1555 et
1242 1524 1285 1555 ab
1301 1523 1355 1555 ed.
1377 1523 1534 1555 Becharii
1556 1523 1614 1555 ab·

914 1584 988 1605 esse
1004 1575 1116 1605 video.
1145 1575 1217 1605 Vor.

962 1623 1266 1663 Victoriaefurtivoe]
1289 1623 1444 1663 Thucyd.
1472 1632 1506 1653 v.
1529 1625 1562 1654 2.
1583 1626 1615 1655 5.

915 1678 1156 1713 strategemata
1178 1677 1279 1703 vocat
1301 1672 1456 1712 apposite
1479 1670 1615 1710 κλέμμα·

913 1736 965 1763 τα,
979 1725 1012 1754 h.
1029 1733 1058 1755 e.
1080 1724 1269 1763 interprete
1292 1723 1374 1753 Sall.
1399 1722 1445 1753 H.
1463 1732 1487 1753 1.
1509 1725 1541 1754 4.
1563 1725 1615 1754 13.

914 1776 923 1792 ‘
940 1774 1031 1805 furta
1047 1773 1152 1804 belli.'
1173 1773 1251 1804 Huc
1268 1773 1409 1813 respicit
1424 1777 1460 1804 et
1474 1773 1554 1804 Tac.
1568 1772 1612 1804 A.

914 1833 970 1855 111.
986 1827 1038 1855 74.
1055 1827 1086 1855 2.
1100 1825 1110 1841 ‘
1121 1822 1316 1854 Tacfarinas
1330 1821 1466 1853 furandi
1483 1820 1614 1853 bonus!

914 1874 1102 1906 Alexandri
1112 1873 1248 1905 celebre
1259 1873 1384 1904 dictum
1397 1876 1449 1903 est
1460 1882 1513 1913 ap.
1522 1872 1617 1904 Plut.

914 1926 949 1957 in
973 1927 1046 1966 ejus
1068 1926 1138 1957 Vit.
1162 1935 1238 1966 cap.
1257 1928 1307 1956 57.
1348 1924 1392 1955 Οὐ
1412 1923 1537 1955 κλέπτω
1559 1923 1616 1962 τὴν

914 1975 1013 2015 νίκην,
1033 1975 1203 2013 Nonsuror
1218 1975 1389 2005 victoriam.
1428 1976 1530 2006 Bern.

959 2028 975 2067 ξ
992 2029 1012 2057 9
1035 2026 1168 2056 Hostem
1183 2025 1398 2066 regnifinz'bus
1419 2025 1536 2065 arcere]
1560 2023 1616 2055 An

915 2079 1071 2117 praestet,
1101 2075 1226 2106 bellum
1249 2074 1341 2105 domi
1373 2074 1544 2114 excipere,
1574 2083 1617 2105 an

916 2135 995 2157 vero
1020 2125 1052 2156 in
1075 2125 1233 2156 hostilem
1257 2134 1373 2164 agrum
1397 2123 1535 2164 inferre,
1549 2125 1618 2156 dis-

916 2180 1056 2217 putatur
1071 2176 1106 2206 in
1123 2176 1196 2206 Liv.
1214 2184 1318 2206 xxxr.
1335 2178 1366 2206 7.
1391 2175 1482 2208 Add.
1499 2175 1616 2207 Nostr.

916 2235 941 2257 1.
954 2228 985 2256 8.
999 2228 1029 2257 2.
1046 2234 1140 2256 xxn.
1153 2229 1185 2256 5.
1201 2228 1233 2256 4.
1250 2229 1285 2256 et
1300 2229 1332 2257 5.
1356 2226 1453 2257 Idem.

961 2277 978 2317 ξ
996 2279 1035 2306 10
1059 2276 1099 2306 In
1112 2276 1227 2316 campis
1239 2276 1413 2316 Adrastiis]
1437 2274 1558 2316 Steph.
1574 2274 1617 2306 de

918 2326 1002 2357 Urb.
1014 2325 1209 2366 Ἀδραστείας
1224 2325 1338 2365 πεδίον,
1354 2335 1415 2366 per
1431 2325 1519 2366 quod
1543 2324 1619 2356 fluit

919 2377 1086 2408 Granicus
1102 2375 1136 2408 fl.
1155 2387 1174 2407 a
1197 2387 1263 2417 quo
1281 2378 1343 2408 hoc
1363 2377 1518 2417 praelium
1539 2376 1620 2407 dici-

918 2432 974 2458 tur
989 2428 997 2444 ‘
1015 2427 1057 2457 ad
1075 2427 1284 2459 Granicum!
1309 2427 1423 2459 Strab.
1435 2436 1518 2458 xm.
1535 2427 1620 2458 Bon-

915 2487 1000 2517 gars.
1031 2478 1100 2509 Ms.
1116 2477 1292 2509 Adrasties.
1325 2478 1422 2510 Junt.
1438 2477 1617 2508 Adi-astice.-

918 2532 957 2558 ut
980 2527 1125 2566 Graecis,
1149 2526 1344 2567 Ἀδραστείας
1362 2527 1475 2558 πεδίον.
1511 2527 1619 2557 Graev.

920 2579 1070 2620 Legend.
1100 2579 1299 2619 Adrastiaez's,
1327 2589 1403 2610 nam
1434 2577 1514 2609 urbs
1545 2578 1620 2618 ipsa

919 2629 1100 2661 dicebatur
1121 2629 1130 2645 ‘
1147 2629 1329 2661 Adrastia!
1366 2629 1477 2660 Faber.
1520 2627 1618 2659 Junt.

920 2685 1009 2712 teste
1031 2680 1148 2711 Graev.
1175 2679 1345 2710 Azlrastioe.
1392 2677 1493 2710 Quod
1513 2677 1619 2718 magis

919 2730 1078 2771 congruit
1101 2739 1176 2761 cum
1205 2730 1327 2760 Graeco
1351 2726 1547 2768 Ἀδραστείας
1567 2739 1620 2757 πε-

920 2781 994 2820 δίον,
1010 2780 1098 2821 quod
1112 2780 1213 2811 habet
1227 2780 1344 2820 Steph.
1374 2780 1447 2811 Vor.

964 2832 981 2871 ξ
999 2833 1036 2861 11
1064 2830 1101 2860 In
1115 2830 1180 2860 acie
1196 2830 1366 2861 Persarum
1386 2831 1532 2860 sexcenta
1550 2828 1621 2859 mil-

921 2881 964 2911 lia
988 2880 1123 2910 militum
1145 2879 1252 2919 suere]
1275 2879 1359 2912 Quis
1385 2888 1450 2909 non
1479 2878 1620 2908 miretur

921 2935 990 2961 tam
1002 2929 1178 2970 impudens
1190 2928 1347 2960 mendum
1364 2938 1382 2959 a
1398 2927 1530 2959 nemine
1543 2927 1620 2958 hac-
