2174 3424
467 358 552 400 812

465 471 552 500 rum,
575 462 630 503 qni
660 461 703 493 ad
730 461 861 493 Thebas
892 473 966 494 cum
995 463 1160 505 Polynice

465 512 709 551 occubuerant,
752 512 876 552 posteri
917 513 1159 545 censebantur.

466 562 621 600 Bongars.
654 562 732 592 Vid.
752 561 853 592 Diod.
871 571 918 594 ιν.
935 566 986 594 68.
1011 573 1061 603 pr.
1078 564 1159 595 item

466 611 607 642 Caelium
625 611 764 651 Rhodig.
781 612 821 642 iis
846 612 938 652 locis,
963 622 1039 653 quae
1067 623 1159 644 mon·

467 666 555 693 strat
572 662 692 693 Index.
717 663 815 693 Rern.

508 714 525 753 ξ
543 715 582 743 12
601 713 740 750 Parthis,
752 713 818 752 ἔξω]
843 712 942 744 Frec.
965 712 1074 743 ‘Post
1086 714 1159 744 haec

465 762 670 794 Parthorum
694 773 836 804 pugnam
865 772 1053 803 aggressus,
1076 773 1160 804 quos

465 813 521 843 diu
548 813 742 844 obtinentes
772 813 924 844 delevit.'
968 813 1051 854 Leg.
1075 814 1159 844 obni-

463 866 564 894 tentes
578 873 620 893 ex
638 864 732 895 Leid.
750 867 779 895 1.
795 868 829 895 et
843 864 946 895 Oros.

507 913 724 953 Andragoras]
748 913 963 945 Conferenda
985 915 1059 946 haec
1083 924 1159 946 cum

465 971 537 994 xm.
552 966 583 994 4.
600 967 630 995 9.
656 964 756 994 Rern.

507 1012 593 1045 CAP.
610 1023 645 1045 v.
669 1015 685 1054 ξ
705 1017 719 1044 1
744 1014 864 1045 Hostili
879 1016 962 1056 odio]
980 1014 1080 1055 Angl.
1096 1015 1162 1046 hos-

463 1061 515 1092 tili
538 1072 630 1094 more.
676 1063 800 1095 Placet
829 1066 948 1095 mirum
969 1075 1041 1105 prae
1067 1066 1159 1106 vulg.

462 1112 546 1143 lect.
587 1114 661 1144 Nec
677 1114 765 1144 enim
779 1120 830 1146 sat
847 1115 1022 1146 commode
1039 1115 1160 1153 regium

463 1162 565 1192 odium
579 1163 712 1194 dicitur.
748 1165 878 1196 Probat
894 1165 1027 1205 quidem
1046 1166 1161 1206 vulga-

465 1216 536 1242 tum
554 1213 594 1243 cl.
610 1214 725 1245 Vorst.
742 1224 804 1254 per
824 1215 933 1245 locum
961 1215 1048 1245 Livii
1073 1224 1113 1246 11.
1130 1219 1161 1247 5.

461 1265 493 1292 4.
541 1263 658 1294 Nostri
690 1273 780 1295 xvu.
806 1268 832 1296 1.
857 1268 888 1296 4.
914 1265 973 1296 sed
1004 1267 1160 1306 exempla

462 1312 520 1344 illa
549 1324 617 1345 non
652 1316 733 1346 satis
775 1317 933 1347 videntur
964 1318 1159 1350 convenire.

463 1364 551 1395 Nam
582 1369 633 1395 est
662 1366 833 1406 oppositio
862 1367 953 1398 inter
982 1373 1097 1407 patres
1124 1372 1159 1400 et

464 1414 608 1454 plebem,
638 1426 712 1456 quae
740 1416 829 1446 inter
858 1426 972 1457 regem
1003 1421 1038 1447 et
1068 1418 1158 1449 cives

461 1464 564 1501 nulla,
575 1469 608 1495 et
620 1465 775 1496 Justinus
792 1466 833 1497 de
847 1476 938 1498 more
952 1468 1063 1507 patrio
1077 1468 1161 1509 agit,

462 1522 529 1544 nou
547 1514 589 1545 de
606 1515 695 1546 odio.
718 1515 821 1554 Schef.

506 1564 521 1603 ξ
551 1567 570 1594 2
607 1565 703 1605 Carpi
740 1575 771 1596 se
804 1565 992 1597 sermonibus
1020 1567 1160 1607 suorum]

459 1612 661 1644 Viennensis
680 1615 733 1646 ed.
755 1620 853 1646 vetus
868 1626 900 1647 se
916 1617 1054 1648 omittit.
1099 1618 1159 1648 Se-

461 1662 525 1693 bis.
543 1664 734 1704 trajiciend.
764 1671 880 1697 censet
907 1665 969 1706 ita,
991 1667 1076 1706 carpi
1097 1677 1159 1698 ser-

461 1713 600 1744 monibus
625 1724 760 1755 suorum,
789 1725 821 1746 se
859 1717 972 1756 patris.
1011 1718 1158 1749 Bernec.

459 1762 554 1794 Junt.
581 1773 678 1805 aeque
703 1770 741 1796 ut
764 1766 1036 1798 Vindobonensis
1059 1768 1159 1799 omit-

461 1816 539 1844 tunt
554 1823 596 1853 se,
612 1819 647 1845 et
664 1815 790 1846 rectius
808 1816 916 1848 abest.
931 1818 1038 1848 Groev.
1061 1818 1158 1849 Vett.

462 1863 541 1894 edd.
579 1865 676 1896 Junt.
710 1867 854 1898 Bechar.
887 1872 922 1899 et
949 1868 1098 1900 Vindob.
1125 1879 1157 1900 se

459 1914 644 1946 omittunt:
671 1916 760 1956 quod
774 1917 889 1949 Graev.
905 1924 1034 1949 rectum
1049 1923 1157 1959 putat.

467 1963 571 1995 Vorst.
629 1965 722 1996 Libri
753 1967 885 2007 quidam
917 1968 996 1999 illud
1029 1979 1060 2000 se
1090 1979 1157 2000 non

461 2019 664 2053 agnoscunt,
682 2016 769 2055 quod
789 2021 910 2056 putant
925 2026 997 2048 esse
1014 2024 1156 2051 rectum.

464 2061 510 2093 At
527 2063 560 2093 in
577 2063 660 2094 Mss.
686 2074 769 2105 quos
790 2065 874 2096 vidit
898 2067 1006 2107 Bong.
1024 2068 1158 2108 legeba-

462 2116 518 2142 tur
532 2123 668 2153 curpere,
691 2114 779 2145 unde
802 2115 883 2146 illud
904 2118 990 2157 carpi
1010 2127 1042 2148 se
1065 2118 1158 2149 vide-

463 2166 518 2192 tur
534 2167 658 2193 ortum.
704 2164 804 2196 Quod
831 2165 858 2195 si
882 2175 1007 2205 carpere
1030 2167 1158 2199 Justini

462 2215 526 2251 est,
552 2213 784 2252 cogitandum,
812 2223 854 2245 an
881 2224 947 2246 uon
972 2217 1160 2257 scripserit,

459 2261 593 2292 maxime
609 2263 842 2304 indignabatur,
864 2275 988 2304 carpere
1011 2268 1158 2298 sermoni-

461 2310 528 2349 bus,
560 2322 683 2342 suorum
710 2323 807 2344 mores
832 2315 1027 2347 subvertisse.
1071 2317 1157 2348 Mihi

461 2371 540 2392 sane
571 2363 714 2403 Philippi
748 2365 850 2404 patris
884 2366 1055 2406 patrioeque
1094 2368 1157 2400 huc

461 2412 628 2443 translata
656 2423 698 2444 ex
731 2415 961 2454 superioribus
985 2427 1005 2447 a
1035 2418 1158 2458 glossa-

461 2465 536 2492 tore
553 2462 722 2494 videntur.
745 2465 847 2502 Schts.

503 2513 519 2552 ξ
535 2515 552 2543 3
578 2514 758 2554 Parmenio]
776 2515 977 2547 Parmen10n
993 2527 1156 2551 annorum

459 2565 511 2594 ⁷0.
527 2564 578 2594 vir
594 2564 722 2595 militiae
752 2566 908 2608 domique
929 2567 1040 2599 clarus
1056 2579 1156 2601 neca-

461 2618 517 2644 tur
533 2624 607 2645 cum
624 2614 694 2645 filio
712 2615 858 2656 Philota,
880 2617 976 2657 cujus
1001 2617 1043 2649 de
1061 2619 1155 2651 caede

460 2663 598 2694 Curtius
623 2664 800 2704 eleganter
821 2672 858 2696 et
879 2667 1016 2707 copiose
1044 2677 1111 2699 vu.
1127 2673 1158 2702 2.

461 2712 593 2744 Bernec.
630 2713 747 2744 Codex
763 2714 828 2745 Ms.
847 2720 936 2747 teste
952 2717 1059 2757 Bong.
1078 2719 1159 2749 Par-

461 2763 578 2793 menio:
614 2763 782 2804 quomodo
808 2764 996 2796 istiusmodi
1032 2768 1158 2799 Graeca

460 2811 596 2842 nomina
608 2813 746 2843 Latinos
759 2814 936 2853 scripsisse
950 2815 1101 2848 Pitboeus
1114 2827 1155 2849 11.

463 2862 606 2894 Advers.
623 2866 673 2894 13.
689 2869 723 2895 et
740 2864 890 2897 Gronov.
907 2866 1008 2899 Notis
1029 2867 1065 2899 in
1082 2869 1155 2901 Liv.

464 2918 613 2944 monent.
641 2914 711 2945 Vor.

920 369 1061 401 NOTAE
1094 370 1357 402 VARIORUM
1392 371 1444 402 IN

1256 467 1273 507 ς
1289 469 1307 496 5
1332 466 1371 496 In
1387 464 1616 505 Macedoniam]
1639 464 1724 495 Mss.
1739 464 1837 495 multi
1853 464 1910 496 ha-

1211 515 1292 546 bent
1318 515 1513 555 Macedonia,
1538 515 1626 555 quod
1652 514 1809 555 praefero,
1831 515 1909 555 quia

1211 566 1349 596 verbnm
1392 569 1403 583 ‘
1429 565 1620 606 divulgare'
1654 565 1823 605 significat
1863 565 1909 606 id,

1211 616 1299 656 quod
1313 615 1352 646 fit
1368 616 1401 646 in
1417 616 1504 654 loco,
1526 625 1591 646 non
1611 624 1703 655 vero,
1727 615 1814 656 quod
1831 624 1909 655 per-

1210 666 1300 697 tinet
1313 666 1354 697 ad
1370 667 1493 697 locum.
1517 666 1624 704 Schef.

1253 718 1270 757 ξ
1296 719 1315 747 7
1340 717 1450 748 Fasces
1478 715 1689 757 epistolarum]
1714 717 1790 747 Non
1822 715 1908 747 absi-

1209 766 1280 795 mili
1303 771 1492 797 commento
1518 767 1614 806 Glos,
1637 767 1669 796 in
1698 766 1812 806 Cypro
1839 765 1910 797 bel-

1209 814 1277 844 lum
1295 824 1426 857 gerens,
1448 816 1595 847 militum
1612 817 1643 847 in
1660 826 1695 847 se
1709 816 1835 846 animos
1852 816 1909 847 de·

1210 865 1401 905 prehendit.
1454 866 1607 906 Polyaen.
1654 867 1803 906 Strateg.
1837 875 1907 898 vu.

1210 924 1243 955 p.
1259 917 1333 946 504.
1349 920 1383 945 et
1399 925 1468 956 seq.
1493 915 1588 946 Rern.

1253 966 1270 1005 ξ
1286 967 1305 995 8
1328 965 1451 995 Durius
1474 964 1608 1004 opinati]
1630 964 1675 995 H.
1693 974 1721 996 e.
1737 964 1906 996 maledice

1209 1014 1326 1045 locuti.
1370 1014 1427 1045 Ita
1451 1015 1588 1045 verbnm
1613 1014 1676 1046 hoc
1705 1019 1845 1055 usurpat
1872 1019 1908 1046 et

1208 1066 1302 1096 Suet.
1318 1065 1407 1106 Aug.
1425 1069 1476 1097 51.
1493 1069 1524 1098 4.
1547 1067 1556 1082 ‘
1574 1066 1670 1096 Inter
1695 1071 1823 1097 caetera
1844 1066 1908 1097 cri-

1209 1116 1297 1146 mina
1310 1116 1550 1156 objiciebatur,
1568 1116 1657 1157 quod
1673 1117 1760 1147 male
1776 1117 1908 1156 opinari

1209 1165 1251 1196 de
1268 1165 1403 1196 Caesare
1420 1165 1568 1197 soleret.'
1611 1167 1656 1197 Et
1673 1169 1726 1197 67.
1748 1169 1779 1196 2.
1802 1167 1811 1184 ‘
1828 1167 1907 1197 Ser-

1209 1225 1286 1245 vum
1300 1216 1495 1254 gravissime
1506 1216 1548 1246 de
1562 1226 1597 1246 se
1609 1216 1803 1256 opinantem
1817 1227 1907 1248 com-

1209 1265 1350 1305 pedibus
1364 1265 1536 1297 coercuit!
1581 1266 1664 1296 Eod.
1683 1275 1781 1297 sensu
1797 1266 1908 1297 existi-

1209 1325 1293 1346 mare
1324 1320 1465 1355 usurpat
1501 1317 1578 1346 Sen.
1608 1316 1650 1346 de
1682 1315 1739 1346 Ira
1769 1326 1824 1347 111.
1853 1319 1906 1349 22.

1208 1367 1217 1383 ‘
1236 1365 1333 1398 Quod
1349 1365 1501 1396 homines
1517 1371 1551 1396 et
1571 1366 1854 1406 periculosissime
1871 1371 1909 1397 et

1210 1415 1431 1446 libentissime
1445 1414 1586 1453 faciunt,
1598 1415 1640 1446 de
1654 1425 1734 1455 rege
1748 1426 1806 1446 suo
1818 1416 1907 1448 male

1209 1465 1472 1496 existimabant?
1516 1466 1562 1496 Et
1588 1466 1750 1496 Nazarius
1776 1465 1905 1505 Paneg.

1209 1521 1240 1548 5.
1265 1518 1274 1533 ‘
1291 1516 1492 1547 Existimare
1508 1515 1551 1546 de
1568 1515 1792 1556 Principibus,
1806 1516 1909 1547 nemi-

1209 1567 1242 1598 ni
1273 1566 1323 1598 fas
1353 1566 1426 1598 est!
1484 1566 1538 1598 Id.
1571 1567 1650 1598 Sen.
1683 1567 1748 1607 Ep.
1780 1570 1832 1599 71.
1855 1569 1907 1599 16.

1208 1618 1217 1634 ‘
1236 1617 1393 1648 Aderant
1409 1617 1465 1658 qui
1482 1617 1525 1648 de
1542 1616 1635 1648 facto
1661 1622 1719 1648 tuo
1743 1618 1830 1647 male
1850 1627 1908 1648 ex·

1209 1667 1385 1699 istiment.’
1438 1668 1447 1684 ‘
1478 1667 1706 1699 Clandestinae
1736 1667 1908 1698 existima-

1209 1717 1342 1757 tiones,'
1357 1717 1636 1756 obtrectationes,
1654 1717 1744 1749 Plin.
1757 1718 1842 1748 Pan.
1854 1720 1907 1748 62.

1209 1767 1233 1800 f.
1259 1769 1336 1800 Sen.
1365 1769 1429 1809 Ep.
1446 1771 1500 1800 31.
1525 1771 1576 1799 12.
1603 1768 1611 1784 ‘
1628 1768 1731 1798 Multi
1759 1767 1801 1798 de
1828 1768 1906 1799 Deo

1208 1819 1296 1849 male
1313 1818 1506 1849 existimant
1522 1823 1556 1849 et
1573 1817 1733 1858 impune.'
1772 1817 1822 1849 Id.
1840 1817 1906 1858 Ep.

1208 1871 1282 1899 107.
1299 1871 1350 1899 13.
1372 1869 1381 1885 ‘
1400 1868 1452 1898 De
1469 1868 1587 1898 ordine
1610 1867 1723 1897 mundi
1745 1867 1834 1897 male
1850 1876 1907 1897 ex-

1206 1917 1383 1949 istimant!
1406 1919 1415 1934 ‘
1433 1918 1488 1948 De
1511 1917 1653 1956 ingeniis
1675 1916 1796 1947 nostris
1818 1916 1904 1948 male

1206 1967 1423 2007 existimares
1454 1967 1597 2000 Quintil.
1620 1968 1711 1998 Dial.
1733 1967 1775 1997 de
1803 1968 1905 1998 Orat.

1209 2021 1239 2049 l.
1255 2021 1285 2049 3.
1310 2019 1407 2049 Idem.
1452 2019 1461 2034 ‘
1477 2019 1604 2049 Durius
1621 2019 1750 2058 opinari
1763 2017 1770 2030 '
1787 2018 1841 2049 hic
1858 2018 1904 2049 id.

1207 2072 1260 2098 est
1276 2068 1378 2108 quod,
1394 2067 1507 2098 durius
1523 2067 1682 2098 scribere.
1728 2068 1772 2098 Et
1789 2072 1905 2107 potest

1207 2127 1340 2158 quoque
1370 2117 1414 2148 id.
1446 2127 1520 2148 esse
1548 2117 1634 2158 quod
1660 2117 1775 2147 durius
1800 2118 1903 2158 loqui.

1208 2168 1377 2198 Nimirum
1399 2168 1408 2183 ‘
1425 2167 1574 2208 opinari’
1601 2172 1635 2198 et
1660 2170 1669 2185 ‘
1687 2168 1903 2209 existimare,'

1208 2228 1282 2258 quae
1299 2218 1404 2248 verba
1419 2217 1556 2258 proprie
1582 2217 1706 2258 aliquid
1732 2218 1903 2250 internum

1208 2273 1241 2298 et
1256 2267 1490 2298 absconditum
1505 2272 1637 2306 notant,
1650 2267 1903 2300 transferuntur

1208 2317 1310 2348 etiarn
1335 2318 1376 2348 ad
1398 2323 1540 2349 externa
1560 2317 1792 2358 significanda.
1833 2319 1903 2350 Ne·

1209 2378 1270 2408 pos
1286 2377 1320 2399 x.
1336 2371 1367 2399 7.
1385 2371 1415 2399 3.
1439 2372 1447 2385 ‘
1466 2368 1543 2399 Non
1567 2377 1663 2409 aequo
1683 2369 1791 2399 animo
1813 2369 1902 2400 fere-

1208 2418 1269 2449 bat
1283 2418 1325 2449 de
1340 2428 1376 2449 se
1393 2418 1435 2449 ab
1452 2418 1493 2449 iis
1510 2419 1596 2449 male
1612 2419 1809 2458 existimari,
1822 2430 1903 2460 quo-

1208 2477 1280 2498 rum
1299 2468 1397 2508 paulo
1413 2473 1492 2499 ante
1508 2469 1540 2499 in
1556 2469 1674 2499 caelum
1700 2469 1811 2501 fuerat
1834 2471 1900 2501 ela-

1209 2523 1262 2550 tus
1277 2518 1456 2549 laudibus.'
1482 2519 1555 2550 Vor.

1252 2569 1305 2609 §9
1328 2569 1405 2599 Inde
1428 2569 1560 2608 Drocas,
1595 2570 1779 2610 Euergetas,
1800 2571 1901 2611 Pary-

1207 2630 1284 2657 mns,
1306 2620 1593 2660 Paropamtssadas]
1618 2621 1685 2652 Pro
1716 2622 1831 2653 Drucis
1855 2623 1902 2653 le-

1207 2671 1307 2710 gend.
1338 2675 1419 2710 puto
1450 2671 1549 2708 Dans,
1580 2681 1717 2711 quornm
1748 2673 1903 2704 meminit

1207 2721 1413 2751 Ptolemaeus
1443 2720 1476 2750 in
1505 2720 1694 2760 Margiana,
1716 2726 1751 2752 et
1777 2722 1900 2754 Strabo

1205 2770 1300 2810 item,
1333 2771 1390 2811 qni
1420 2780 1477 2801 eos
1507 2770 1620 2801 Medis
1648 2771 1774 2802 vicinos
1804 2771 1900 2804 facit.

1205 2820 1214 2836 ‘
1232 2820 1455 2860 Evergetum’
1481 2821 1633 2851 meminit
1648 2821 1753 2852 Diod.
1775 2822 1817 2853 ad
1841 2823 1900 2856 fin.

1206 2871 1283 2900 anni
1298 2873 1329 2901 7.
1354 2875 1390 2901 et
1413 2871 1508 2901 Curt.
1531 2879 1612 2901 vni.
1661 2871 1728 2901 Pro
1744 2872 1904 2914 Parymis,

1205 2920 1299 2951 Arios
1324 2921 1483 2961 legerim;
1514 2920 1548 2951 in
1573 2920 1636 2952 hoc
1666 2921 1755 2952 enim
1786 2927 1900 2954 tractu
