2101 3419
655 365 849 398 JUST1N1
884 366 977 397 [ΑΒ.
1010 367 1196 398 xxxvi.
1229 368 1335 398 cAr’.
1365 358 1409 399 4.
1650 359 1736 402 987

324 460 375 493 Ab
392 461 528 492 Eumene
539 459 668 502 patruo]
702 460 754 490 Ex
770 460 883 492 Strab.
900 469 985 493 xm.

281 515 416 543 constat
430 512 614 542 Eumenem
630 510 699 550 huj.
723 509 833 542 Attali
851 515 984 552 patrem

280 559 399 599 fuisse,
421 565 457 591 et
483 561 532 592 ita
557 559 694 601 quidam
720 559 774 591 hic
802 561 984 592 ediderunt

279 615 398 642 contra
414 610 528 642 libros.
574 610 702 641 Dictus
726 614 780 641 est
804 611 857 642 hic
881 610 982 643 Atta-

278 661 331 692 lus
347 661 357 679 ‘
371 659 613 692 Philometor-:¹
637 664 673 691 et
690 660 806 691 morbo
834 661 980 701 interiit,

278 711 404 752 populo
421 711 519 742 Rom.
534 709 660 741 herede
676 710 843 742 instituto.
888 712 980 742 Stra-

277 760 334 800 bo,
359 760 451 802 Epit.
476 760 564 791 Livii
581 769 683 791 Lvul.
712 760 805 791 Flor.
829 764 919 792 extr.
936 770 978 791 11.

276 810 376 842 Oros.
391 820 424 842 v.
437 813 467 842 8.
483 810 550 842 alii.
566 811 726 849 Bongars.
772 810 863 841 Puto
875 810 979 842 fuisse

274 864 406 892 tantum
423 871 442 891 a
456 864 589 901 patruo:
612 870 734 891 nomen
760 861 911 892 Eumenis
930 861 978 892 in-

273 914 400 942 sertum
427 915 547 952 postea
573 909 688 942 fuisse.
718 911 862 943 Freinsh.
907 912 978 942 Pro

271 960 282 977 ‘
294 961 486 1002 acceptum’
507 962 664 992 Vincent.
677 962 779 993 habet
793 961 803 978 ‘
813 961 976 1002 suscept!

314 1012 455 1043 Blatrem
479 1012 586 1052 anum]
631 1013 671 1043 ln
700 1012 858 1053 quibusd.
889 1013 975 1044 Mss.

271 1070 356 1102 quos
369 1061 488 1093 habuit
500 1063 610 1103 Bong.
624 1063 803 1103 legebatur
816 1074 856 1094 m.
873 1074 976 1104 manu,

271 1110 363 1153 quod
377 1111 510 1143 videtur
523 1113 660 1149 rectius,
674 1117 711 1144 ut
725 1114 975 1156 sitoppositum

269 1162 441 1203 sequentis
455 1162 464 1179 ‘
482 1163 682 1195 maleficiis!
705 1164 811 1203 Schef.

312 1213 330 1253 ᾧ
346 1215 366 1243 2
390 1212 429 1243 Ιη
444 1214 564 1244 modum
580 1214 717 1254 reorum]
756 1215 812 1246 De
830 1216 863 1246 h.
879 1225 974 1248 more

269 1272 419 1304 reorum,
442 1264 561 1295 utendi
587 1271 683 1296 veste
709 1267 876 1307 squalida,
898 1268 973 1299 bar-

268 1311 346 1343 bam
365 1313 596 1354 capillumque
623 1315 848 1355 producendi‚
870 1321 908 1348 ut
926 1327 972 1350 sc.

269 1371 310 1393 eo
326 1362 444 1393 habitu
461 1362 705 1403 suffragatores
734 1366 973 1407 conciliarent,

268 1412 423 1444 inimicos
460 1415 729 1454 permulcerent,
768 1420 804 1447 et
834 1417 970 1456 judices

268 1466 516 1503 temperarent,
542 1464 591 1494 his
608 1474 683 1505 quae
701 1465 860 1505 Cujaeius
885 1465 969 1498 Obs.

268 1521 319 1542 vr.
342 1516 373 1542 5.
390 1517 425 1543 et
448 1512 537 1544 Rau.
562 1514 747 1545 Fornerius
766 1515 844 1546 Rer.
862 1516 971 1556 quoti-

265 1562 357 1593 dian.
373 1571 422 1594 ιν.
438 1567 469 1594 5.
490 1564 627 1603 habent,
652 1564 798 1595 addendi
825 1565 968 1596 Sisenna

266 1621 321 1652 ap.
340 1612 489 1643 Nonium
503 1613 535 1643 in
548 1614 556 1630 ‘
571 1614 719 1644 Vicatim
734 1614 755 1645 :'
781 1614 854 1646 Cic.
867 1616 967 1648 Verr.

265 1671 308 1693 n.
320 1666 350 1694 8.
374 1663 447 1694 Liv.
458 1673 503 1694 v1.
515 1666 566 1696 16.
577 1666 609 1695 4.
622 1673 671 1694 vx.
684 1668 737 1695 20.
752 1667 780 1696 1.
804 1673 904 1696 xmv.
915 1669 966 1697 19.

264 1716 297 1744 5.
332 1714 409 1745 Seu.
428 1713 470 1745 ad
489 1714 611 1755 Polyb.
628 1717 680 1745 30.
708 1715 785 1745 Val.
800 1715 849 1746 M.
867 1724 916 1746 VI.
933 1718 964 1746 4.

263 1766 294 1795 4.
318 1765 413 1796 Suet.
430 1765 514 1797 Ner.
526 1767 579 1796 47.
592 1768 622 1796 6.
646 1765 737 1796 Plin.
756 1775 818 1796 vu.
834 1767 897 1806 Ep.
914 1769 967 1798 27.

262 1813 320 1845 fin.
335 1815 430 1846 Plut.
445 1815 578 1848 Quaest.
591 1816 689 1846 Rom.
705 1818 757 1847 14.
782 1816 892 1856 Agell.
909 1826 964 1849 111.

261 1867 293 1896 4.
319 1865 419 1897 Oros.
436 1875 471 1896 v.
485 1869 536 1897 17.
552 1866 610 1897 fin.
655 1866 745 1898 Hinc
757 1867 964 1899 Tertulliano

261 1915 305 1946 ‹le
321 1914 445 1946 Anima
465 1918 517 1947 39.
539 1916 549 1933 ‘
563 1920 668 1956 caput
689 1916 799 1947 reatui
819 1916 963 1949 vovere'

260 1969 326 2005 est,
343 1975 473 1996 comam
488 1975 621 1996 reorum
637 1975 728 1997 more
747 1967 961 2006 promittere.

259 2014 314 2046 Sic
335 2024 390 2056 ap.
406 2016 484 2046 Sen.
501 2014 623 2047 Benef.
649 2025 689 2046 11.
706 2016 768 2047 ult.
791 2020 826 2047 et
844 2026 893 2048 ιν.
911 2020 961 2049 12.

259 2066 268 2083 ‘
287 2065 467 2097 detrahere
499 2065 638 2097 sordes'
663 2069 730 2105 est,
759 2076 851 2097 reum
878 2067 962 2098 libe-

257 2124 345 2147 rare.
400 2115 549 2146 Vidend.
575 2119 610 2146 et
637 2114 806 2157 adagium,
829 2117 838 2133 ‘
856 2116 961 2149 Quasi

258 2165 331 2197 dies
348 2165 441 2197 dicta
455 2164 523 2197 sit.'
546 2166 645 2196 Bern.

299 2216 441 2248 Loetiora
451 2216 604 2256 convivia]
619 2216 688 2247 Pro
697 2217 818 2248 loetz'ora
831 2217 864 2248 in
875 2218 959 2251 MSS.

257 2271 311 2299 est
326 2268 450 2299 laetitia.
493 2266 596 2298 Unde
614 2268 769 2307 suspicor
790 2278 858 2300 non
876 2269 959 2301 satis

258 2316 436 2348 commode
451 2316 540 2347 hunc
555 2317 577 2346 l.
596 2325 631 2347 se
646 2316 773 2348 habere
789 2318 822 2348 in
844 2319 958 2359 vulga-

257 2367 320 2406 tis;
345 2371 440 2398 certe
453 2366 586 2404 mirum,
602 2366 693 2407 quod
715 2367 787 2397 sola
803 2369 958 2401 convivia

255 2416 312 2447 hic
323 2417 413 2447 inter
426 2415 548 2456 omnia,
561 2425 635 2456 quae
649 2419 844 2448 tractantur
857 2418 959 2460 domi,

255 2469 499 2497 memorentur.
547 2465 687 2496 Mallem
715 2465 830 2506 itaque
859 2467 906 2498 sic
933 2469 955 2501 l.

255 2516 358 2547 istum
375 2519 482 2546 totum
506 2515 635 2555 legere,
658 2524 697 2546 ac
723 2514 954 2556 distinguere:

254 2575 315 2596 non
337 2565 370 2596 in
390 2575 422 2606 p.
436 2565 576 2606 prodire,
595 2575 655 2596 non
674 2575 707 2605 p.
730 2575 763 2595 se
786 2567 954 2598 ostendere.

257 2616 333 2647 Non
353 2616 436 2646 domi
458 2615 583 2655 loetitz’a,
606 2615 746 2646 convivia
770 2616 864 2653 inire,
888 2620 955 2658 aut,

255 2668 308 2707 ξϊ.
352 2666 428 2698 Hoc
444 2667 516 2698 vult
532 2677 540 2698 ε
562 2667 643 2698 Non
660 2669 790 2697 tantum
817 2666 953 2707 publice

255 2717 390 2747 tristem
407 2726 480 2747 sese
503 2716 706 2755 exhibuisse,
729 2715 788 2747 sed
805 2726 848 2747 ne
865 2716 954 2748 domi

256 2766 393 2808 quidem
420 2766 491 2806 ejus
520 2767 621 2797 ullam
648 2766 752 2797 fuisse
782 2766 953 2806 laetitiam,

254 2816 456 2847 abstinuisse
478 2826 609 2857 quoque
635 2816 678 2847 ab
701 2816 855 2847 omnibus
875 2827 953 2848 con-

257 2865 367 2906 viviiS,
382 2869 417 2896 et
433 2866 589 2897 convictu
606 2875 681 2897 cum
697 2866 780 2897 aliis.
802 2866 906 2904 Schef.

300 2916 317 2956 ἐς
339 2917 356 2946 3
380 2914 574 2956 Seminabat]
610 2916 694 2948 Mss.
719 2916 787 2949 duo
810 2917 927 2950 serebat
938 2928 950 2956 ,·

1037 461 1125 503 quod
1141 471 1237 503 aeque
1253 462 1425 495 convenit.
1447 463 1535 496 Mod.

1078 513 1096 552 ς
1113 515 1131 542 5
1156 513 1261 543 Matri
1275 513 1384 544 deinde
1397 513 1605 554 sepulchrum]
1642 514 1735 547 Hine

1035 564 1071 592 et
1092 561 1215 593 similia
1236 567 1379 603 propter
1403 562 1497 595 facta
1521 564 1657 596 videtur
1679 575 1734 597 ac-

1034 610 1173 651 quisisse
1200 611 1442 643 Philometoris
1471 623 1608 654 nomen,
1642 615 1732 656 quod

1032 660 1097 700 ipsi
1127 661 1248 692 tribuit
1282 666 1409 702 praeter
1444 663 1526 694 alios
1555 664 1735 705 Appianus

1032 709 1189 741 Mithrid.
1215 720 1248 750 p.
1264 713 1338 742 212.
1355 711 1387 743 b.
1414 717 1448 743 et
1465 713 1579 745 Strab.
1598 723 1681 746 X111.
1699 725 1733 755 p.

1030 762 1105 791 429.
1123 763 1176 791 50.
1204 761 1349 792 Bernecc.
1394 762 1478 803 Hnj.
1495 763 1604 795 Attali
1622 770 1732 797 mater

1031 815 1107 842 erat
1127 811 1323 842 Stratonice
1340 810 1529 844 Ariarathis
1555 815 1734 855 Cappado-

1031 870 1105 891 cum
1124 860 1213 902 regis
1228 860 1310 901 filia,
1328 866 1365 893 ut
1381 861 1489 894 refert
1509 864 1634 896 Strabo
1652 874 1733 897 xnr.

1030 920 1063 951 p.
1079 913 1152 943 624.

1073 962 1177 993 Heres
1187 964 1316 1003 populus
1328 964 1437 1005 Rom]
1454 963 1532 996 Vid.
1546 965 1619 998 Liv.
1638 967 1732 1007 Epit.

1028 1021 1133 1043 Lv111.
1168 1013 1259 1044 Vell.
1276 1023 1317 1045 11.
1336 1017 1367 1046 4.
1386 1018 1416 1046 1.
1441 1015 1531 1057 Aug.
1549 1017 1623 1048 Civ.
1648 1027 1730 1049 xm.

1029 1065 1079 1094 11.
1117 1064 1207 1095 Flor.
1228 1073 1269 1094 11.
1294 1068 1347 1096 20.
1386 1066 1488 1098 Oros.
1516 1076 1549 1098 ν.
1573 1071 1605 1099 8.
1632 1069 1729 1101 alios.

1026 1113 1079 1144 Id.
1117 1112 1245 1145 factum
1273 1125 1293 1146 a
1323 1116 1526 1157 Nicomede,
1557 1119 1727 1161 Bithyniae

1026 1173 1120 1203 rege,
1148 1164 1254 1196 tradit
1277 1166 1434 1207 Epitome
1453 1168 1541 1199 Livii
1567 1179 1674 1201 xcm.
1691 1176 1728 1202 et

1025 1214 1067 1245 ab
1094 1214 1268 1256 Appione,
1292 1227 1372 1257 rege
1394 1218 1551 1259 Cyrenae,
1578 1220 1728 1262 Appian.

1024 1264 1180 1296 Mithrid.
1196 1265 1254 1298 fin.
1279 1267 1422 1309 ipseque
1444 1270 1574 1302 Noster
1592 1280 1725 1304 xxxix.

1024 1318 1054 1344 5.
1072 1318 1104 1346 2.
1139 1316 1213 1348 Liv.
1234 1317 1329 1357 Epit.
1346 1327 1430 1350 Lxx.
1451 1322 1482 1351 2.
1507 1320 1658 1363 itemque
1683 1323 1725 1353 ab

1022 1364 1193 1397 Archelao
1211 1367 1455 1408 Cappadociae,
1479 1374 1514 1401 et
1529 1371 1725 1412 Pylaemene

1022 1415 1265 1456 Paphlagoniae
1288 1419 1437 1459 regibus,
1462 1420 1655 1453 Jornandes
1681 1423 1724 1454 de

1021 1465 1177 1498 Success.
1203 1467 1352 1507 Regnor.
1382 1473 1435 1500 55.
1499 1471 1660 1502 Ceterum
1690 1473 1725 1503 in

1019 1515 1177 1547 adeunda
1193 1517 1256 1548 hac
1271 1517 1383 1549 Attali
1397 1519 1590 1552 hereditate
1604 1522 1726 1553 Roma-

1019 1575 1078 1596 nos
1095 1566 1164 1596 doli
1181 1567 1260 1597 mali
1277 1573 1414 1599 accusat
1431 1569 1649 1602 Mithridates
1666 1582 1723 1613 ap.

1020 1616 1101 1647 Sall.
1129 1625 1181 1647 iv.
1210 1616 1257 1648 H.
1286 1623 1323 1648 et
1347 1618 1475 1650 Horat.
1509 1629 1550 1652 11.
1571 1620 1639 1652 Od.
1669 1625 1721 1653 18.

1020 1666 1029 1683 ‘
1045 1667 1166 1708 Neque
1181 1666 1289 1699 Attali
1312 1668 1455 1710 Ignotus
1469 1670 1569 1703 heres
1591 1673 1720 1714 regiam

1019 1717 1208 1755 occupavi?
1253 1719 1352 1750 Rern.

1061 1767 1116 1807 §6
1139 1768 1351 1809 Aristonicus]
1388 1770 1444 1802 De
1471 1770 1561 1804 bollo
1587 1773 1721 1807 Aristo-

1018 1817 1084 1848 nici
1102 1823 1230 1858 praeter
1257 1820 1332 1851 Liv.
1355 1821 1449 1861 Epit.
1472 1831 1547 1854 mx.
1575 1824 1664 1856 Flor.
1680 1834 1720 1856 11.

1016 1870 1071 1899 20.
1094 1869 1182 1900 Vell.
1193 1873 1273 1901 11.4.
1289 1871 1357 1911 leg.
1381 1871 1492 1904 Strab.
1505 1882 1583 1905 xlv.
1596 1883 1630 1914 p.
1644 1877 1720 1907 444.

1014 1917 1072 1949 fin.
1097 1918 1246 1950 Licinius
1279 1921 1431 1961 Crassus,
1457 1923 1514 1963 qui
1545 1933 1564 1953 a
1589 1925 1718 1956 Nostro

1016 1966 1142 1998 Consul
1178 1969 1315 2010 dicitur,
1351 1972 1451 2002 Floro
1482 1977 1537 2004 est
1565 1973 1718 2014 Praetor,

1013 2016 1200 2048 Paterculo
1223 2019 1430 2052 Proconsul:
1455 2022 1511 2063 qui
1537 2031 1613 2054 eum
1629 2024 1716 2064 juris

1013 2066 1273 2099 scientissimum
1287 2074 1398 2101 vocat.
1443 2071 1474 2102 A
1494 2076 1609 2104 nostro
1625 2073 1717 2106 Auc-

1013 2119 1086 2147 tore
1103 2120 1183 2148 sunt
1204 2118 1275 2149 Liv.
1295 2119 1393 2151 Oros.
1416 2120 1487 2153 Cic.
1509 2122 1596 2154 Phil.
1619 2133 1671 2154 xr.
1686 2127 1718 2155 8.

1012 2165 1170 2205 Bongars.
1213 2167 1298 2199 Mox
1315 2178 1376 2209 pro
1394 2170 1403 2186 ‘
1416 2175 1595 2210 paternum
1608 2171 1617 2185 '
1634 2173 1716 2205 Vin-

1011 2220 1103 2248 cent.
1121 2216 1224 2248 habet
1238 2218 1247 2234 ‘
1267 2219 1419 2251 avitum.'

1052 2266 1069 2306 ξ
1085 2268 1104 2297 7
1120 2267 1278 2299 Adversus
1288 2269 1448 2311 civitates]
1472 2271 1638 2315 Mindum,
1654 2275 1714 2306 Sa-

1009 2325 1112 2356 mum,
1137 2320 1172 2347 et
1189 2317 1431 2359 Colophonem.
1475 2322 1567 2355 Flor.
1592 2333 1631 2358 11.
1658 2328 1711 2356 20.

1010 2368 1041 2396 5.
1065 2366 1164 2397 Bern.

1053 2416 1105 2455 §8
1130 2415 1313 2447 Inconsultae
1324 2419 1482 2460 avaritiae]
1504 2421 1582 2454 Vid.
1596 2427 1712 2455 notam

1009 2463 1052 2494 ad
1070 2471 1174 2495 xxw.
1191 2467 1222 2496 7.
1239 2468 1271 2496 4.
1294 2467 1443 2500 Bernecc.
1496 2471 1586 2503 Saxo
1610 2481 1651 2504 11.
1677 2484 1711 2514 p.

1008 2516 1060 2544 27.
1087 2516 1139 2544 14.
1173 2514 1182 2531 ‘
1199 2515 1366 2547 Poenituit
1393 2522 1474 2550 tunc
1499 2521 1611 2552 oneris
1632 2523 1711 2554 Bri·

1008 2568 1128 2595 tannos
1144 2565 1309 2606 sanguine
1325 2576 1441 2607 poenas
1458 2571 1611 2602 avaritiae
1628 2572 1710 2603 dan-

1007 2613 1083 2646 tes!

1049 2665 1066 2704 ᾗ
1083 2667 1104 2695 9
1126 2665 1308 2706 Perpenna]
1330 2666 1371 2698 In
1388 2668 1500 2701 Fastis
1519 2671 1706 2713 Perperna.

1005 2714 1084 2746 Vid.
1101 2720 1260 2747 auctores
1276 2717 1351 2758 sup.
1369 2723 1516 2752 notatos.
1550 2722 1706 2764 Bongars.

1006 2766 1170 2805 Perpenna
1182 2770 1380 2798 constanter
1391 2778 1506 2801 omnes
1520 2771 1599 2805 edd.
1621 2774 1705 2817 Sup.

1005 2816 1118 2848 citatis
1135 2817 1333 2849 auctoribus
1359 2819 1409 2850 M.
1427 2820 1605 2862 Perperna
1623 2825 1705 2858 dici-

1005 2869 1071 2898 tur.
1115 2868 1171 2898 De
1190 2876 1231 2898 eo
1248 2867 1384 2900 vidend.
1401 2879 1536 2912 quoque
1551 2873 1627 2906 Val.
1652 2877 1703 2910 Μ.

1003 2926 1059 2951 111.
1085 2919 1115 2950 4,
1141 2921 1171 2950 5.
1201 2918 1384 2951 Berneccer.
1430 2920 1473 2952 In
1501 2922 1701 2965 Capitolinis
