2101 3419
612 294 809 327 JUSTlNl
845 294 937 325 Lm.
972 294 1104 325 xxii.
1135 296 1241 326 cAP.
1270 286 1311 327 2.

243 390 309 421 Ms.
337 390 566 431 reperiuntur,
589 390 670 421 nihil
691 394 821 421 mutare
838 398 938 421 ausus

242 449 313 470 sum
328 450 336 470 ι
354 439 501 481 quamvis
517 449 557 470 ea
572 439 651 470 mihi
666 439 765 471 valde
779 443 938 479 suspecta

242 490 322 522 sint.
365 490 452 521 Belli
468 489 502 520 in
519 489 758 530 Agrigentinos
775 493 809 520 et
822 489 939 520 Croto-

242 540 352 571 niatas
361 540 513 571 meminit
527 540 717 571 Diodorus:
740 540 783 571 de
800 540 938 571 AEtnaeis

244 595 280 621 et
296 590 476 630 Campanis
491 591 619 621 nullum
638 590 790 628 verbum,
814 595 849 621 et
875 591 938 621 Da-

241 650 355 671 masco
367 640 414 670 illi
425 645 477 672 est
488 639 606 679 Δάμας.
622 641 808 672 Plurimum
823 646 936 673 autem

242 690 277 720 in
305 693 379 720 tota
400 690 463 722 hac
492 692 686 722 narratione
718 691 759 722 ab
789 691 936 723 Auctore

242 745 357 772 nostro
383 741 555 782 discrepat
582 743 688 774 Diod.
712 748 749 774 ut
773 743 879 784 quivis
895 753 937 774 ex

243 792 299 824 lib.
324 801 403 824 mx.
427 798 463 824 et
486 802 549 824 xx.
571 793 686 824 videre
704 798 828 834 potest.
852 794 937 824 Bou-

239 852 325 881 gars.
359 843 441 883 [Qui
460 844 564 875 verba
581 843 674 875 dicta
688 844 816 876 uncinis
832 845 864 875 in
879 854 939 876 sua

242 892 307 924 Ed.
320 892 490 933 includit.]

284 943 301 983 ᾗ
326 946 365 974 12
387 942 537 984 Sequenti
564 944 806 985 Camponarum]
829 944 939 975 Valde

242 1002 361 1024 vereor
375 993 464 1024 hunc
482 994 503 1025 1.
521 999 718 1035 corruptum
739 1004 821 1025 esse.
864 994 940 1025 Sus-

241 1043 482 1085 picorlegend.
496 1045 719 1076 Cataneorum:
736 1045 832 1076 nimis
851 1046 939 1077 enim

242 1098 279 1125 et
296 1099 388 1126 terra
404 1099 436 1126 et
462 1096 542 1126 mari
559 1096 746 1136 Campania
761 1106 779 1126 a
795 1096 940 1136 Syracu-

241 1143 284 1175 sis
300 1143 416 1176 distat.
461 1146 572 1176 Multa
586 1146 640 1176 hic
657 1145 698 1176 de
715 1146 940 1177 conventione

242 1193 333 1225 inter
348 1193 570 1235 Agathoclem
587 1200 621 1226 et
642 1195 868 1227 Hamilcarem
885 1206 940 1227 ca-

243 1244 354 1275 villari
368 1246 497 1277 liceret.
525 1246 619 1276 Glar.

289 1295 528 1336 Campanorum]
567 1297 655 1327 Nam
682 1296 742 1326 hos
769 1296 802 1327 in
826 1296 942 1329 Sicilia

243 1343 318 1375 loca
336 1344 491 1385 quaedam
511 1344 660 1376 tenuisse
677 1345 777 1376 Diod.
797 1356 871 1377 xvr.
889 1350 941 1378 68.

244 1394 386 1426 indicat.
418 1395 600 1427 Berneccer.
645 1395 754 1427 Scrib.
775 1397 943 1438 Campano,

244 1454 377 1485 nempe,
391 1444 492 1476 bello.
518 1445 616 1476 Gran.

288 1495 375 1526 CAP.
393 1504 434 1526 11.
462 1497 478 1536 ς
502 1498 532 1527 4.
556 1496 609 1526 Ita
624 1505 682 1526 uno
697 1497 856 1536 eodemque
870 1500 943 1527 tem-

243 1545 332 1585 pore]
357 1545 412 1576 lta
423 1544 495 1575 fere
508 1554 557 1576 v1.
573 1548 668 1576 5-11.
692 1546 792 1577 Bern.

289 1596 305 1636 ᾗ
319 1598 338 1626 8
354 1595 516 1635 Expositis
526 1595 648 1634 ignibus
658 1595 763 1635 cereis,
772 1594 841 1635 ssa]
855 1596 942 1627 Nam

245 1645 280 1677 iu
295 1646 395 1677 rebus
411 1647 527 1686 sacris,
548 1647 655 1687 qualis
670 1647 726 1677 illa
737 1647 942 1687 jurisjuran-

246 1696 293 1735 di,
321 1705 438 1727 cereos
465 1696 636 1727 adhibitos
659 1701 805 1728 constat.
835 1697 942 1728 SebiS.

245 1748 358 1776 tamen
368 1745 493 1785 ignibus
503 1746 625 1776 Cereris
635 1746 831 1786 legendum:
848 1752 942 1778 certe

245 1795 318 1827 vitii
336 1796 414 1835 quid
428 1795 566 1826 subesse
585 1799 690 1835 putat.
720 1796 840 1826 Sebisii
856 1797 943 1837 conj.

245 1845 376 1876 stabilit
397 1846 600 1876 Plutarchus
624 1846 657 1876 in
678 1846 787 1876 Dione
804 1849 857 1878 70.
885 1847 943 1878 ubi

245 1894 288 1925 de
305 1894 448 1935 Calippo
471 1895 504 1925 in
522 1895 649 1935 templo
667 1896 813 1935 Cereris,
832 1902 943 1927 sumta

244 1944 379 1976 ardenti
404 1944 506 1984 taeda,
525 1945 676 1984 jurante.
710 1944 800 1976 Add.
828 1950 942 1977 notam

245 1995 288 2025 ad
304 2004 405 2026 xxrv.
422 1997 454 2025 2.
471 1997 500 2025 8.
523 1995 705 2025 Berneccer.
742 1996 852 2026 Locus
870 2005 942 2027 cor-

243 2045 379 2085 ruptiss.
425 2045 510 2084 Ego,
530 2044 674 2084 vestigia
696 2045 775 2076 lect.
794 2046 941 2086 vnlgatae

245 2099 418 2136 sequutus,
432 2094 565 2135 corrigo
588 2103 627 2125 ac
650 2095 746 2135 lego:
775 2095 858 2126 Tunc
874 2097 943 2127 Ha-

244 2145 380 2183 milcari,
405 2145 554 2184 expositis
578 2145 803 2176 conditionibus
813 2145 944 2183 foederis

241 2195 412 2235 pactisque,
435 2195 468 2226 in
494 2195 636 2235 obsequia
662 2195 824 2226 Poenorum
837 2195 941 2234 jurat.

245 2245 311 2275 Vel
337 2245 454 2276 melius
477 2255 536 2286 pro
552 2246 710 2285 pactisque
726 2244 830 2276 fuerit
844 2247 943 2286 pacis-

244 2305 311 2335 que.
354 2295 411 2326 Sic
438 2304 528 2327 xxx.
550 2299 581 2326 3.
603 2296 612 2312 ‘
630 2295 762 2326 Deinde
785 2305 860 2326 cum
885 2305 942 2327 ex-

246 2345 366 2385 positae
386 2345 597 2377 conditiones
623 2346 716 2386 pacis
740 2356 759 2376 a
783 2346 942 2377 Romanis

247 2395 380 2426 essent.'
424 2397 528 2427 Certe
556 2397 677 2427 melius
707 2406 742 2426 se
769 2397 873 2427 habet
896 2397 943 2427 ita

247 2446 444 2477 emendatus
459 2447 511 2478 hic
527 2448 631 2479 locus.
656 2448 816 2479 Boxlzorn.
855 2448 943 2487 Pey-

247 2496 357 2526 raredi
373 2497 461 2537 conj.
477 2502 530 2528 cst
546 2497 694 2538 expositis
704 2497 827 2536 ignibus
836 2497 945 2537 sacris,

247 2546 405 2586 tactisque,
418 2548 469 2586 ἅμ’.
501 2548 573 2578 Liv.
588 2549 636 2578 ita
656 2547 699 2578 de
717 2547 864 2578 Hannib.
880 2556 942 2577 xx.

246 2595 256 2612 ‘
274 2596 376 2626 Fama
392 2597 494 2627 etiam
511 2602 576 2635 est,
594 2597 819 2628 Hannibalem
842 2606 944 2627 anno-

249 2654 321 2676 rnm
350 2645 456 2677 ferme
490 2656 611 2677 novem
646 2647 823 2687 pueriliter
852 2646 944 2676 blan-

248 2694 395 2726 dientem
412 2697 501 2736 patri
522 2696 696 2737 Amilcar-i,
710 2702 747 2727 ut
762 2696 946 2728 duceretur

248 2744 282 2774 in
309 2744 518 2786 Hispaniam,
547 2756 624 2778 cum
648 2745 804 2787 perfecto
826 2745 944 2777 Africo

249 2792 353 2832 bello,
373 2795 556 2827 exercitum
582 2806 622 2827 eo
648 2797 868 2837 trajecuuus,
894 2806 944 2827 sa-

250 2842 430 2884 crificaret,
455 2845 614 2878 altaribus
640 2847 824 2887 admotum,
846 2847 946 2880 tactis

1605 284 1692 326 909

990 388 1095 420 sacris
1116 388 1341 430 jurejurando
1365 388 1523 420 adactum
1545 398 1592 428 se,
1612 398 1689 419 curn

989 439 1132 478 primum
1164 445 1289 479 posset,
1316 439 1447 471 hostem
1474 439 1547 470 fore
1574 439 1690 480 populi

990 488 1157 520 Romani!
1187 490 1272 522 Voss.
1330 491 1438 522 Quam
1470 491 1583 530 placet
1610 499 1690 520 con-

983 538 1122 579 jectura
1140 539 1278 570 Sebisii!
1303 539 1407 579 Legit
1423 540 1478 569 ille
1495 539 1617 578 ignibus
1635 540 1691 569 Ce-

987 589 1089 626 reris;
1113 589 1194 619 nihil
1211 589 1429 629 ingeniosius.
1475 589 1563 619 Nam
1587 593 1622 619 et
1639 598 1691 619 res

989 640 1021 671 in
1037 641 1152 671 Sicilia
1169 641 1310 681 geritur,
1326 640 1383 671 ubi
1401 640 1572 680 praecipua
1591 650 1692 671 vene-

989 691 1120 721 ratione
1147 690 1385 721 celebrabatur
1413 690 1535 727 Ceres;
1569 694 1603 720 et
1635 690 1693 720 illa

988 742 1066 772 Dea
1094 740 1332 772 ‘dadonchos'
1361 744 1446 771 erat.
1493 741 1551 771 Nil
1575 739 1691 781 itaque

989 791 1107 821 melius
1125 792 1238 831 potuit
1255 790 1456 830 excogitari.
1482 790 1594 821 Faber.
1635 791 1695 821 Se-

990 840 1055 871 bis.
1084 840 1221 881 legend.
1242 841 1387 881 conjecit
1409 840 1533 879 ignibus
1558 841 1693 870 Cereris.

991 890 1091 923 Quod
1115 891 1236 931 probat
1264 891 1413 922 Gronov.
1432 900 1480 921 ιν.
1496 893 1527 921 4.
1553 890 1640 922 Obs.
1658 895 1694 921 et

990 940 1078 980 ignes
1096 941 1218 971 Cereris
1235 941 1319 972 dicit
1335 950 1408 972 esse
1426 941 1558 981 altaria,
1575 941 1607 970 in
1625 941 1698 980 qui-

992 991 1053 1022 bus
1080 991 1214 1022 foculus
1235 1001 1396 1022 accensus
1414 990 1533 1022 fuerit.
1576 991 1695 1022 'raetis

992 1040 1153 1071 altaribus
1181 1040 1271 1081 qnod
1293 1041 1412 1081 jurare
1443 1041 1531 1071 soliti
1555 1039 1698 1080 fuerint,

992 1099 1034 1121 ex
1051 1091 1122 1121 Liv.
1143 1091 1233 1132 Nep.
1251 1096 1286 1122 et
1303 1092 1376 1122 aliis
1393 1091 1480 1122 scire
1495 1091 1589 1122 licet.
1626 1091 1695 1122 Sed

992 1146 1027 1172 et
1042 1141 1130 1182 quod
1150 1142 1184 1172 in
1200 1142 1327 1182 templo
1344 1147 1379 1172 et
1395 1141 1435 1172 ad
1455 1151 1543 1172 aram
1559 1141 1695 1172 Cereris

992 1191 1072 1222 illud
1088 1191 1213 1222 factum
1230 1191 1345 1230 fuerit,
1357 1195 1502 1223 constat.
1526 1191 1604 1223 Juv.
1620 1200 1696 1222 xlv.

991 1243 1000 1259 ‘
1016 1243 1155 1274 Vendet
1173 1243 1318 1283 perjuria
1336 1252 1462 1273 summa
1478 1242 1610 1282 Exigua
1632 1243 1697 1273 Ce-

992 1292 1075 1323 reris
1111 1297 1252 1333 tangens
1291 1302 1449 1333 aramque
1485 1293 1698 1333 pedemque.’

994 1342 1117 1383 Deque
1132 1343 1203 1383 ipso
1217 1342 1419 1382 Agathocle,
1433 1342 1474 1373 de
1488 1353 1555 1383 qno
1568 1343 1697 1374 Noster

993 1392 1076 1432 agit,
1093 1393 1192 1424 Diod.
1212 1402 1288 1424 xix.
1307 1393 1377 1423 sic:
1404 1392 1580 1433 Παραχθεὶς
1601 1392 1643 1425 εἷς
1659 1394 1697 1424 τὸ

993 1444 1049 1479 τῆς
1076 1442 1236 1483 Δήμητρος
1267 1442 1343 1484 ἱερὸν
1372 1442 1429 1473 ὑπὸ
1466 1445 1528 1473 τῶν
1563 1447 1697 1475 πολιτῶν

994 1493 1131 1531 annuae:
1158 1495 1166 1509 ‘
1184 1493 1363 1523 Adductus
1391 1493 1424 1522 in
1452 1493 1587 1523 Cereris
1613 1499 1698 1524 tem-

994 1543 1086 1582 plum
1101 1553 1120 1573 a
1133 1541 1422 1582 civibusjuravit.’
1442 1542 1508 1573 Sed
1523 1548 1557 1573 ct
1570 1543 1699 1574 Noster

995 1600 1099 1622 xxrv.
1115 1595 1146 1622 2.
1165 1595 1196 1623 S.
1226 1593 1451 1623 Ptolemaeum
1477 1594 1484 1609 ‘
1505 1593 1646 1633 sumptis
1664 1594 1697 1624 in

993 1651 1110 1672 manus
1141 1643 1303 1673 altaribus
1332 1642 1526 1683 adjurasse'
1565 1644 1698 1675 scribit.

994 1693 1084 1725 Quid
1110 1693 1136 1723 si
1162 1694 1310 1724 dicamus
1333 1693 1414 1723 nihil
1432 1693 1644 1734 mutandum,
1661 1699 1698 1726 et

992 1743 1079 1781 ignes
1097 1753 1198 1774 cereos
1215 1753 1300 1782 esse,
1319 1742 1410 1774 faces
1426 1747 1462 1773 et
1483 1744 1605 1784 taedas,
1620 1755 1697 1785 quae

993 1793 1159 1833 expositae
1172 1798 1345 1834 tactaeque
1361 1792 1503 1833 fuerint,
1519 1795 1698 1834 cumjura-

991 1844 1110 1874 retur?
1133 1844 1222 1874 Sane
1251 1844 1345 1874 Plut.
1372 1843 1406 1873 in
1432 1844 1546 1874 Dione
1574 1844 1617 1874 de
1634 1845 1698 1876 Ca-

991 1893 1085 1933 lippo
1112 1894 1144 1924 in
1172 1895 1302 1934 templo
1334 1894 1467 1925 Cereris
1490 1899 1625 1935 sumpta
1649 1905 1699 1926 ar-

992 1943 1087 1975 denti
1125 1944 1215 1975 taeda
1247 1944 1388 1984 jurante
1419 1944 1549 1975 scribit.
1597 1945 1700 1976 Vorst.

993 1995 1069 2026 Non
1086 2005 1218 2034 possum
1235 1996 1331 2025 cereis
1346 1995 1399 2025 hic
1425 1994 1584 2035 probare.
1632 1996 1699 2027 Qui

991 2045 1081 2074 enim
1106 2045 1311 2085 cohaereant,
1336 2049 1372 2076 et
1393 2054 1467 2085 quae
1492 2045 1537 2075 sit
1561 2045 1700 2086 locutio,

991 2095 1080 2134 ignes
1095 2093 1198 2126 cerei?
1221 2096 1326 2136 magis
1342 2096 1456 2136 placet
1474 2096 1611 2134 Cereris,
1622 2106 1698 2127 cum

993 2146 1184 2186 praesertim
1203 2147 1385 2177 conveniat
1398 2145 1551 2177 historia.
1577 2147 1698 2187 Neque

992 2202 1106 2226 tamen
1124 2195 1172 2226 sic
1189 2195 1324 2226 videtur
1339 2205 1438 2225 sanus
1453 2197 1560 2228 locus,
1607 2197 1698 2228 Quo-

992 2245 1091 2275 modo
1117 2246 1202 2276 enim
1226 2246 1470 2286 explicabimus
1496 2246 1590 2276 tactis
1614 2247 1700 2285 igni-

992 2294 1070 2328 bus?
1092 2296 1185 2336 ignes
1209 2296 1324 2335 utique
1349 2305 1415 2325 non
1446 2296 1696 2335 tangebantur:

993 2346 1089 2386 ignes
1119 2355 1200 2376 vero
1226 2345 1349 2376 altaria
1379 2346 1554 2385 explicare
1581 2346 1698 2377 nescio

993 2405 1035 2426 an
1060 2405 1124 2426 non
1153 2395 1273 2426 (lurum
1300 2395 1355 2434 sit,
1379 2395 1567 2434 prmsertim
1586 2395 1618 2424 in
1636 2395 1698 2426 hoc

994 2456 1118 2485 genere
1141 2445 1313 2486 loquendi.
1359 2446 1439 2485 Leg.
1457 2445 1560 2484 igitur
1577 2445 1625 2476 sic
1642 2456 1697 2485 ap.

995 2496 1157 2526 Nostrum
1172 2507 1179 2527 :
1204 2496 1287 2526 Tunc
1305 2496 1482 2526 Hamilcari
1499 2496 1575 2535 aris,
1589 2496 1699 2536 positis

992 2546 1117 2585 ignibus
1141 2547 1276 2585 Cereris,
1303 2547 1466 2587 tactisque.
1511 2547 1601 2577 Illud
1633 2547 1700 2576 aris

994 2597 1135 2636 excidit,
1170 2597 1247 2637 quia
1285 2601 1512 2637 praecesserat
1543 2597 1576 2626 in
1611 2605 1698 2627 voce

995 2646 1173 2677 Hamilcari
1201 2645 1239 2676 τὸ
1269 2648 1331 2685 ari,
1362 2646 1450 2687 quod
1487 2646 1630 2686 proinde
1660 2652 1699 2677 ut

995 2695 1201 2736 superfluum
1225 2696 1381 2737 maleque
1406 2697 1590 2736 repetitum
1608 2696 1700 2726 dele-

995 2745 1088 2785 bant,
1103 2747 1174 2777 sola
1194 2746 1294 2776 litera
1312 2755 1327 2776 s
1345 2750 1480 2777 servata
1504 2750 1539 2776 et
1565 2755 1700 2776 annexa

995 2796 1216 2837 subsequenti
1243 2797 1367 2836 positiS,
1397 2797 1486 2827 unde
1517 2806 1620 2837 expos.
1645 2802 1698 2828 est

995 2846 1138 2879 factum.
1193 2847 1303 2878 Porro
1333 2847 1399 2878 aris
1433 2847 1546 2887 positis
1573 2846 1698 2886 ignibus
