2101 3419
556 366 755 398 JUSTlNl
788 365 885 396 [ΑΒ.
917 364 1057 395 xmv.
1089 365 1197 396 cAP.
1225 354 1270 395 3.

187 464 321 503 gestum
341 471 446 493 annos
470 464 523 494 14.
548 461 641 494 Flor.
656 471 697 494 11.
713 464 764 495 17.
776 464 830 493 25.
845 464 882 493 et

188 513 288 544 Oros.
310 522 345 545 v.
360 515 391 544 4.
413 511 576 544 scribunt.
606 513 762 552 Bongars.
804 511 883 542 Vid.

188 563 322 595 omnino
346 563 437 604 Lips.
470 563 555 594 Not.
572 565 646 594 172.
669 563 712 594 ad
737 562 825 595 Ven.
840 571 882 593 ιι.

188 613 287 645 Bern.

230 663 318 695 Adeo
326 663 409 701 feris
420 662 580 704 propiora]
614 662 701 694 Haec
717 662 750 693 in
764 670 884 702 paren-

141 732 143 736 .
189 712 278 745 thesi
304 715 405 754 vulgo
437 718 578 753 ponunt,
604 713 675 744 sine
703 722 817 751 causa,
846 714 886 743 ut

190 762 321 803 opinor,
346 767 382 793 et
404 761 431 794 f.
460 762 536 803 quia
557 766 705 793 mentem
727 760 886 793 Auctoris

189 811 279 843 haud
300 811 545 852 percipiebant.
589 811 774 842 Continent
797 810 886 841 enim

189 862 368 902 rationem,
382 861 424 892 ob
441 870 540 902 quam
550 861 658 891 nullos
674 860 779 891 duces
795 869 887 900 mag-

189 920 250 943 nos
264 911 458 951 habuerint,
471 911 571 942 videl.
584 911 662 952 quia
675 910 817 942 ducibus
832 909 889 941 ali-

190 960 310 1002 quibus
321 961 587 992 detrectaverint
598 970 729 1001 parere‚
739 959 887 991 ferarum

191 1011 310 1052 instar,
324 1021 400 1053 quae
417 1016 452 1043 et
473 1011 556 1052 ipsae
573 1011 676 1042 duces
702 1013 890 1051 agnoscunt

190 1062 312 1102 nullos,
337 1062 397 1093 sed
423 1071 483 1093 suo
506 1061 673 1093 arbitratu
695 1070 758 1102 per
781 1070 817 1092 se
835 1070 890 1091 va-

191 1116 325 1153 gantur.
370 1112 493 1152 Itaque
520 1111 747 1152 subjungitur,
768 1120 810 1141 ne
834 1110 892 1141 Vi—

192 1163 316 1194 riatum
333 1161 469 1202 quidem
489 1166 636 1200 secutos,
652 1166 689 1192 ut
705 1160 840 1198 ducem,
856 1163 892 1191 et

195 1221 215 1242 a
240 1221 275 1242 se
301 1212 461 1251 electum,
486 1215 526 1242 ut
548 1211 613 1251 ipsi
641 1213 800 1250 pareant,
829 1218 892 1240 ceu

193 1261 371 1302 superiori,
385 1270 500 1292 verum
517 1262 596 1302 quia
616 1260 819 1292 ostendebat
841 1270 892 1292 ra-

195 1311 304 1343 tiones
316 1309 502 1351 effugiendi
514 1311 671 1352 periculi.
705 1311 818 1343 Debet
829 1311 894 1342 ita-

195 1370 260 1402 que
276 1361 323 1392 sic
339 1361 500 1402 distingui
515 1365 605 1392 totus
620 1362 733 1393 locus:
758 1361 810 1402 qui
820 1371 850 1392 α.
861 1362 893 1393 d.

198 1412 242 1442 R.
257 1420 287 1442 v.
296 1410 468 1453 fatigavit:
488 1413 563 1442 adeo
567 1411 599 1450 f.
612 1422 644 1451 p.
655 1422 683 1452 q.
695 1412 758 1444 h.i.
769 1415 894 1452 gerunt.

199 1461 299 1498 Quem
312 1462 371 1501 ips.
383 1471 453 1501 non,
464 1464 516 1501 ξε.
540 1461 654 1493 Schef.

246 1511 289 1542 Ut
304 1512 443 1550 cavendi,
467 1513 536 1552 iffa]
580 1512 647 1543 Dio
675 1512 709 1543 in
733 1513 896 1552 Excerpt.

199 1560 412 1592 Constantini
436 1562 469 1593 in
490 1562 658 1603 Porphyr.
677 1572 711 1603 p.
731 1565 806 1593 614.
838 1566 896 1603 Λῃ-

199 1611 278 1649 στής
297 1624 333 1643 τε
346 1612 406 1653 ’γὰρ
421 1613 455 1643 ἐκ
473 1611 612 1651 ποιμένος
632 1612 682 1643 καὶ
702 1612 782 1651 μετὰ
804 1613 895 1643 τοῦτο

199 1661 250 1692 καὶ
269 1662 454 1703 στρατηγός·
473 1661 615 1702 ἐπεφύκει
637 1662 699 1702 ’γὰρ
715 1662 765 1693 καὶ
779 1662 897 1700 ἤσκητο

198 1710 348 1751 τάχιστος
361 1711 419 1751 μὲν
439 1711 583 1751 διῶξαίτε
603 1712 653 1743 καὶ
675 1714 794 1753 φυγεῖν,
808 1712 897 1752 ἴσχυ-

202 1760 336 1802 ρώτατος
351 1761 383 1793 δὲ
399 1762 431 1793 ἐν
442 1761 553 1803 σταδίᾳ
567 1760 654 1803 μάχῃ
666 1760 749 1793 εἶναι.

244 1813 262 1853 §
287 1815 306 1843 8
334 1813 408 1844 Non
422 1813 517 1844 vestis
531 1813 662 1853 culeum]
699 1812 788 1843 Talis
805 1811 898 1843 Otho

201 1871 257 1904 ap.
269 1863 355 1894 Tac.
372 1863 417 1894 H.
435 1872 476 1894 11.
493 1866 543 1894 11.
560 1865 591 1893 8.
634 1863 722 1893 Talis
744 1862 899 1902 Carinus,

201 1923 229 1945 ³.
244 1913 357 1954 potius
373 1914 493 1953 Carus,
522 1923 576 1953 ap.
598 1913 717 1953 Synes.
739 1912 835 1943 Orat.
856 1911 899 1942 de

201 1963 320 2004 Regno
334 1973 367 2003 p.
385 1966 436 1994 13.
462 1963 595 1994 Bernec.

245 2013 333 2044 CAP.
346 2014 431 2053 111.§
449 2016 464 2044 l
481 2013 517 2043 In
531 2011 708 2052 Lusitanis]
730 2011 740 2028 ‘
754 2012 837 2042 Rem
851 2010 900 2041 in-

201 2063 401 2095 credibilem
412 2063 420 2076 '
437 2063 520 2094 dicit
530 2063 650 2101 Varro,
664 2062 674 2078 ⁴
688 2061 748 2092 sed
761 2060 900 2100 veram‚'

202 2121 246 2144 n.
270 2113 313 2144 de
338 2114 379 2145 R.
395 2114 434 2145 R.
454 2117 486 2144 5.
506 2116 542 2144 et
564 2113 694 2144 Colum.
711 2121 760 2143 vt.
788 2115 842 2143 27.
865 2115 901 2143 et

204 2163 293 2196 Plin.
306 2173 387 2195 vm.
400 2167 453 2195 42.
475 2163 553 2195 Vid.
565 2163 781 2194 etMaronem
794 2162 835 2193 G.
846 2171 901 2192 111.

203 2216 278 2246 273.
300 2215 459 2253 Bongars.
502 2213 591 2245 Add.
606 2213 728 2244 citatos
754 2217 791 2244 et
815 2221 902 2243 corn-

205 2264 367 2304 probatos
393 2274 412 2295 a
433 2263 520 2295 Lud.
537 2264 699 2295 Carrione
719 2261 900 2293 Emendat.

205 2322 232 2345 1.
248 2316 300 2344 17.
317 2317 352 2344 et
364 2315 449 2344 11.4.
478 2312 681 2343 Franciscus
696 2315 807 2342 tamen
822 2311 903 2341 Fer-

205 2363 349 2394 nandius
364 2363 407 2393 de
427 2362 594 2399 Cordova,
611 2361 795 2402 Hispanus,
810 2361 902 2392 illam

206 2413 434 2443 narrationem
461 2412 502 2442 de
526 2411 676 2452 equabus
705 2411 902 2451 Hispanicis

210 2467 310 2493 vento
333 2460 601 2502 concipientibus
617 2470 690 2491 esse
707 2460 904 2491 commenti-

209 2511 304 2551 tiam,
334 2516 369 2542 et
394 2511 611 2550 auctoritate,
632 2515 668 2541 et
702 2511 845 2548 ratione,
869 2514 905 2540 et

210 2561 424 2601 experientia
437 2560 539 2592 docet
556 2561 588 2590 in
612 2559 810 2591 Didascalia
826 2559 906 2589 mul-

210 2611 318 2652 tiplici
334 2614 388 2642 48.
431 2610 471 2641 In
496 2620 591 2651 quam
610 2610 812 2640 sententiam
828 2618 906 2639 con-

210 2661 303 2692 cedit
318 2665 354 2692 et
380 2661 458 2693 Joh.
475 2660 685 2691 Wouwerius
711 2658 905 2699 Polymath.

213 2712 265 2742 11.
280 2721 330 2751 pr.
346 2711 444 2742 Rern.

257 2760 471 2800 Quaefabulae]
495 2759 567 2791 Imo
579 2770 649 2791 rem
664 2759 712 2790 ita
722 2769 758 2790 se
771 2759 910 2799 habere,

212 2820 322 2851 neque
346 2809 533 2842 fabulosum
560 2811 625 2841 hoc
656 2819 744 2850 esse,
768 2809 910 2841 tradunt

213 2866 342 2902 praeter
356 2862 455 2893 Varr.
470 2861 591 2903 Virgil.
612 2861 700 2892 Plin.
717 2865 752 2892 et
779 2860 909 2891 Colum.

215 2911 317 2943 etiam
327 2911 443 2953 Silius,
459 2912 526 2953 cui,
539 2916 576 2944 ut
588 2911 764 2953 Hispanici
776 2911 909 2951 generis

1518 352 1630 395 1037

929 459 1068 500 homini,
1083 459 1227 491 maxime
1252 458 1307 490 hic
1328 458 1412 490 fides
1439 457 1632 490 adhibenda

931 511 1081 550 videtur,
1117 510 1168 541 his
1213 509 1384 541 versibus:
1430 510 1439 527 ‘
1471 508 1632 540 Mirabile

932 558 1040 598 dictu,
1056 559 1178 590 Nullus
1192 562 1266 590 crat
1281 563 1381 598 pater
1394 568 1404 597 ς
1428 557 1469 588 ad
1484 557 1633 599 Zephyri

932 619 1018 640 nova
1028 608 1163 641 flamina
1176 609 1306 649 campis
1318 610 1508 641 Vettonum
1533 609 1635 640 educ-

934 663 1005 689 tum
1035 659 1182 699 genitrix
1206 658 1372 690 effuderat
1398 659 1541 700 Harpe!
1589 660 1635 691 Et

933 708 1080 747 Solinus,
1095 708 1154 749 qui
1181 708 1312 749 inquit:
1337 710 1489 749 ‘Tagum
1514 709 1556 740 ob
1577 709 1635 740 ha-

935 767 1033 788 renas
1057 756 1223 789 auriferas
1238 758 1364 790 ceteris
1380 759 1531 790 amnibus
1548 769 1635 800 prae-

935 808 1105 839 tulerunt:
1151 808 1184 839 in
1222 809 1386 849 proximis
1424 809 1638 849 Ulyssiponis

936 867 1032 899 equae
1062 858 1243 889 lasciviunt
1274 858 1361 889 mira
1390 857 1636 891 foecunditate:

936 918 1013 939 nam
1029 907 1181 948 spirante
1197 911 1300 939 vento
1321 908 1472 939 Favonio
1488 908 1637 949 concipi-

937 963 1011 997 unt,
1025 962 1059 989 et
1072 958 1224 989 sitientes
1237 958 1326 989 viros
1343 968 1499 989 aurarum
1517 959 1639 999 spiritu

937 1008 1165 1040 maritantur!
1211 1008 1300 1040 Item
1338 1009 1436 1040 alibi:
1481 1009 1491 1026 ‘
1521 1009 1639 1041 Edunt

939 1069 1036 1101 equae
1068 1069 1111 1090 ex
1138 1060 1246 1090 ventis
1274 1063 1484 1100 conceptos:
1517 1059 1576 1090 sed
1606 1059 1639 1090 hi

940 1120 1121 1152 numquam
1137 1111 1318 1142 triennium
1342 1120 1451 1141 aevum
1475 1110 1639 1142 trahunt.'

940 1162 1130 1192 Martianus
1170 1161 1313 1200 Capella
1349 1160 1391 1191 de
1434 1161 1640 1201 Ulyssipone

942 1221 1068 1252 agens:
1106 1211 1115 1227 ‘
1133 1211 1174 1241 In
1196 1209 1295 1251 ejus,'
1325 1210 1448 1251 inquit,
1471 1211 1480 1227 ‘
1495 1209 1640 1241 confinio

942 1271 1104 1303 equarum
1127 1261 1253 1293 foetura
1276 1262 1382 1292 ventis
1404 1261 1642 1292 maritantibus

943 1312 1100 1343 inolescit
1114 1311 1135 1343 :’
1169 1311 1255 1353 quod
1284 1316 1398 1342 autem
1432 1312 1492 1350 ait,
1522 1312 1641 1342 ‘num-

944 1372 1042 1403 quam
1061 1362 1243 1393 triennium
1269 1371 1377 1392 aevum
1402 1360 1560 1401 trahunt,’
1585 1361 1642 1392 ad-

943 1412 1056 1444 firmat
1088 1413 1193 1444 etiam
1217 1413 1424 1444 Columella:
1469 1412 1478 1429 ‘
1494 1412 1576 1443 Cum
1599 1411 1644 1443 sit

944 1462 1154 1493 notissimum
1194 1461 1296 1492 etiam
1334 1462 1367 1492 in
1399 1471 1496 1492 sacro
1531 1467 1644 1492 monte

946 1512 1135 1553 Hispaniae,
1152 1512 1209 1552 qui
1233 1511 1403 1552 procurrit
1426 1511 1459 1541 in
1485 1512 1644 1543 occiden-

946 1563 1123 1602 temjuxta
1133 1562 1320 1601 Oceanum,
1332 1560 1528 1602 frequenter
1541 1571 1643 1603 equas

945 1613 1018 1644 sine
1032 1613 1121 1643 coitu
1139 1616 1289 1643 ventrem
1303 1613 1497 1652 pertulisse,
1512 1612 1645 1644 foetum-

946 1673 1010 1704 que
1027 1663 1212 1700 educasse;
1234 1662 1290 1703 qui
1306 1667 1418 1693 tamen
1431 1662 1558 1693 inutilis
1571 1667 1646 1694 est:

946 1713 1035 1754 quod
1061 1712 1218 1750 triennio,
1239 1712 1433 1753 priusquam
1460 1712 1647 1752 adolescat,

946 1768 1054 1794 morte
1067 1763 1256 1793 absumitur
1271 1762 1292 1793 :'
1314 1762 1482 1801 adfirmat,
1495 1763 1645 1803 inquam,

948 1813 1155 1850 Columella;
1172 1812 1231 1843 sed
1245 1822 1311 1842 non
1325 1813 1424 1843 etiam
1435 1813 1532 1843 Silius
1544 1812 1647 1852 idem,

949 1864 1042 1904 cujus
1056 1869 1132 1894 sunt
1148 1863 1203 1894 isti
1220 1873 1355 1894 versus:
1378 1864 1387 1879 ‘
1401 1862 1447 1893 At
1459 1863 1646 1894 Vettonum

949 1915 1016 1945 alas
1033 1915 1177 1945 Balarus
1203 1913 1325 1954 probat
1353 1923 1488 1954 aequore
1517 1919 1648 1954 aperto.

951 1964 1042 1994 Hinc
1059 1964 1157 2002 adeo,
1173 1973 1247 1994 cum
1267 1973 1324 1993 ver
1347 1963 1518 2003 placidum
1535 1962 1647 1994 flatus-

951 2023 1016 2054 que
1030 2014 1192 2054 tepescss,
1217 2013 1426 2044 Concubitus
1447 2022 1582 2043 servans
1600 2018 1649 2043 ta-

951 2064 1035 2095 citos
1047 2074 1129 2104 grex
1150 2068 1463 2104 prostatequarum,
1479 2065 1524 2094 Et
1539 2064 1649 2094 Vene-

952 2123 1020 2145 rem
1035 2115 1201 2146 occultam
1219 2114 1361 2154 genitali
1377 2114 1531 2154 concipit
1557 2123 1650 2144 aura.

950 2165 1016 2196 Sed
1032 2174 1098 2195 non
1110 2165 1216 2195 multa
1229 2164 1300 2195 dies
1315 2164 1449 2204 generi:
1475 2170 1650 2204 properat-

953 2224 1018 2254 que
1034 2219 1211 2245 senectus:
1236 2214 1457 2254 Septimaque
1471 2213 1521 2244 his
1536 2213 1650 2243 stabu-

951 2264 991 2294 lis
1008 2264 1202 2304 longissima
1226 2263 1362 2294 ducitur
1378 2263 1500 2294 aestas!
1546 2264 1651 2301 Ecce,

952 2319 1082 2354 septem
1109 2323 1213 2344 annos
1241 2313 1306 2343 illis
1336 2313 1415 2343 dat:
1450 2312 1570 2353 quibus
1595 2313 1653 2343 alii

954 2364 1009 2394 vix
1035 2368 1117 2402 tres,
1140 2363 1202 2393 nisi
1228 2363 1302 2403 quis
1331 2362 1492 2393 audacior
1515 2367 1652 2393 censeat

953 2412 1055 2442 etiam
1082 2413 1134 2443 hic
1158 2412 1412 2452 reponendum:
1449 2412 1651 2451 ‘Tertiaque

953 2462 1003 2492 his
1020 2461 1182 2492 stabulis!
1220 2462 1320 2494 Quod
1346 2462 1425 2492 milii
1449 2465 1563 2492 tamen
1586 2471 1652 2491 uon

953 2511 1187 2552 persuadebit.
1225 2512 1314 2542 Mod.

1000 2560 1168 2599 Gallccciu]
1194 2560 1250 2591 Ita
1272 2559 1510 2597 scribendum
1533 2569 1598 2590 non
1615 2564 1654 2591 ut

954 2611 1046 2651 vulg.
1076 2611 1230 2641 Gallecia.
1274 2610 1399 2640 Vlitius
1423 2610 1455 2639 in
1485 2610 1583 2640 Notis
1610 2611 1653 2641 ad

956 2660 1112 2691 Gratium
1129 2660 1244 2689 mallet
1263 2659 1416 2688 Calloecz'u.
1461 2659 1526 2688 Sed
1544 2659 1653 2689 literae

957 2710 987 2741 G
1005 2717 1040 2741 et
1063 2711 1102 2747 C,
1118 2713 1155 2740 ut
1177 2709 1287 2749 ejusd.
1304 2709 1534 2749 instrumenti,
1553 2707 1654 2739 facile

957 2764 1204 2801 permutantur.
1235 2759 1341 2790 Vorst.

1015 2811 1076 2850 §2
1115 2809 1235 2839 Galleci
1264 2811 1367 2839 autem
1409 2808 1554 2838 Groecam
1593 2807 1655 2839 sibi

957 2860 1108 2898 originem
1145 2858 1300 2898 asserunt]
1364 2858 1439 2889 Hoc
1471 2868 1539 2888 non
1572 2863 1654 2898 puto

959 2920 1085 2942 verum.
1131 2909 1198 2941 Sed
1224 2913 1260 2941 ut
1287 2919 1341 2950 ap.
1368 2908 1462 2941 Vett.
1487 2908 1654 2941 Celtiberi
