2101 3419
443 344 556 386 1040

445 456 504 478 nes
520 450 678 488 receptos
694 447 893 479 Latinitatis
915 452 980 480 est.
1021 447 1089 479 Sed
1106 451 1143 480 et

444 497 491 529 id.
520 507 574 528 me
605 507 662 538 ap.
686 498 802 530 Plaut.
837 498 1034 530 observasse
1059 499 1143 538 scio,

446 547 537 588 quod
551 548 634 579 satis
649 552 713 579 est.
743 549 866 580 Franc.
879 553 993 580 autem
1007 549 1143 580 Modins

445 608 499 639 ap.
516 599 685 631 Bernecc.
701 610 898 642 quamquam
915 600 996 630 alias
1019 604 1054 631 et
1067 599 1144 631 doc-

446 650 536 681 trina
546 650 718 691 etjndicio
730 651 890 692 singulari
901 651 1078 692 praeditus,
1090 651 1144 682 hic

445 699 575 740 aliquid
601 701 737 732 humani
762 711 881 742 passus
915 705 990 740 est;
1015 703 1145 733 erravit

448 750 558 789 enim3
582 751 674 792 quod
690 751 847 783 monend.
875 752 1005 792 putavi,
1029 761 1072 782 ne
1090 752 1145 782 cni

447 801 633 832 auctoritas
649 801 736 832 illius
752 801 916 842 imponat,
929 802 956 832 si
972 801 1145 832 credulum

448 850 608 882 lectorem
629 857 751 882 nactus
768 852 846 882 erit.
893 851 927 882 Is
957 851 998 883 ad
1026 851 1097 891 huj.
1122 852 1145 882 l.

448 901 742 933 confirmationem
755 901 905 934 affertex
919 903 990 935 Cic.
1003 903 1036 934 in
1046 904 1145 934 Verr.

448 953 458 970 ‘
475 951 685 992 Confirmat‚’
701 956 764 985 ὅτε.
806 954 890 984 Tum
904 959 939 985 et
954 954 1016 985 boc
1027 964 1068 985 ex
1083 954 1147 984 Co-

449 1002 529 1033 lum.
547 1012 571 1033 1.
594 1004 603 1019 ‘
620 1003 696 1034 Non
713 1003 914 1044 nocebitur‚'
936 1006 1001 1036 διο.
1047 1004 1146 1037 Quod

450 1057 631 1094 utrumque
661 1055 854 1094 exemplum
892 1055 938 1085 nil
965 1055 1147 1096 quidquam

451 1102 587 1142 probat.
633 1103 722 1136 Quid
737 1104 825 1134 enim
847 1104 926 1134 novi
945 1104 973 1135 si
996 1103 1147 1134 dicamus

453 1153 462 1169 ‘
473 1156 655 1184 noceretur
669 1152 786 1191 Julio,'
803 1153 812 1171 ⁴
829 1158 970 1184 nocetur
985 1153 1107 1193 pudori
1121 1154 1146 1183 ?’

451 1211 574 1242 nempe
604 1202 637 1232 in
673 1202 786 1233 activa
819 1201 1065 1242 significatione
1101 1202 1150 1233 di-

454 1251 554 1282 cend.
571 1256 664 1282 esset
684 1252 693 1268 ‘
706 1261 829 1283 nocere
843 1252 960 1291 Julio,'
980 1261 1045 1282 non
1069 1252 1151 1282 Juli-

452 1312 516 1333 um.
562 1302 609 1333 At
625 1302 691 1341 hic,
706 1303 847 1343 inquies,
863 1308 915 1333 est
928 1302 1003 1333 itid.
1027 1304 1035 1320 ‘
1050 1312 1150 1334 noce-

452 1351 568 1390 retur,’
586 1357 621 1382 nt
638 1362 693 1392 ap.
705 1352 797 1384 Just.
835 1353 975 1391 Fateor;
993 1353 1052 1384 sed
1067 1355 1076 1370 ‘
1093 1363 1151 1384 no-

453 1408 590 1434 ceretur
606 1403 662 1441 ei‚’
689 1413 754 1434 non
780 1407 941 1435 noceretur
969 1404 1034 1442 ille,
1060 1404 1149 1445 qnod

453 1457 529 1483 crat
555 1452 779 1492 probandum.
823 1453 955 1494 Saepius
978 1454 1070 1494 legas
1095 1464 1149 1495 ap.

452 1502 600 1542 optimos
623 1503 806 1544 scriptores
839 1503 993 1543 ‘statur,’
1020 1505 1152 1545 ‘quies-

452 1552 563 1588 citur‚’
584 1554 593 1568 ‘
609 1552 764 1592 venitur,’
794 1562 904 1594 neque
920 1558 1031 1585 tamen
1050 1564 1149 1595 prop-

455 1607 551 1633 terea
564 1612 708 1643 unquam
727 1603 818 1634 dicas
843 1606 922 1642 δίον,
937 1614 1056 1643 curi-or,
1085 1605 1152 1644 qui-

454 1662 549 1691 escm,
563 1654 674 1692 calcor,
693 1653 807 1684 venior.
855 1654 976 1695 Neque
993 1655 1080 1684 enim
1095 1655 1152 1685 ist-

453 1702 527 1733 liaec
555 1712 614 1742 per
631 1703 742 1742 plnres
760 1713 922 1743 personas
954 1703 1151 1735 flectuntur.

454 1753 546 1785 Quid
564 1754 666 1793 igitur
686 1752 808 1784 afferre
834 1758 969 1794 poterat
992 1754 1151 1785 Medius?

454 1802 554 1833 Hunc
574 1804 687 1834 Plauti
700 1804 811 1834 locum
827 1813 874 1834 sc.
898 1805 907 1820 ‘
921 1804 1019 1842 Jura,
1040 1809 1074 1836 te
1087 1814 1152 1835 non

454 1853 644 1884 nociturum
670 1863 745 1884 esse
771 1854 939 1885 hominem
964 1854 1006 1885 de
1030 1855 1090 1886 hac
1116 1864 1153 1885 re

456 1902 622 1932 neminem
639 1902 657 1932 :'
681 1908 752 1934 tum
770 1913 847 1934 vero
871 1913 939 1934 rem
961 1905 1060 1944 plane
1077 1914 1154 1935 con-

455 1951 580 1982 fectam
598 1952 759 1985 dedisset.
784 1954 896 1986 Faber.
941 1955 1094 1995 [Vitruv.
1114 1964 1155 1987 11.

455 2004 486 2032 7.
518 2003 721 2034 ‘Nocentur
749 2014 768 2034 a
796 2005 1057 2045 tempestatibus
1095 2015 1154 2046 pc-

457 2051 557 2090 trae.']

500 2102 517 2141 ᾗ
540 2104 560 2131 9
584 2101 705 2142 La'queo
729 2103 850 2143 captus]
894 2103 973 2135 vid.
1003 2104 1085 2135 Not.
1112 2103 1154 2134 ad

457 2150 535 2182 Sen.
550 2152 676 2183 Octav.
691 2156 766 2184 412.
793 2154 929 2185 Gronov.

502 2202 518 2241 ς
544 2204 580 2232 ll
608 2203 725 2232 Nomen
742 2203 763 2233 i.
779 2203 800 2233 i.
818 2203 880 2244 H.]
919 2203 974 2234 Ita
1001 2204 1155 2235 Lactant.

461 2260 485 2282 1.
505 2254 556 2282 13.
580 2261 620 2282 ex
638 2253 703 2284 Ma.
725 2254 901 2284 Menardi:
925 2255 934 2270 ‘
950 2253 1046 2284 Adeo
1071 2259 1107 2285 ut
1124 2255 1155 2285 ci

457 2302 636 2332 multarum
669 2313 777 2333 rerum
804 2309 839 2335 et
865 2304 986 2335 artium
1013 2305 1156 2336 scientia

457 2351 668 2392 Trismcgisti
684 2363 803 2384 nomen
824 2355 1037 2395 impone1·ct.'
1054 2356 1156 2396 ang.

461 2402 660 2441 Trismegisto
676 2415 851 2442 cognomen.

502 2454 517 2492 ξ
537 2455 574 2483 12
600 2454 702 2492 Hujus
716 2466 803 2485 casus
811 2455 947 2492 fabulosi
964 2455 1156 2495 viderentur]

461 2501 646 2533 Hominum
674 2504 888 2545 θηριοτρόφων,
916 2506 947 2535 li.
974 2516 1004 2537 e.
1031 2516 1050 2536 a
1076 2505 1158 2536 feris

463 2552 697 2593 edneatorum,
709 2560 743 2585 et
760 2556 913 2596 agilitate
927 2555 1015 2586 feras
1027 2565 1160 2596 rtrqnan·

465 2600 549 2632 tinm
571 2605 728 2644 exempla
745 2607 912 2645 congessit
928 2607 1019 2637 Phil.
1041 2606 1159 2638 Canic-

462 2663 524 2685 rar.
540 2655 805 2689 Horar.Snbcis.
818 2667 841 2688 1.
858 2662 909 2688 75.
933 2658 1032 2689 Rern.

504 2705 591 2745 Lupa
607 2707 737 2747 nutriti]
772 2717 875 2739 xmu.
889 2713 919 2739 2.
935 2713 966 2739 5.
1000 2709 1072 2740 Liv.
1090 2717 1115 2739 1.
1128 2712 1159 2740 4.

461 2753 554 2786 I‘lnt.
572 2757 714 2788 Romulo
727 2762 757 2788 5.
774 2764 809 2789 et
827 2759 868 2789 (le
884 2759 979 2789 Fort.
998 2759 1093 2789 Rom.
1109 2762 1158 2790 12.

462 2804 576 2836 Strab.
605 2816 638 2836 v.
663 2808 785 2848 Virgil.
814 2809 888 2839 lEn.
915 2818 997 2840 νιιι.
1024 2811 1100 2839 630.
1123 2813 1160 2839 et

461 2853 626 2895 plerique,
644 2857 700 2897 qni
719 2857 760 2888 (le
777 2858 906 2899 origine
931 2858 1023 2889 urbis
1043 2859 1158 2889 Romae

463 2904 614 2938 tradunt.
662 2907 749 2939 Plin.
764 2910 1036 2941 v111.i7.‘Quae
1055 2908 1097 2939 de
1111 2908 1159 2939 in-

898 354 1040 385 NOTAE
1072 354 1337 386 VARIORUM
1373 355 1423 385 lN

1191 446 1342 479 fantibus
1355 447 1506 480 ferarum
1521 448 1611 481 lacte
1634 448 1787 490 nutritis,
1808 458 1887 483 cum

1192 503 1306 530 essent
1331 499 1493 539 expositi,
1511 498 1704 539 traduntur,
1733 498 1820 531 sicut
1843 500 1887 531 de

1192 550 1423 581 conditoribus
1439 550 1563 581 nostris
1577 560 1597 580 a
1612 550 1702 590 lupa,
1725 551 1891 591 magnitu-

1193 600 1263 632 dini
1286 600 1436 632 fatorum
1462 605 1605 642 accepta
1633 599 1718 632 ferri
1748 601 1890 642 aequius,

1194 660 1293 692 quam
1307 650 1453 682 ferarum
1466 656 1609 690 natnrae,
1621 649 1793 683 arbitror.’
1834 651 1889 684 Id.

1194 701 1300 732 visum
1328 701 1512 733 Plutarcho
1532 701 1667 733 Romul.
1690 705 1742 733 11.
1786 702 1891 733 ‘Sus-

1194 756 1330 792 pectam
1355 752 1490 793 qnidam
1525 752 1653 783 liabent
1681 751 1831 783 fabulam
1853 756 1892 784 et

1195 807 1441 832 commentum:
1475 811 1534 833 nos
1563 811 1666 843 quum
1702 810 1891 841 cernamus,

1195 857 1322 893 quanta
1335 852 1384 883 vis
1399 853 1443 883 sit
1467 851 1628 892 fortunae,
1643 861 1711 883 non
1726 851 1890 884 debemus

1196 901 1227 932 ei
1241 902 1342 932 fidem
1356 902 1532 943 derogare,
1554 906 1754 942 reputantes
1770 901 1894 943 animo,

1197 960 1266 982 rem
1285 952 1470 983 Romanam
1485 953 1556 983 sine
1569 952 1684 983 divino
1701 951 1813 993 aliquo
1836 961 1894 983 au·

1196 1002 1304 1043 spicio
1328 1008 1364 1034 et
1379 1012 1500 1042 magno
1526 1003 1688 1034 miraculo
1705 1011 1771 1033 non
1787 1000 1893 1033 fuisse

1197 1061 1238 1083 eo
1264 1053 1428 1093 potentian,
1453 1052 1730 1093 progressuram.'
1804 1051 1893 1083 Add.

1197 1103 1371 1133 Demster.
1384 1101 1426 1132 ad
1442 1102 1556 1133 Rosin.
1575 1111 1609 1142 p.
1623 1104 1657 1133 4.
1673 1112 1703 1134 c.
1729 1103 1828 1134 Idem.

1244 1152 1328 1182 Cane
1356 1151 1465 1191 alitus]
1500 1161 1525 1182 1.
1542 1155 1642 1183 4.10.
1688 1152 1829 1185 Lucian.
1857 1152 1895 1185 in

1197 1201 1255 1232 lib.
1273 1201 1316 1232 de
1342 1201 1525 1233 Sacrificiis
1541 1201 1630 1243 'post
1646 1212 1699 1243 pr.
1715 1202 1835 1235 AElian.
1848 1202 1894 1235 V.

1200 1253 1246 1284 H.
1260 1261 1325 1283 xu-
1342 1255 1394 1284 41.
1438 1251 1551 1284 Aliter
1564 1252 1693 1283 Herod.
1706 1261 1731 1284 1.
1746 1255 1799 1284 10.
1822 1252 1874 1283 Id.

1242 1304 1259 1344 ᾗ
1288 1306 1323 1334 14
1350 1304 1393 1334 Et
1409 1314 1475 1344 qnoe
1497 1313 1537 1334 ex
1558 1302 1680 1343 insulis]
1713 1303 1834 1334 Malim
1860 1312 1897 1334 ea

1199 1363 1279 1394 quoe.
1325 1355 1380 1385 De
1406 1354 1568 1394 Geryone
1599 1362 1676 1394 quae
1701 1351 1897 1384 referuntur

1200 1404 1332 1436 notiora
1349 1408 1439 1442 sunt,
1454 1414 1553 1445 qnam
1574 1408 1612 1435 ut
1635 1402 1817 1445 quidquam
1838 1412 1898 1434 no-

1201 1455 1266 1486 tari
1282 1455 1324 1485 ad
1341 1464 1382 1486 ea
1395 1455 1530 1485 debeat.
1575 1454 1736 1486 Narratio
1751 1458 1849 1486 extat
1863 1454 1898 1486 in

1202 1505 1305 1537 Diod.
1322 1515 1371 1537 ιν.
1387 1508 1438 1536 17.
1461 1505 1623 1544 Βοηςιινε.
1675 1504 1834 1536 Meminit
1861 1508 1899 1536 et

1201 1555 1303 1586 Plato
1320 1555 1352 1585 in
1371 1555 1513 1595 Gorgia.
1537 1555 1636 1586 Rern.
1815 1560 1818 1563 ’

1246 1605 1345 1636 Tanta
1359 1605 1463 1645 pabuli
1480 1604 1610 1645 laetitia]
1647 1604 1762 1636 Strab.
1778 1613 1837 1636 ΠΙ.
1863 1614 1898 1646 ρ.

1203 1657 1275 1686 117.
1292 1658 1343 1686 14.
1369 1655 1499 1694 scribit,
1526 1655 1573 1686 ibi
1601 1655 1815 1696 pascentium
1829 1654 1900 1686 ovi-

1203 1716 1258 1737 um
1274 1706 1325 1737 lac
1341 1716 1415 1737 sero
1427 1716 1559 1745 carere,
1574 1707 1784 1748 multumque
1802 1716 1899 1748 aquae

1203 1756 1247 1787 ob
1272 1756 1514 1796 pinguedinem
1541 1755 1680 1796 afflindi,
1709 1760 1747 1787 ut
1778 1765 1898 1788 caseus

1204 1807 1280 1847 cogi
1302 1807 1427 1847 possit;
1453 1811 1488 1838 et
1504 1809 1555 1838 50.
1578 1805 1707 1837 dierum
1720 1806 1831 1846 spatio
1844 1815 1904 1847 pe-

1205 1867 1263 1887 cus
1282 1855 1450 1896 suffocari,
1473 1856 1536 1887 nisi
1562 1860 1639 1896 post
1666 1855 1904 1897 quinquagesi-

1204 1917 1294 1938 mum
1323 1915 1490 1948 qnemque
1513 1906 1603 1937 diem
1629 1905 1799 1946 sanguinis
1826 1904 1902 1935 mis-

1204 1958 1297 1988 sione
1324 1956 1497 1997 pinguedo
1522 1956 1723 1996 castigetur.
1769 1954 1904 1986 Similia

1204 2008 1247 2038 de
1267 2017 1346 2047 agro
1370 2008 1531 2038 Catanaeo
1548 2007 1580 2036 in
1597 2006 1710 2037 Sicilia
1730 2005 1836 2036 tradit
1856 2004 1903 2038 id.

1204 2066 1253 2087 vr.
1271 2067 1303 2097 p.
1322 2059 1396 2088 186.
1410 2059 1440 2088 3.
1465 2061 1501 2087 et
1517 2056 1560 2086 de
1572 2055 1698 2086 Arabia
1711 2055 1806 2087 Curt.
1819 2063 1856 2086 v.
1870 2057 1902 2087 1.

1205 2110 1256 2138 15.
1281 2107 1378 2138 Idem.

1248 2154 1465 2194 Interpelluta]
1502 2153 1579 2185 Vid.
1595 2157 1714 2185 notata
1733 2152 1776 2184 ad
1790 2161 1904 2186 xvut.

1204 2209 1236 2236 5.
1252 2208 1285 2235 7.
1308 2205 1408 2235 Idem.

1247 2255 1263 2294 ξ
1289 2257 1326 2284 15
1354 2254 1519 2284 Herculem
1534 2263 1574 2284 ex
1588 2252 1685 2293 Asia]
1715 2251 1902 2284 Herculem

1204 2304 1340 2344 Tyrium
1372 2304 1544 2344 intelligit.
1593 2303 1673 2335 vid.
1697 2302 1832 2334 Arrian.
1860 2310 1902 2334 ιι.

1206 2356 1311 2393 Bong-

1251 2406 1326 2445 §113
1352 2404 1448 2434 Porro
1475 2404 1663 2444 Geryonem,
1687 2402 1759 2443 ξω]
1790 2401 1903 2435 Aliter

1206 2457 1304 2486 Serv.
1331 2455 1374 2485 ad
1401 2455 1459 2486 illa
1484 2454 1605 2494 Virgil.
1629 2453 1704 2485 AEn.
1730 2463 1796 2485 vu.
1828 2456 1905 2487 661.

1210 2507 1219 2523 ‘
1237 2506 1421 2546 Postquam
1447 2503 1632 2536 Laurentia
1648 2503 1769 2541 victor,
1793 2503 1904 2543 Gery-

1210 2565 1273 2586 one
1289 2554 1659 2594 extincto,'1'irynthius
1671 2553 1788 2594 attigit
1802 2552 1908 2585 arva.’

1211 2606 1251 2637 In
1277 2606 1348 2637 baec
1367 2605 1486 2637 verba:
1519 2605 1528 2621 ‘
1546 2604 1722 2643 Geryones
1751 2612 1809 2634 rex
1837 2601 1906 2635 fuit

1212 2656 1402 2696 Hispaniae,
1421 2655 1477 2696 qni
1494 2654 1571 2685 ideo
1588 2653 1792 2685 trimembris
1809 2653 1905 2694 fingi·

1212 2711 1276 2744 tur,
1302 2707 1379 2747 qnia
1398 2705 1507 2736 tribus
1523 2705 1636 2735 insulis
1652 2702 1804 2744 praefuit,
1827 2712 1903 2744 quoe

1211 2757 1368 2798 adjacent
1379 2754 1759 2795 Hispaniiae,Balearicae
1771 2753 1908 2794 Majori,

1211 2811 1246 2838 et
1261 2805 1442 2842 Minori,et
1456 2805 1587 2835 Ebusae.
1633 2804 1787 2844 Fingitnr
1799 2803 1904 2835 etiam

1210 2857 1385 2897 bicipitem
1398 2865 1514 2887 canem
1526 2855 1690 2892 imbuisse.
1701 2854 1778 2896 qnia
1789 2859 1825 2886 et
1836 2858 1904 2887 ter-

1212 2907 1310 2938 restri
1327 2911 1360 2938 et
1386 2907 1495 2938 navali
1517 2906 1701 2938 certamine
1726 2905 1904 2946 plurimum
