2174 3424
448 355 534 397 630

451 471 524 493 rum
541 457 631 500 quod
648 458 697 489 ita
711 458 893 499 loquuntur
909 458 976 498 alii,
1000 467 1066 489 non
1090 467 1146 488 ne-

451 520 544 543 cesse
561 514 633 541 erat
649 513 685 540 et
701 508 865 539 Nostrum
881 509 929 539 ita
944 509 1048 550 loqui.
1089 508 1148 538 Fit

452 561 540 593 enim
557 565 607 600 ut,
624 569 699 600 quae
718 559 889 590 subaudiri
905 560 1027 598 solent=
1044 559 1146 590 etiam

452 613 581 643 diserte
598 610 813 651 adjiciantur.
847 609 903 640 Ita
918 609 1036 640 dicunt
1050 610 1059 626 ‘
1074 609 1148 640 bre-

451 663 501 694 vi’
518 666 553 693 et
572 662 581 678 ‘
594 661 689 692 brevi
703 659 882 700 tempore.²
910 660 978 691 Vor.

496 714 514 754 ξ
543 715 562 743 8
589 712 631 743 Ut
655 710 814 749 ablegatus
833 710 866 740 in
887 710 1003 741 Persas
1027 709 1065 740 ab
1092 719 1148 739 aro

446 762 567 802 fuerit]
580 761 720 802 Optime
732 761 818 791 Mss.
830 759 997 799 ablegatus.
1022 759 1149 790 Amant

454 814 544 844 enim
568 813 631 842 hoc
659 811 798 842 verbum
827 810 875 840 sic
906 818 1084 849 usurpare⁷
1109 813 1149 839 ut

455 863 545 896 adsit
571 862 602 893 ei
624 861 780 903 quaedam
802 860 929 891 invidia
950 864 984 890 et
1003 859 1149 890 malevo-

454 913 580 944 lentia:
619 921 723 951 genus
756 910 929 952 loquendi,
963 919 1027 950 quo
1058 917 1149 949 saepe

455 965 533 996 Liv.
559 962 688 993 utitur:
714 965 750 992 ut
773 971 804 992 v.
829 963 860 991 2.
886 961 895 977 ‘
913 960 1092 990 Remotam
1116 958 1150 988 in

456 1017 659 1055 perpetuum
676 1016 711 1043 et
724 1011 914 1051 ablegatam
942 1010 983 1040 ab
1007 1009 1089 1040 urbe
1116 1012 1153 1039 et

457 1063 592 1104 republ,
615 1063 833 1103 juventutem
848 1060 869 1092 ς’
907 1066 943 1091 et
973 1068 1066 1091 xxu.
1100 1062 1153 1090 25.

457 1117 467 1131 ‘
482 1113 664 1145 Consulum
678 1112 821 1143 alterum
835 1111 946 1151 specie
958 1110 1074 1141 classis
1087 1110 1154 1140 Pu-

458 1164 544 1195 nicae
572 1161 816 1203 persequendae
842 1161 962 1201 procul
986 1160 1027 1191 ab
1053 1160 1155 1191 Italia

461 1214 653 1253 ablegatum
667 1212 687 1242 :¹
722 1216 758 1243 et
783 1220 895 1242 xxm.
919 1213 971 1241 31.
993 1211 1003 1226 ‘
1019 1210 1155 1241 Deinde

459 1264 519 1296 ubi
534 1264 728 1304 ablegatum
751 1263 845 1293 velut
864 1261 906 1292 de
923 1261 1091 1292 industria
1105 1261 1155 1292 M.

460 1313 664 1345 Marcellum
680 1311 861 1344 viderunt.’
904 1312 972 1342 Sed
989 1316 1024 1342 et
1037 1311 1079 1342 de
1094 1311 1158 1342 hac

461 1365 678 1406 ablegatione
702 1367 815 1394 exstat
838 1362 1063 1392 memorabilis
1085 1371 1160 1392 nar-

463 1415 552 1446 ratio
570 1424 625 1455 ap.
642 1413 844 1445 Athenaeum
861 1421 936 1443 mv.
956 1422 988 1452 p.
1003 1414 1076 1443 633.
1102 1421 1159 1452 pe·

464 1466 529 1496 tita
540 1474 583 1496 ex
593 1463 736 1495 Dinonis
747 1462 906 1493 Persicis.
917 1462 1052 1492 Gronov.
1073 1462 1160 1502 Maj.

465 1515 572 1546 Becli.
587 1519 621 1544 et
633 1514 689 1543 alii
700 1513 879 1543 ediderant
890 1513 1062 1550 relegatus,-
1073 1512 1159 1552 qnod

465 1565 572 1605 magis
600 1564 725 1604 placet,
752 1567 787 1593 et
817 1562 888 1592 sine
912 1561 1015 1592 dubio
1040 1562 1115 1594 itid.
1143 1572 1161 1593 e

466 1616 552 1647 Mss.
577 1615 743 1645 haustum.
773 1613 845 1644 Vor.
892 1613 1030 1643 Vorstio
1058 1613 1163 1653 magis

467 1666 584 1706 placet
613 1665 782 1702 relegatus,
805 1662 893 1704 quod
925 1664 1076 1694 nonnulli
1107 1664 1164 1695 lia·

467 1716 563 1747 bent.
600 1714 685 1745 Mihi
703 1723 782 1744 vero
806 1714 960 1752 relegatus
986 1714 1096 1754 glossa
1117 1714 1165 1745 vi-

469 1767 570 1797 detur
587 1765 737 1796 alterius.
781 1764 906 1794 Saltem
927 1765 1075 1803 relegatio
1097 1774 1165 1795 non

471 1869 606 1909 quidem
635 1867 716 1897 alias
743 1876 807 1896 vox
829 1865 838 1882 ‘
855 1865 1091 1904 relegationis’
1114 1875 1166 1896 su-

471 1919 576 1950 mitur
592 1926 652 1958 pro
669 1916 839 1957 ejectione
863 1915 980 1946 infami
1000 1925 1018 1946 e
1036 1916 1165 1956 patria:

473 1973 607 1999 tantum
624 1967 701 1996 illuc
718 1965 931 2003 mittebatur,
955 1970 992 1996 ut
1014 1965 1168 1996 retunde-

474 2026 569 2051 retur
584 2019 658 2059 ejus
674 2017 826 2058 spiritus,
843 2016 1014 2057 omnisque
1040 2017 1089 2047 rei
1112 2026 1169 2056 ge-

474 2071 590 2102 rendae
612 2068 678 2109 ipsi
704 2067 909 2098 adimeretur
930 2066 1076 2097 occasio.
1122 2065 1171 2096 At

475 2119 667 2162 hujusmodi
682 2128 778 2150 sensu
793 2127 857 2148 vox
872 2116 1076 2156 ablegationis
1090 2122 1171 2148 nota

477 2171 614 2213 optimis
630 2167 861 2210 scriptoribus.
897 2167 1036 2198 Terent.
1052 2167 1085 2196 in
1103 2166 1171 2197 He-

477 2232 549 2263 cyr.
572 2222 581 2238 ‘
601 2220 722 2260 Aliquo
744 2217 822 2248 milii
847 2221 898 2248 est
919 2217 998 2247 liinc
1014 2217 1172 2257 ablegan-

478 2272 552 2312 dus,
570 2271 648 2301 duni
666 2269 755 2309 parit
771 2267 990 2298 Philumena!
1014 2266 1116 2304 Schef.

522 2323 540 2362 ξ
573 2324 612 2352 10
647 2320 832 2350 Exinteraeo
867 2316 977 2358 lepori]
1005 2317 1061 2348 Ita
1090 2317 1173 2347 Mss.

481 2373 633 2404 Glossoe:
670 2371 679 2386 ‘
706 2369 872 2407 Interata,
907 2365 1174 2407 ἐξεντερισθέντα;’

482 2432 565 2453 voce
597 2421 637 2452 ab
681 2418 895 2450 interioribus
925 2418 1037 2449 ducta.
1071 2418 1176 2457 Bong.

482 2474 538 2504 De
573 2470 709 2502 historia
736 2468 961 2500 consulendus
990 2468 1119 2499 Herod.
1151 2477 1175 2499 1.

483 2527 557 2555 123.
582 2527 617 2553 et
633 2522 785 2561 Polyaen.
803 2528 866 2550 vn.
889 2524 921 2549 et
947 2519 1100 2549 Frontin.
1123 2528 1178 2550 ιιι.

485 2578 537 2605 13.
565 2576 592 2604 3.
618 2573 715 2603 Bern.
761 2570 829 2600 Vix
852 2569 1002 2607 dubium,
1029 2569 1108 2610 quin
1133 2569 1179 2599 le-

485 2624 586 2665 gend.
624 2623 667 2653 sit
701 2623 890 2652 exenterato.
949 2619 1065 2659 Higin.
1096 2619 1179 2651 Fab.

487 2684 575 2706 xxx.
608 2675 616 2691 ‘
640 2672 793 2713 Hydram
823 2672 998 2702 Lernaeam
1025 2670 1181 2701 Minerva

487 2730 695 2757 monstrante
713 2721 886 2755 interfecit
899 2727 933 2753 et
946 2721 1183 2753 exenteravit!

487 2777 576 2807 Pliu.
595 2784 682 2806 xxx.
699 2774 744 2805 N.
757 2773 801 2805 H.
818 2777 850 2803 5.
871 2772 881 2789 ‘
905 2772 1013 2812 quue
1031 2773 1064 2802 in
1084 2781 1183 2803 exen-

490 2830 598 2856 terato
615 2824 845 2864 proscissoque
861 2822 938 2852 vivo
961 2821 1104 2862 [catulo]
1126 2821 1183 2853 de-

492 2874 676 2917 prehendi!
702 2874 800 2904 Gran.
856 2873 1019 2912 BongarS.
1047 2881 1065 2902 e
1097 2872 1182 2903 Mss.

492 2927 610 2958 maluit
623 2925 808 2957 exinterato.
846 2923 931 2954 Mihi
948 2923 1055 2964 magis
1070 2923 1184 2964 placet

904 361 1044 393 NOTAE
1076 361 1339 393 VARIORUM
1373 360 1423 390 IN

1195 457 1298 488 lectio
1314 457 1468 497 vulgata:
1494 465 1567 496 quae
1584 458 1619 486 et
1634 464 1688 496 ap.
1703 454 1816 486 Plant.
1834 453 1890 486 ob-

1196 514 1351 539 servatur
1381 506 1481 547 Epid.
1507 516 1546 538 ιι.
1576 509 1608 537 2.
1632 511 1723 537 etv.
1751 509 1782 536 2.
1827 507 1891 537 Est

1196 558 1285 589 enim
1318 559 1327 575 ‘
1356 556 1578 588 exenterare’
1609 557 1682 587 sine
1720 556 1822 587 dubio
1849 566 1892 587 ex

1198 608 1322 639 Graeco
1338 605 1533 647 ἐξεντερίζειν
1554 605 1758 645 formatum3
1782 607 1894 647 ipsum

1199 658 1356 689 Graecum
1375 662 1487 688 autem
1514 656 1556 687 ab
1578 655 1693 697 ἔντερα,
1715 658 1804 698 quod
1821 658 1894 698 qui-

1199 707 1276 738 dem
1302 708 1419 738 viscera
1442 706 1623 746 significat,
1646 711 1768 738 ortum.
1813 706 1893 738 Vid.

1199 762 1234 788 et
1249 758 1347 789 Voss.
1364 757 1399 787 in
1416 757 1560 797 Etyniol.
1575 758 1614 788 L.
1627 759 1667 788 L.
1688 757 1759 788 Vor.

1247 810 1289 840 L't
1305 810 1359 840 sub
1373 809 1472 849 specie
1487 809 1658 839 venationis
1673 809 1758 839 dolus
1772 809 1898 850 lateret]

1200 860 1285 891 Mihi
1301 860 1407 900 magis
1423 860 1536 900 placet
1550 859 1637 900 quod
1653 859 1687 889 in
1705 858 1897 900 antiquiori·

1202 910 1263 941 bus
1294 911 1385 951 typis
1413 909 1582 948 expressis
1622 913 1675 939 est
1714 909 1898 948 venationis,

1203 970 1301 1002 quam
1330 959 1417 1002 quod
1452 960 1563 999 Bong.
1599 958 1709 989 edidit
1733 958 1899 989 venatoris.

1203 1011 1259 1042 Sic
1281 1015 1316 1042 et
1343 1019 1375 1041 v.
1391 1013 1422 1041 8.
1438 1012 1490 1041 12.
1513 1011 1522 1026 ‘
1540 1008 1603 1039 sub
1618 1008 1763 1039 obtentu
1779 1009 1901 1039 libera-

1205 1060 1328 1101 tionis‚'
1351 1059 1440 1101 quod
1470 1059 1611 1090 retinuit
1641 1058 1752 1099 Bong.
1782 1058 1902 1089 melius

1206 1117 1259 1144 est
1286 1121 1385 1152 quam
1409 1109 1498 1151 quod
1526 1109 1560 1140 in
1585 1108 1699 1149 aliquo
1722 1108 1808 1139 Cod.
1832 1108 1901 1139 Ms.

1206 1168 1258 1193 est
1273 1162 1329 1193 sub
1341 1161 1463 1192 obtentu
1476 1159 1661 1191 liberatoris.
1690 1157 1757 1189 Inf.
1772 1166 1901 1189 xxxlv.

1207 1215 1239 1244 3.
1258 1215 1288 1244 S.
1311 1221 1384 1252 pro,
1399 1210 1460 1241 sub
1477 1210 1590 1250 specie
1607 1208 1808 1248 venationis,
1821 1208 1904 1240 dicit

1207 1265 1216 1280 ‘
1233 1263 1348 1303 specie
1375 1260 1544 1292 venandi.‘
1573 1261 1671 1291 Vorst.
1716 1260 1831 1291 Vorst.
1860 1269 1903 1290 ex

1209 1312 1311 1344 editis
1325 1310 1583 1349 vetustioribus,
1597 1309 1780 1341 venationis.
1824 1308 1904 1339 Non

1210 1363 1378 1403 displicet.
1402 1361 1503 1399 Schef.
1549 1361 1605 1392 Sic
1622 1365 1657 1391 et
1671 1360 1768 1392 Junt.
1797 1360 1904 1391 Groev.

1254 1413 1342 1445 CAP.
1359 1422 1407 1443 w.
1431 1413 1448 1452 ς
1466 1415 1482 1441 1
1508 1412 1626 1442 Eadem
1645 1410 1759 1441 somnio
1773 1409 1907 1449 aggredi

1202 1463 1308 1501 jussus
1335 1462 1395 1501 est]
1420 1461 1641 1501 Antiquiores
1664 1459 1742 1491 edd.
1769 1460 1908 1498 habent,

1211 1513 1336 1543 eandem
1365 1512 1446 1542 viam
1470 1519 1498 1541 s.
1523 1520 1552 1541 a.
1572 1510 1685 1540 Vorst.
1731 1509 1823 1541 Niliil
1853 1509 1907 1540 hic

1212 1562 1364 1594 mutand.
1409 1562 1496 1593 Nam
1512 1559 1601 1601 quod
1618 1559 1648 1590 in
1666 1559 1809 1601 quodam
1827 1559 1908 1600 legi-

1214 1618 1270 1645 tur
1295 1613 1384 1644 eand.
1408 1622 1437 1644 v.
1460 1610 1654 1652 glossatoris
1675 1614 1741 1649 est,
1764 1610 1820 1651 qui
1835 1610 1908 1641 haec

1215 1662 1377 1694 desumsit
1401 1671 1444 1692 ex
1467 1660 1578 1693 verbis
1595 1659 1767 1702 proecedd.
1783 1660 1818 1691 in
1834 1669 1911 1702 cap.

1215 1717 1246 1744 5.
1262 1715 1321 1754 §9.
1338 1711 1442 1750 Schef.

1259 1763 1321 1793 Sed
1339 1760 1552 1803 praemonitus]
1574 1760 1736 1792 Mendum
1758 1764 1812 1792 est
1831 1769 1910 1792 sane

1216 1813 1409 1851 leviculum,
1437 1817 1473 1843 at
1498 1811 1654 1842 mendum
1671 1815 1796 1842 tamen.
1840 1810 1911 1842 Pro

1214 1865 1268 1895 sed
1281 1863 1412 1903 legend.
1425 1865 1467 1900 et,
1482 1861 1571 1902 quod
1584 1862 1670 1892 Mss.
1683 1860 1791 1892 Codd.
1802 1860 1912 1900 Bong.

1217 1913 1376 1944 habuere.
1404 1912 1516 1943 Faber.

1263 1964 1361 1998 Quem
1373 1962 1508 2002 primum
1522 1965 1645 2002 postera
1659 1961 1709 1992 die
1723 1960 1844 1992 obvium
1858 1960 1913 1992 ka-

1219 2013 1344 2053 buisset,
1364 2013 1476 2043 socium
1492 2013 1597 2052 coeptis
1611 2011 1792 2052 assumeret]
1816 2011 1912 2043 Eaed.

1221 2063 1426 2105 antiquiores
1439 2063 1516 2094 edd.
1530 2063 1672 2093 haberet:
1689 2062 1778 2103 quod
1788 2062 1914 2093 rectius

1221 2113 1327 2144 videri
1342 2114 1446 2154 possit
1458 2118 1597 2154 propter
1611 2113 1644 2144 id
1661 2113 1749 2154 quod
1763 2113 1915 2154 sequitur

1221 2165 1230 2181 ‘
1249 2163 1455 2195 assumeret!
1480 2163 1546 2194 Sed
1563 2172 1628 2194 non
1644 2163 1789 2194 insolens
1804 2167 1916 2194 tamen

1222 2218 1274 2245 est
1300 2214 1410 2255 ipsum
1435 2214 1609 2255 plusquam
1626 2212 1814 2253 perfectum
1831 2218 1917 2244 tem—

1223 2275 1285 2306 pus
1317 2265 1395 2305 poni
1426 2274 1487 2305 pro
1518 2263 1737 2304 imperfecto:
1772 2262 1917 2304 ideoque

1222 2315 1304 2346 illud
1322 2315 1410 2356 quod
1436 2324 1454 2345 e
1479 2315 1563 2346 Mss.
1588 2315 1661 2345 sine
1684 2313 1784 2344 dubio
1800 2313 1920 2345 rescri-

1224 2367 1305 2399 bere
1331 2367 1459 2407 placuit
1487 2364 1688 2405 Bongarsi0‚
1711 2363 1800 2395 hand
1815 2368 1920 2395 muto.

1229 2417 1302 2449 Vor.

1269 2468 1322 2508 §2
1344 2464 1571 2506 Antel.temp.]
1593 2464 1649 2496 Sic
1672 2464 1761 2495 Saxo
1786 2472 1860 2494 xw.
1885 2472 1919 2504 p.

1226 2520 1301 2548 248.
1318 2519 1349 2548 4.
1375 2526 1407 2556 p.
1424 2518 1500 2546 285.
1515 2517 1567 2546 38.

1273 2568 1339 2599 lter
1363 2565 1537 2606 ingressus]
1573 2564 1661 2595 Saxo
1691 2571 1757 2594 xu-
1788 2571 1821 2603 p.
1845 2563 1921 2593 282.

1228 2618 1237 2635 ‘
1257 2617 1340 2649 Cum
1359 2626 1418 2647 rex
1435 2617 1500 2647 iter
1516 2613 1647 2656 ingredi
1662 2612 1785 2644 vellet!

1275 2668 1409 2699 Nomine
1430 2665 1595 2708 Sybarem]
1617 2666 1683 2696 Ms.
1705 2664 1807 2695 habet
1829 2662 1924 2694 Seba-

1231 2729 1306 2751 rem.
1352 2717 1500 2759 Legend.
1523 2716 1688 2747 Soebarem.
1721 2716 1766 2746 Et
1781 2714 1829 2745 sic
1846 2723 1926 2754 quo-

1232 2779 1296 2810 que
1313 2768 1372 2799 int'.
1407 2767 1546 2798 Soebares
1561 2766 1589 2797 is
1605 2770 1659 2797 est
1673 2765 1815 2802 OEbares,
1831 2762 1926 2799 Οἶβά·

1232 2831 1295 2861 ρης.
1339 2819 1530 2859 Utrumque
1559 2816 1646 2847 enim
1679 2814 1814 2846 dicitur.
1870 2813 1927 2845 Sic

1233 2870 1464 2903 Androcottus
1509 2867 1766 2905 Sandrocottus‚
1810 2864 1928 2895 Indica

1233 2921 1380 2961 Sindica,
1405 2917 1536 2950 Merdis
1563 2915 1725 2957 Smerdis,
1756 2914 1927 2947 Osthanes
