2101 3419
561 290 756 322 JUSTIN!
790 290 885 320 Lm.
918 289 1051 321 xxu.
1083 290 1190 320 cm).
1218 280 1259 320 4.

191 385 291 425 venit]
317 386 354 416 L.
371 385 438 425 hic,
457 395 532 417 cum
553 384 741 424 depravate
766 384 893 424 legere-

193 443 260 475 tur,
287 437 458 468 Glareano
488 435 662 475 negotium
690 434 792 465 fecit:
828 443 891 471 ego

192 488 277 518 Mss.
296 487 474 517 lectionem
491 485 657 525 expressi,
673 485 705 515 in
723 494 791 525 qua
810 484 891 514 nihil

190 541 255 576 est,
293 537 380 577 quod
417 536 582 566 lectorem
619 535 741 565 morari
773 534 891 574 possit.

191 589 349 627 Bongars.
394 586 477 618 Cum
492 586 513 618 J
519 586 606 616 nutis
621 585 721 617 scrib.
735 585 892 616 inauditas

189 638 368 670 sententias.
428 637 585 667 Iuaudz'tae
619 636 782 666 sententioe
813 639 891 665 sunt

191 687 350 728 suffragia
381 688 485 718 tacita
515 687 586 726 illa,
617 696 758 727 quorum
790 685 890 725 paulo

191 745 270 770 ante
283 738 444 769 meminit.
463 737 572 768 Graev.
598 738 683 767 Eum
696 735 784 766 haud
803 744 892 774 mag-

188 798 316 829 nopere
331 793 486 818 nasutum
503 797 577 818 esse
592 790 736 827 oportet,
752 785 807 825 qui
821 784 890 824 huj.

190 840 212 869 l.
229 840 343 870 vitium
367 838 518 877 olfaciet,
540 847 649 879 neque
668 837 786 867 mirum
804 834 893 876 quod

190 892 236 922 ait
253 891 361 930 Boug.
385 889 592 921 Glareanum
605 887 777 919 circahaec
791 885 894 917 verba

189 941 331 972 multum
356 941 483 980 negotii
508 939 675 970 habuisse.
718 939 764 969 Et
782 938 816 968 id
839 948 893 967 ve-

189 1000 263 1021 rum
280 999 354 1021 esse
379 990 540 1021 arbitror.
587 989 651 1020 Sed
679 988 769 1030 quod
797 987 892 1018 addit

189 1040 235 1071 id.
261 1041 369 1080 Bong.
396 1040 432 1070 id
462 1049 541 1070 vero
573 1041 642 1070 tale
666 1049 731 1070 non
760 1044 828 1077 est,
854 1043 894 1069 ut

190 1101 306 1123 verum
319 1101 393 1122 esse
407 1092 530 1131 possim
541 1091 683 1122 credere
695 1101 703 1129 ;
721 1091 770 1121 ait
782 1090 890 1121 enim:

187 1143 197 1159 ‘
214 1144 286 1182 Ego
304 1143 386 1173 Mss.
403 1143 584 1173 lectionem
598 1141 762 1181 expressi,
778 1141 810 1170 in
827 1150 893 1181 qua

189 1192 272 1223 nihil
297 1196 348 1223 est
371 1192 460 1233 quod
490 1193 653 1222 lectorem
676 1191 800 1221 morari
818 1200 892 1230 pos-

189 1242 258 1274 sit.’
290 1243 379 1274 Huic
395 1248 508 1273 autem
524 1243 706 1273 assentitur
722 1243 890 1272 Beruecc.

191 1293 248 1334 qui
259 1293 307 1324 sie
324 1293 443 1332 edidit,
459 1293 602 1324 inaudita
618 1302 707 1326 mors.
758 1292 804 1323 At
817 1292 851 1322 h.
868 1292 891 1322 1.

189 1343 331 1374 irzuadz‘ta
345 1353 427 1373 mors
442 1343 520 1384 quid
539 1344 675 1374 tandem
693 1342 780 1373 erit?
806 1344 892 1374 Ver-

191 1393 236 1424 ba
252 1394 363 1432 modo,
377 1394 459 1424 nihil
482 1393 585 1424 aliud.
632 1393 719 1425 Add.
745 1394 834 1434 quod
858 1394 892 1424 in

192 1452 258 1473 nno
289 1444 356 1473 Ms-
383 1444 508 1483 legitur
536 1444 656 1482 audita,
697 1443 787 1484 quod
819 1444 892 1484 ipse

191 1492 301 1532 Bong.
318 1493 470 1532 agnoscit
487 1493 520 1523 in
545 1494 762 1533 collectione,
789 1503 814 1524 s.
840 1503 892 1524 re-

191 1544 351 1574 censione
365 1543 471 1574 Codd.
483 1544 566 1574 Mss.
581 1550 617 1575 et
636 1544 893 1584 impressorum.

193 1594 295 1633 Cujus
306 1593 496 1633 scripturae,
508 1596 718 1634 quantumvis
732 1599 893 1634 corrupta

191 1643 249 1672 illa
261 1643 316 1681 sit,
329 1644 356 1672 si
383 1642 456 1683 quis
473 1643 614 1683 vestigia
626 1644 717 1684 sequi
734 1644 892 1681 voluerit,

191 1702 252 1733 pro
281 1693 388 1723 audita
419 1694 530 1732 legere
570 1695 696 1732 poterit
726 1694 807 1724 haud
835 1695 892 1733 ita,

190 1742 395 1783 (quanquam
412 1743 477 1773 alia
492 1743 570 1772 milii
585 1752 678 1772 mens
701 1743 782 1783 est,)
798 1749 833 1773 et
850 1753 893 1774 ex

184 1792 308 1832 judicii
346 1801 465 1823 norma
505 1793 612 1822 locum
644 1793 812 1832 integrum
843 1793 892 1823 ita

191 1843 388 1882 concipere,
411 1841 471 1872 Sed
498 1842 562 1872 hoec
585 1843 698 1873 callida
725 1843 892 1873 Poenorum

190 1895 357 1923 commenta
372 1893 454 1923 haud
469 1894 514 1923 ita
530 1893 624 1923 multo
636 1896 706 1933 post
721 1902 802 1923 mors
822 1893 890 1923 Ha-

190 1943 327 1974 milcaris
335 1944 498 1983 praecenit,
511 1945 562 1982 alfe.
591 1944 726 1982 Verum,
742 1949 778 1974 ut
792 1943 890 1974 modo

192 1993 361 2032 dicebam,
377 1994 443 2024 alia
459 1994 536 2023 mihi
553 2003 646 2024 mens
662 1998 734 2032 est;
754 2004 829 2024 nam
842 1994 891 2024 ita

192 2043 360 2082 existimo,
382 2043 499 2074 isthaec
524 2043 641 2083 verba,
660 2044 829 2075 sententias
845 2044 891 2075 in-

191 2094 323 2133 auditas,
337 2102 409 2124 esse
436 2103 530 2124 mera
553 2095 767 2134 glossemata,
784 2103 891 2135 eaque

193 2143 294 2173 etiam
318 2149 479 2183 corrupta
506 2148 541 2174 et
570 2143 722 2181 barbara,
745 2154 819 2184 quae
845 2143 893 2174 illi

193 2194 279 2231 voci,
294 2196 303 2211 ⁶
334 2193 546 2232 inauditum,'
577 2195 794 2235 superposita
823 2194 893 2224 fue-

194 2244 262 2274 rint
272 2243 314 2274 ad
326 2244 411 2274 illius
423 2245 682 2285 expositionem,
691 2244 755 2275 sic:
772 2248 893 2275 senten-

193 2295 239 2325 tia
252 2295 402 2326 inaudita.
427 2295 655 2327 Quamobrem
667 2295 714 2325 ita
728 2295 892 2335 scriptum

195 2342 297 2374 fuisse
323 2354 342 2374 a
367 2344 456 2375 Just.
480 2345 558 2375 mihi
583 2345 657 2384 plus
674 2345 775 2375 etiam
792 2354 892 2385 quam

195 2394 341 2434 suspicio
353 2399 424 2425 est:
443 2395 503 2425 Sed
512 2395 622 2425 callida
635 2395 799 2426 Poenoram
813 2405 892 2424 com-

195 2449 296 2475 menta
310 2455 390 2476 mors
403 2445 594 2477 Hamilcaris
613 2446 775 2486 praevenit.
815 2446 893 2477 Hoc

196 2495 273 2525 addi
290 2496 520 2535 posset,Just.
536 2496 570 2527 in
584 2497 723 2537 periodo
740 2497 894 2536 proxime

196 2546 360 2585 superiori
378 2546 528 2586 posuisse
543 2548 553 2564 ‘
568 2547 674 2578 tacita
687 2546 847 2588 suffragia
859 2552 895 2578 et

198 2596 383 2627 sententias
401 2606 465 2627 non
483 2597 665 2630 recitatas.’
709 2598 832 2639 Itaque
846 2598 895 2629 bis

197 2644 286 2676 idem
302 2645 444 2678 diceret.
489 2648 567 2685 Sed,
590 2654 628 2680 ut
643 2647 745 2679 finem
761 2647 896 2689 faciam,

198 2700 358 2734 corrupta
373 2696 430 2727 illa
445 2702 523 2729 sunt
539 2708 614 2739 quae
635 2708 710 2739 sup.
728 2699 896 2729 examina-

199 2744 316 2775 vimus.
344 2746 454 2778 Faber.
491 2748 547 2779 Ita
561 2750 671 2780 locum
686 2749 718 2781 h.
735 2748 898 2780 reforma·

198 2793 250 2824 vit
264 2794 471 2834 Bongarsius
488 2802 523 2828 et
539 2797 674 2839 quidem
697 2808 739 2828 ex
755 2799 840 2829 Mss.
858 2802 896 2829 ut

201 2841 259 2875 ait.
304 2843 388 2875 Mihi
412 2850 524 2879 tamen
551 2849 656 2889 magis
677 2849 791 2889 placet
812 2849 899 2880 anti-

1561 278 1645 319 911

943 384 1098 425 quiorum
1133 383 1226 424 typis
1262 391 1498 423 expressorum
1531 381 1648 421 lectio,

943 444 1017 475 quae
1034 434 1156 474 etipsa
1174 435 1245 464 sine
1261 433 1361 464 dubio
1379 442 1397 463 e
1414 433 1498 463 Mss.
1513 433 1645 471 hausta,

940 485 1109 515 sententias
1124 484 1280 515 inauditus
1294 493 1375 514 mors
1389 483 1527 514 Hamilc.
1547 492 1645 523 praev.

942 534 990 564 Ut
1002 534 1163 564 sententioe
1179 534 1328 564 inauilitoe
1352 535 1417 564 sint
1441 534 1515 573 ipsa
1531 533 1585 562 illa
1600 540 1649 563 ta-

942 584 1011 615 cita
1026 583 1199 625 suffragia,
1217 584 1258 614 de
1276 584 1396 625 quibus
1415 583 1646 624 p1·aedixerat;

943 635 1044 666 dictae
1074 636 1122 666 ita
1151 635 1240 676 quod
1271 636 1418 666 nondum
1454 635 1579 666 auditae
1611 639 1646 665 et

943 687 1091 727 cognitae
1109 692 1234 718 essent.
1265 687 1367 717 l'orst.
1414 687 1495 717 Mss.
1517 686 1573 716 alii
1588 686 1648 716 ha·

942 737 1026 768 bent
1040 737 1210 774 inauditas,
1226 737 1314 777 quod
1330 737 1476 777 probant
1492 736 1554 766 viri
1569 735 1647 767 doc-

943 787 982 826 ti,
1009 792 1044 818 et
1069 787 1111 817 de.
1135 787 1241 817 tacitis
1269 787 1432 818 sententiis
1458 791 1647 826 exponunt.

944 839 990 869 Et
1001 842 1054 869 est
1067 839 1134 868 Ms.
1147 838 1253 879 inquo
1269 838 1392 878 legitur
1403 838 1522 869 audita.
1545 837 1647 868 Unde

944 898 1051 929 prope
1068 889 1167 918 venio
1186 888 1218 918 in
1236 889 1320 919 lianc
1337 889 1543 928 opinionem,
1558 887 1648 929 quod

943 938 1099 971 Justinus
1115 938 1292 978 scripserit
1303 942 1332 969 et
1346 938 1514 969 sententias
1528 938 1649 968 inaudi-

943 992 993 1020 tas
1017 989 1126 1019 audita
1152 998 1235 1019 mors
1262 988 1458 1019 Hamilcaris
1483 989 1646 1029 prasvenit.

944 1039 1087 1069 Locutio
1104 1043 1157 1070 est
1172 1039 1269 1078 plane
1286 1040 1436 1080 elegans,
1452 1044 1490 1070 ut
1506 1038 1649 1080 quilibet

941 1089 1115 1129 intelligit.
1156 1088 1260 1125 Schef.

986 1139 1151 1170 Liberatus
1166 1142 1211 1169 est
1224 1139 1294 1177 fati
1317 1138 1456 1178 munere]
1477 1141 1485 1156 ‘
1502 1139 1623 1170 Fatum
1638 1138 1646 1151 ¹

942 1200 1005 1230 pro
1029 1195 1139 1221 morte
1164 1190 1310 1220 naturali
1338 1199 1402 1220 nec
1431 1190 1592 1227 violenta,
1608 1194 1648 1220 ut

944 1248 984 1272 112
1002 1243 1033 1271 2.
1051 1243 1102 1271 13.
1119 1240 1160 1270 ad
1177 1249 1276 1281 quem
1296 1240 1316 1271 l.
1332 1240 1445 1270 ‘Notas
1459 1239 1527 1270 vid.
1558 1239 1632 1270 Vor.

986 1291 1095 1321 [nand.
1119 1290 1240 1329 darum]
1264 1288 1366 1330 Apul.
1389 1297 1426 1320 x.
1449 1289 1498 1319 M.
1525 1299 1557 1329 p.
1574 1290 1649 1319 214.

943 1341 952 1358 ‘
968 1341 1044 1371 Nec
1068 1341 1284 1371 damnaretur
1306 1341 1423 1382 aliquis
1450 1339 1646 1371 inauditus!

944 1392 984 1422 L.
1000 1395 1031 1422 2.
1049 1393 1086 1423 C.
1115 1391 1157 1422 ad
1184 1392 1265 1432 Leg.
1290 1391 1392 1422 Corn.
1417 1392 1459 1422 de
1477 1392 1543 1422 Sic.
1567 1391 1649 1422 ‘In-

944 1443 1096 1473 anditum
1126 1441 1230 1472 filium
1262 1448 1360 1482 pater
1391 1442 1550 1473 occidere
1579 1451 1644 1472 non

944 1492 1080 1534 potest!

985 1543 1038 1582 §9
1061 1542 1090 1573 A
1110 1552 1166 1582 quo
1187 1542 1302 1582 rictus]
1324 1541 1427 1573 Diod.
1457 1546 1528 1573 ext.
1557 1541 1646 1572 libro

943 1601 1023 1624 xlx.
1039 1602 1093 1633 ap.
1111 1602 1209 1633 quem
1235 1592 1276 1622 de
1298 1592 1542 1632 Syracusarum
1558 1591 1648 1622 obsi-

943 1643 1042 1672 dione
1060 1643 1150 1672 nihil.
1174 1642 1279 1680 Bong.

985 1693 1073 1723 CAP.
1089 1701 1137 1723 ιν.
1164 1693 1180 1733 ξ
1199 1695 1213 1722 l
1235 1692 1311 1722 Cum
1326 1692 1437 1731 igitur,
1450 1692 1519 1732 ἑγὼ]
1534 1692 1542 1708 ‘
1556 1691 1649 1721 Mul-

943 1748 1013 1775 tum
1052 1743 1217 1782 interest,'
1252 1744 1299 1774 ait
1336 1744 1452 1784 Scipio
1483 1753 1536 1784 ap.
1570 1743 1646 1773 Liv.

943 1803 1078 1825 xxvni.
1113 1797 1166 1825 44.
1198 1797 1230 1824 2.
1280 1795 1288 1810 ‘
1310 1794 1438 1824 alienos
1480 1794 1646 1833 populere

940 1844 1038 1882 fines,
1052 1854 1092 1874 an
1118 1848 1192 1874 tuos
1209 1843 1259 1874 uri
1276 1843 1496 1884 exn-indique
1516 1842 1648 1874 videas.

941 1895 1025 1925 Plus
1051 1895 1151 1924 animi
1174 1900 1227 1925 est
1255 1893 1417 1924 inferenti
1446 1894 1648 1934 periculum,

942 1955 1042 1985 quam
1059 1944 1292 1984 propulsantis
1306 1947 1372 1975 διε.
1404 1944 1483 1974 Vid.
1500 1943 1650 1974 Amirati

943 1995 1037 2025 Diss.
1062 1994 1096 2024 iu
1121 1995 1202 2024 Tac.
1222 2002 1329 2024 xvm.
1345 1997 1376 2024 2.
1411 1992 1502 2024 Add.
1521 1993 1648 2024 Notam

942 2053 991 2076 xi.
1008 2048 1038 2075 6.
1057 2047 1087 2075 9.
1115 2045 1214 2075 Rern.

984 2095 1230 2134 Agathoclesque
1244 2104 1312 2125 cum
1324 2103 1354 2124 se
1369 2103 1423 2124 nec
1436 2092 1568 2131 viribus,
1580 2093 1649 2133 thu]

941 2144 982 2175 In
1003 2145 1083 2176 Mss.
1107 2149 1158 2175 est
1178 2144 1367 2183 Agathocles
1388 2144 1467 2183 quod
1486 2152 1530 2182 se,
1547 2143 1648 2183 louge

942 2195 1073 2233 melius,
1089 2204 1188 2235 quam
1213 2193 1302 2234 quod
1328 2194 1454 2233 legitur
1477 2193 1510 2223 in
1536 2194 1651 2232 vulga-

945 2245 1000 2282 tis,
1021 2246 1098 2285 quia
1125 2255 1193 2275 cum
1216 2245 1364 2275 occurrit
1387 2243 1491 2274 etiam
1509 2244 1544 2273 in
1563 2252 1650 2283 prae-

944 2295 1044 2326 cedd.
1090 2295 1194 2334 Impr.
1213 2294 1348 2335 quidam
1366 2294 1491 2324 habent
1507 2292 1650 2331 Agatho-

943 2345 1072 2384 clesque,
1095 2344 1183 2384 qnod
1211 2353 1254 2373 ex
1277 2343 1467 2382 Agathocles
1482 2343 1561 2382 quod
1578 2352 1650 2372 mu-

945 2400 1053 2425 tatum
1072 2393 1214 2424 videtur.
1237 2393 1343 2430 Schef.
1391 2394 1470 2423 Cum
1481 2393 1535 2423 hic
1553 2402 1651 2432 repe-

945 2445 1031 2476 titur
1049 2443 1184 2483 inscite,
1200 2449 1235 2475 et
1251 2449 1371 2474 contra
1394 2453 1522 2474 morem
1545 2448 1649 2474 castae

944 2494 1150 2526 Latinitatis.
1196 2495 1361 2525 Nonnulli
1386 2495 1470 2526 Mss.
1492 2495 1582 2534 quod,
1601 2493 1651 2524 id-

946 2554 1012 2585 que
1038 2545 1156 2584 placet
1184 2542 1369 2575 Scheffero.
1411 2542 1480 2574 Sed
1505 2542 1651 2574 rotunda

946 2599 998 2626 est
1011 2595 1109 2627 Junt.
1126 2594 1317 2635 scriptura:
1347 2595 1424 2625 Cum
1439 2594 1541 2633 igitur
1557 2593 1652 2624 victo-

946 2655 995 2676 res
1010 2646 1102 2676 Poeni
1117 2645 1292 2685 Syracusas
1305 2644 1460 2675 obsidione
1471 2645 1652 2683 cinxissent,

946 2695 1188 2735 Agathoclesque
1200 2704 1232 2725 se
1246 2704 1299 2725 nec
1313 2694 1428 2725 viribus
1440 2703 1557 2734 parem.
1593 2693 1651 2724 Id-

948 2755 1013 2787 que
1035 2746 1150 2777 monui
1171 2745 1244 2786 jam
1261 2745 1341 2776 olim
1362 2745 1396 2776 in
1411 2745 1466 2776 ed.
1484 2753 1559 2776 mea
1582 2743 1652 2785 pri-

948 2806 1014 2828 ma.
1039 2797 1150 2827 Graev.

993 2846 1114 2878 Statuit
1131 2846 1239 2878 bellum
1253 2845 1286 2877 in
1301 2844 1446 2885 Africam
1467 2843 1651 2885 transferre]
