2174 3424
514 352 599 394 626

514 456 604 487 haud
633 466 714 488 sane
740 457 891 497 placent,
920 463 958 490 et
984 458 1084 490 aliter
1110 459 1214 491 collo-

515 506 626 538 canda
648 508 754 539 verba
778 509 851 549 ipsa
873 509 1003 542 Justini
1030 509 1210 548 videntur;

514 556 545 588 h.
560 557 659 589 modo
675 568 722 589 sc.
745 569 818 590 mox
841 569 908 590 cum
932 560 1039 600 paucis
1053 563 1083 591 et
1099 560 1213 590 incom-

511 608 625 648 positis
649 609 683 640 in
707 609 818 640 bellum
845 610 1055 650 progreditur.
1105 610 1214 641 Victus

514 658 623 689 deinde
651 659 684 689 in
712 660 831 698 regiam
859 670 892 690 re
920 660 1043 699 recipit.
1089 660 1212 691 Faber.

516 709 606 741 Saxo
622 719 659 741 x.
683 720 715 750 p.
731 713 806 742 203.
829 711 839 727 ‘
857 711 942 741 Cum
966 709 1083 750 paucis
1108 714 1143 740 et
1164 710 1214 741 in-

515 760 714 799 compositis
752 760 913 791 adversus
959 759 1212 790 multitudinem

514 817 650 839 manum
667 819 845 840 conserere
862 814 1039 840 cunctatus
1055 819 1122 841 non
1137 810 1215 841 est.'

559 859 609 898 §5
636 860 682 889 Et
696 859 854 899 extructa]
879 859 980 900 Angl.
994 859 1047 890 ubi
1059 863 1213 900 extructa,

515 908 604 948 quod
616 908 749 939 videtur
761 909 968 949 praeferentl.
982 910 1085 948 Schef.
1102 911 1212 942 Recte

515 963 586 990 tres
611 958 715 1000 Angl.
732 960 784 991 ubi
799 964 863 992 ext.
885 961 973 1002 quod
990 962 1103 992 Oxou.
1130 962 1214 993 reci-

515 1009 577 1049 pit,
594 1009 824 1051 adstipulante
838 1011 934 1043 Junt.
960 1012 1067 1043 Groev.

559 1059 599 1090 In
614 1060 789 1091 incendium
804 1061 922 1101 mittit]
945 1061 1031 1092 Rem
1048 1061 1121 1093 fuse
1138 1072 1212 1093 nar-

516 1114 570 1141 rat
594 1110 781 1142 Athenaeus
807 1115 918 1144 xn.7.
963 1112 1071 1144 Addit
1097 1119 1211 1144 autem

514 1170 556 1191 ex
573 1161 744 1192 Clitarcho
762 1162 1028 1202 Sardanapalum
1044 1163 1137 1194 senio
1154 1163 1212 1194 ob-

513 1210 607 1251 iisse,
635 1212 743 1252 Syriae
775 1216 889 1243 tamen
917 1213 1058 1253 imperio
1089 1214 1212 1254 spolia-

513 1264 598 1292 tum.
629 1262 710 1302 Ejus
722 1262 942 1303 Epitaphium
953 1268 1048 1294 extat
1073 1263 1213 1294 ib.etin

514 1312 608 1343 Plut.
623 1321 662 1343 11.
679 1311 722 1343 de
735 1313 876 1344 Fortun.
891 1312 990 1344 Alex.
1002 1323 1032 1345 c.
1049 1317 1079 1344 8.
1113 1314 1212 1344 Bern.

558 1362 644 1393 CAP.
663 1371 714 1393 lv.
758 1363 775 1402 ᾧ
794 1365 810 1392 1
836 1363 1013 1403 Astyagen]
1045 1363 1124 1394 vid.
1143 1363 1213 1393 He-

514 1411 588 1442 rod.
613 1413 670 1443 lib.
688 1421 713 1443 1.
741 1417 776 1443 et
803 1413 902 1444 Oros.
926 1423 950 1443 1.
968 1416 1019 1444 19.
1052 1412 1212 1453 Astyagis

513 1461 617 1492 filiam
641 1462 880 1493 ‘Mandanen’
907 1467 1007 1493 vocat
1032 1463 1164 1494 Herod.
1190 1472 1214 1493 1.

516 1515 589 1542 107.
617 1516 652 1543 et
677 1513 753 1543 Val.
770 1513 819 1544 M.
837 1522 861 1543 1.
876 1515 908 1542 7.
927 1522 1003 1553 quae
1022 1512 1152 1543 AEliano
1170 1513 1212 1544 V.

514 1561 561 1592 Η.
579 1570 645 1592 xit.
671 1564 724 1592 24.
754 1567 807 1592 est
832 1561 995 1601 Μανδάλη,
1025 1562 1156 1592 inverso
1185 1574 1213 1593 ν.

514 1611 581 1642 Sed
617 1611 752 1643 videtur
783 1612 1015 1642 emendandus
1046 1612 1215 1652 Valerius,

515 1672 615 1703 quum
640 1662 770 1703 inquit:
795 1663 804 1679 ‘
820 1662 992 1703 Astyages
1019 1662 1104 1693 duos
1132 1672 1215 1702 prae-

514 1713 651 1743 nuntios
667 1713 784 1743 somnii
813 1712 939 1743 frustra
954 1712 1126 1743 discutere
1144 1718 1215 1743 ten-

516 1763 637 1801 tavit;’
673 1762 810 1803 legend.
837 1763 925 1793 enim
951 1764 1010 1793 duo
1037 1762 1216 1802 proenuntia

513 1814 650 1844 somnia:
673 1819 710 1844 ut
728 1813 759 1843 in
777 1813 920 1854 quodam
935 1814 1000 1843 ΜΒ.
1018 1814 1132 1853 legere
1149 1822 1215 1843 me-

515 1863 608 1893 mini.
654 1863 710 1893 De
739 1864 830 1903 Cyro
861 1867 990 1902 praeter
1024 1862 1149 1893 Herod.
1180 1868 1214 1893 et

517 1912 616 1943 Oros.
632 1912 708 1950 lege
734 1912 861 1942 Ctesiae
892 1912 1054 1951 Ἐκλογὰς,
1083 1917 1117 1942 et
1145 1912 1214 1942 Xe-

516 1962 617 2002 nopb.
644 1960 743 2001 Κύρου
768 1960 920 2000 Παιδείαν,
952 1971 1050 2002 quam
1076 1962 1213 2002 quidem

515 2021 582 2042 non
599 2011 640 2041 ad
658 2011 804 2041 liistoriae
819 2012 917 2042 tidem
933 2012 1080 2051 scripsit,
1095 2013 1152 2043 sed
1170 2012 1213 2043 ad

516 2059 662 2101 effigiem
689 2061 773 2101 justi
798 2061 943 2102 imperii,
972 2062 1083 2102 inquit
1114 2065 1140 2093 1.
1170 2062 1212 2093 ad

515 2111 628 2142 Fratr.
647 2111 695 2141 M.
713 2111 846 2142 Cicero.
876 2112 1028 2150 Bongars.

558 2162 575 2201 ᾧ
593 2164 612 2192 2
641 2162 690 2191 Ex
704 2161 998 2202 naturalibusfiliae]
1026 2161 1158 2192 Nomen
1183 2162 1213 2192 ci

515 2211 716 2248 Mandanes,
742 2216 779 2242 ut
806 2222 848 2242 ex
877 2212 1006 2242 Herod.
1027 2221 1049 2243 1.
1077 2215 1150 2243 107.
1179 2217 1214 2244 et

515 2260 590 2290 Val.
607 2261 657 2291 M.
686 2270 708 2292 1.
734 2263 767 2291 7.
796 2265 865 2292 ext.
889 2265 920 2291 5.
949 2266 1091 2293 constat.
1138 2263 1213 2293 Nec

514 2309 658 2340 multum
681 2309 854 2349 discrepat
882 2309 1002 2341 [Elian.
1034 2311 1089 2351 qui
1106 2311 1146 2341 V.
1167 2312 1212 2342 H.

517 2367 584 2389 xn-
610 2361 663 2390 41.
709 2358 876 2395 Μανδάλην
904 2364 1012 2390 vocat.
1035 2361 1043 2375 ‘
1065 2360 1213 2391 Natura-

516 2408 582 2439 lia'
609 2419 683 2450 quae
710 2408 840 2440 Auctor
868 2414 979 2449 vocat,
1005 2409 1075 2441 Cic.
1101 2419 1142 2440 11.
1171 2410 1212 2440 de

516 2458 593 2489 Div.
619 2459 692 2498 pari
719 2458 792 2489 fere
816 2459 916 2490 modo
939 2460 947 2476 ‘
966 2463 1139 2490 naturam’
1157 2469 1212 2491 vo-

516 2512 584 2539 cat.
612 2508 714 2539 Vorst.

549 2559 566 2598 §
582 2561 601 2589 4
629 2558 775 2599 Cambysi
791 2559 935 2590 mediocri
951 2560 1035 2600 vero]
1067 2560 1211 2601 Camby-

517 2617 576 2638 sen
594 2609 720 2639 vilioris
737 2610 836 2640 sortis
850 2610 954 2640 virum
972 2609 1090 2649 fuisse,
1113 2620 1211 2651 quani

516 2659 731 2689 existimatur
750 2659 863 2700 vulgo,
892 2660 959 2691 Dio
987 2660 1158 2700 Clirysost.
1183 2660 1211 2690 si

517 2709 547 2738 ei
563 2709 782 2749 credendum,
794 2710 959 2749 ostendit,
972 2710 1028 2751 qui
1040 2710 1138 2741 Orat.
1153 2718 1212 2741 xv.

517 2757 559 2787 de
576 2758 747 2789 Servitute
765 2759 881 2799 tradit,
901 2759 1028 2799 Cyrum
1044 2763 1122 2790 ante
1140 2768 1212 2799 reg-

517 2818 596 2839 num
628 2809 730 2840 fuisse
760 2809 939 2849 bominem,
976 2810 1034 2851 qui
1063 2809 1213 2841 candelis

519 2858 683 2889 faciendis
710 2864 887 2900 quaestum‚
916 2860 1062 2891 fecerit:
1091 2859 1133 2890 “H
1160 2860 1214 2890 οὐκ

519 2906 616 2947 οἶσθα,
629 2907 676 2939 ὅτι
691 2908 874 2947 λυχνοποιὸς
889 2907 925 2947 ἧν
940 2910 956 2940 ὁ
973 2910 1067 2950 Κῦρος
1086 2909 1213 2941 Ἀστυά-

967 363 1108 394 NOTAE
1143 363 1408 395 VARIORUM
1445 365 1496 395 {N

1261 470 1332 499 7⁰11,
1348 458 1398 490 καὶ
1413 458 1504 489 ὁπότε
1516 469 1555 497 ’γε
1570 455 1711 498 ἠδυνήθη,
1725 456 1776 488 καὶ
1791 455 1889 496 ἔδοξεν
1905 455 1957 487 αὖ·

1261 511 1318 549 τῷ,
1345 508 1502 550 ἐλεύθερος
1517 507 1580 547 ἅμα
1601 507 1651 539 καὶ
1671 506 1820 544 βασιλεὺς
1836 506 1959 547 ἐγένετο

1261 561 1319 597 τῆς
1343 559 1448 591 Ἀσίας
1462 558 1583 597 ἁπάσης
1597 570 1604 598 ;
1640 559 1693 590 Αη
1709 558 1805 589 nescis
1820 558 1960 588 candela-

1262 621 1330 641 rum
1346 611 1483 652 opificem
1496 610 1597 649 suisse
1616 610 1734 650 Cyrum
1748 609 1902 649 Astyagis
1914 607 1960 650 fi-

1262 660 1349 700 lium,
1375 664 1406 691 et
1420 660 1548 691 liberum
1563 660 1656 690 simul
1671 662 1701 690 et
1724 669 1828 698 regem
1835 658 1961 697 sactum

1261 721 1325 742 esse
1349 711 1446 741 totius
1470 711 1568 750 Asioe,
1590 713 1621 741 et
1644 710 1764 750 quando
1786 709 1902 749 potuit,
1930 711 1961 739 et

1262 762 1382 801 quando
1411 761 1471 791 sibi
1494 761 1592 791 visum
1609 758 1705 798 fuit?
1752 758 1819 790 Alii
1846 763 1959 792 tamen

1263 811 1456 851 Cambysen
1481 810 1583 841 fuisse
1609 819 1732 850 genere
1749 809 1961 840 Achaemeni-

1263 860 1340 891 dam
1366 860 1519 891 tradunt.
1564 859 1816 891 Nobilissimam
1845 864 1959 890 autem

1263 919 1316 950 ap.
1328 911 1448 941 Persas
1458 908 1618 940 familiam
1631 908 1962 949 Achaemenidarum,

1263 965 1301 991 ut
1317 964 1436 991 auctor
1451 965 1504 991 est
1526 959 1655 990 Herod.
1673 969 1698 989 ῐ.
1717 961 1790 990 107.
1814 963 1848 989 et
1865 968 1961 1000 seqq.

1262 1009 1366 1041 Diod.
1392 1010 1425 1041 in
1454 1010 1617 1050 Excerpt.
1647 1009 1797 1040 Peiresc.
1822 1008 1916 1039 illum
1941 1018 1961 1039 a

1263 1066 1362 1100 patre
1389 1060 1567 1100 disciplina
1591 1059 1684 1099 regia
1709 1058 1813 1090 fuisse
1837 1058 1960 1089 forma-

1264 1114 1334 1140 tum
1366 1110 1483 1150 tradit,
1523 1115 1561 1141 ut
1593 1109 1666 1150 jam
1706 1109 1762 1140 alii
1791 1113 1963 1141 notarunt.

1265 1160 1371 1191 Graev.

1306 1210 1346 1241 In
1361 1210 1591 1241 matrimonium
1605 1209 1754 1249 tradidit]
1778 1210 1879 1251 Angl.
1894 1213 1961 1241 tra-

1262 1260 1322 1290 dit.
1357 1260 1485 1299 Probo,
1502 1261 1579 1300 quia
1604 1260 1651 1291 sic
1674 1261 1825 1291 historici
1849 1265 1963 1291 amant

1264 1311 1367 1351 loqui,
1383 1316 1418 1341 et
1433 1311 1586 1352 sequitur
1601 1321 1679 1342 mox
1701 1312 1710 1328 ‘
1727 1311 1893 1351 arcessit,’
1918 1311 1963 1342 si-

1263 1361 1335 1392 mili
1352 1366 1516 1402 tempore.
1541 1361 1649 1399 Scltef.

1307 1413 1357 1452 §5
1382 1411 1538 1452 Arcessit]
1562 1413 1611 1443 Ea
1639 1416 1691 1443 est
1717 1412 1863 1443 omnium
1889 1411 1961 1444 fere

1265 1466 1349 1493 vett.
1365 1462 1529 1493 librorum
1555 1463 1587 1492 in
1612 1463 1674 1494 hoc
1692 1462 1842 1494 Auctore
1857 1463 1962 1504 scrip-

1265 1517 1352 1543 tura.
1398 1513 1537 1543 Dicitur
1568 1518 1680 1543 autem
1713 1512 1890 1544 ‘arcesso'
1918 1513 1961 1544 ab

1263 1562 1410 1601 ‘arcio3’
1451 1569 1485 1594 ut
1515 1573 1533 1593 a
1569 1564 1578 1581 ‘
1597 1562 1718 1603 capio:
1757 1564 1766 1581 ‘
1784 1573 1925 1603 capesso
1940 1563 1961 1602 ;’

1263 1611 1272 1628 ‘
1288 1611 1398 1651 facio‚’
1420 1613 1429 1629 ‘
1446 1611 1599 1645 facesso!
1623 1612 1792 1644 Priscian.
1808 1613 1866 1643 lib.
1883 1622 1963 1644 vui.

1265 1663 1310 1693 Et
1331 1663 1340 1678 ‘
1359 1662 1472 1694 arcio’
1497 1667 1562 1702 est,
1585 1663 1699 1693 accio:
1732 1673 1768 1693 ur
1785 1672 1846 1703 pro
1860 1664 1900 1693 ad
1915 1662 1964 1703 ἆρ-

1264 1713 1389 1750 χαῖκῶς.
1437 1711 1516 1743 vid.
1542 1712 1705 1743 Scaurum
1730 1712 1772 1744 de
1798 1712 1961 1754 Orthogr.

1264 1762 1370 1801 Bong.
1462 1799 1466 1807 Ι

1307 1814 1361 1852 §6
1386 1813 1488 1843 Natus
1503 1812 1617 1853 infans,
1632 1812 1701 1853 ssia]
1739 1813 1825 1844 Haec
1850 1813 1963 1844 omnia

1264 1862 1395 1901 prolixe
1414 1862 1545 1893 Herod.
1562 1863 1760 1903 exsequitur
1775 1872 1798 1893 1.
1827 1866 1898 1894 107.
1927 1869 1962 1895 et

1263 1921 1358 1953 seqq.
1391 1912 1522 1942 Ctesias
1533 1919 1636 1953 negat
1653 1921 1694 1943 ex
1713 1913 1873 1954 Astyagis
1888 1922 1962 1944 san-

1263 1962 1363 2002 guine
1379 1961 1481 1992 fnisse
1499 1963 1637 2002 Cyrum.
1662 1963 1758 1994 Bern.

1308 2012 1404 2051 Regis
1420 2022 1601 2043 arcanorum
1615 2013 1781 2054 participi]
1817 2014 1896 2045 Non
1910 2023 1961 2045 so-

1263 2062 1331 2092 lum
1347 2062 1443 2093 Junt.
1460 2063 1513 2094 ed.
1537 2063 1596 2093 sed
1613 2068 1649 2094 et
1665 2064 1748 2094 Mss.
1765 2064 1896 2103 legunt,
1911 2073 1960 2094 re-

1260 2113 1313 2150 gis
1327 2113 1423 2143 amico
1440 2116 1469 2143 et
1483 2122 1663 2143 arcanorum
1673 2113 1836 2153 participi.
1861 2114 1960 2146 Quod

1264 2163 1352 2192 male
1379 2167 1553 2194 mutarunt
1580 2163 1741 2202 editores,
1770 2168 1808 2194 ut
1835 2163 1961 2195 dudum

1265 2213 1433 2252 praecepit
1461 2213 1611 2243 Gronov.
1656 2212 1767 2243 Amici
1794 2213 1883 2243 enim
1910 2223 1962 2245 re-

1265 2271 1341 2300 gum
1359 2262 1561 2292 dicebantur
1577 2263 1668 2298 olim,
1692 2262 1750 2303 qui
1774 2262 1821 2293 eis
1848 2272 1867 2292 a
1883 2272 1963 2294 con-

1265 2311 1347 2341 siliis
1364 2317 1454 2342 sunt.
1500 2312 1540 2342 In
1557 2322 1632 2352 cap.
1649 2315 1679 2342 7.
1695 2312 1762 2352 huj.
1778 2311 1838 2342 lib.
1861 2312 1870 2329 ‘
1885 2312 1962 2345 Quo

1265 2360 1359 2392 facto
1377 2367 1411 2393 et
1427 2363 1570 2393 amicum
1584 2362 1616 2392 in
1632 2361 1832 2392 adulterium
1848 2362 1963 2393 uxoris

1266 2411 1485 2442 sollicitatum
1515 2412 1646 2442 hostem
1683 2411 1746 2441 sibi
1775 2410 1891 2442 fecit:'
1927 2416 1963 2443 et

1265 2471 1340 2501 cap.
1357 2464 1387 2493 9.
1411 2463 1420 2479 ‘
1439 2462 1578 2502 Magum
1601 2461 1768 2502 quendam
1790 2470 1832 2492 ex
1848 2461 1962 2492 amicis

1267 2511 1425 2552 delegitz'
1449 2512 1506 2543 lib.
1523 2521 1588 2543 xu.
1605 2515 1656 2542 15.
1681 2512 1690 2528 ‘
1708 2512 1792 2542 Cum
1815 2510 1962 2542 deficere

1266 2571 1341 2592 eum
1368 2561 1466 2592 amici
1495 2561 1685 2592 viderentz’
1709 2561 1766 2592 lib.
1783 2569 1911 2592 xxx1V.
1932 2570 1962 2593 c.

1266 2614 1297 2643 3.
1319 2612 1328 2628 ‘
1346 2612 1429 2642 Cum
1446 2612 1597 2643 cunctari
1621 2621 1696 2642 eum
1715 2611 1860 2649 videret,
1883 2620 1962 2642 con·

1266 2662 1550 2703 sultationemque
1578 2661 1620 2692 ad
1656 2660 1782 2691 amicos
1808 2659 1960 2692 referre!

1265 2712 1360 2743 Suet.
1375 2712 1447 2742 Tib.
1462 2715 1515 2742 55.
1539 2714 1547 2728 ‘
1561 2711 1670 2751 Super
1685 2714 1818 2740 veteres
1836 2710 1961 2741 amicos

1267 2770 1306 2791 ac
1332 2759 1513 2792 familiares
1538 2760 1660 2800 viginti
1687 2759 1751 2790 sibi
1778 2768 1796 2790 e
1822 2768 1962 2790 numero

1268 2811 1458 2851 principum
1507 2810 1656 2841 civitatis
1702 2809 1963 2850 depoposcerat,

1268 2861 1361 2891 velut
1388 2860 1594 2892 consiliarios
1621 2859 1655 2891 in
1684 2859 1829 2900 negotiis
1853 2858 1962 2900 publi-

1269 2908 1336 2941 cis!
1361 2909 1467 2942 (ἔναυ.
