2101 3419
397 322 472 362 cxl
1039 329 1199 360 lNDEX

440 429 598 460 Velocitas
623 429 711 458 famae
753 428 786 464 ii,
815 431 869 467 14,
896 432 927 460 9-
960 439 1009 463 xx,
1025 430 1057 463 3,
1073 431 1093 459 9

397 472 544 502 velocitas
560 471 645 511 genti
671 471 776 511 pernix
800 470 872 506 xliv,
888 473 920 505 2,
936 473 955 500 5
980 469 1094 500 veloci-

398 520 463 544 tate
478 518 592 543 certare
617 524 667 548 xx,
682 516 714 548 2,
730 515 749 543 8
771 512 917 542 festinata
931 512 1094 543 velocitate

398 556 585 587 contendere
612 555 712 590 xxxvi,
728 557 760 590 4,
776 558 817 586 10

440 598 641 637 Velut(saepe
652 598 861 637 metaphoram
872 594 977 636 notat)
991 607 998 625 ι
1012 596 1096 626 velut

397 639 624 680 conspiratione
641 640 773 680 quadam
788 639 840 673 vii,
854 641 886 674 6,
900 641 920 669 4
938 638 1022 668 velut
1031 649 1096 669 rne-

398 683 470 712 dela
485 683 625 722 quaedain
649 682 692 722 xi,
709 684 740 718 1,
757 685 776 713 7
803 680 904 711 Vorst.

441 724 569 755 Venalis
586 735 644 763 pax
673 734 743 759 xxv,
760 727 790 759 1,
818 726 836 754 3
873 722 994 752 libertas
1009 721 1095 751 nullo

398 767 498 807 pretio
513 766 629 796 venalis
665 766 699 801 ii,
728 768 779 800 14,
794 766 823 796 '3
857 765 977 794 venalia
1001 764 1097 794 multa

399 820 455 849 spe
472 809 548 840 lucri
572 808 744 849 hospitibus
769 807 942 838 inferebant
964 806 1048 842 xviii,
1064 810 1096 843 5,

443 893 588 923 Venandi
603 893 706 934 specie
741 892 842 929 xxxiV,
867 894 901 928 3,
917 894 936 922 8
965 890 1098 921 venandi

401 936 536 966 studium
561 936 674 971 xxxvii,
691 938 722 971 2,
738 938 757 966 7

443 977 595 1008 Venatica
611 978 715 1018 praeda
737 976 821 1012 xxiii,
838 979 868 1012 1,
886 979 906 1006 9

444 1020 628 1050 Venationis
667 1019 829 1049 commoda
872 1017 984 1052 xxxvii,
1016 1019 1048 1051 2,
1078 1019 1098 1048 9

402 1063 616 1092 venationibus
628 1062 761 1101 aliquem
776 1070 915 1090 exercere
938 1059 971 1095 ii,
986 1061 1019 1094 4,
1037 1061 1075 1089 11

444 1104 613 1135 Venatorio
642 1104 749 1133 habitu
786 1103 881 1132 literae
911 1111 1029 1131 arcanae
1058 1101 1097 1130 ad

403 1147 520 1189 Cyrum
535 1147 714 1176 deseruntur
728 1145 748 1180 i,
764 1148 796 1181 5,
813 1148 853 1175 10

448 1188 585 1219 Venatus
622 1188 694 1229 (pro
722 1185 905 1227 venatione)
940 1185 992 1221 xli,
1017 1188 1048 1221 3,
1079 1187 1098 1215 3

405 1231 541 1261 Freinsh.

446 1272 590 1304 Vendere
620 1273 677 1302 sub
704 1281 818 1301 corona
843 1270 931 1311 (vide
949 1268 1101 1309 Corona).

403 1316 536 1345 vendere
564 1315 656 1344 alicui
680 1313 839 1344 victoriam
863 1313 962 1343 carius
987 1322 1017 1348 V,
1033 1316 1065 1347 5,
1080 1315 1101 1343 6

404 1358 536 1388 vendere
566 1356 753 1397 sepulturam
789 1355 1018 1386 interfectorum
1059 1354 1100 1389 ix,

406 1404 438 1437 4,
454 1404 474 1431 (i

449 1441 617 1472 venditare
648 1441 720 1481 (pro
736 1440 876 1480 prodere,
893 1444 925 1469 et
952 1438 1104 1475 vendere)

407 1485 506 1521 xxi,6,
518 1487 535 1514 7
562 1484 741 1514 venditabat
751 1483 831 1512 hanc
847 1492 970 1521 operam
986 1480 1105 1511 civibus

407 1528 468 1557 suis
492 1528 568 1567 (hoc
583 1531 641 1561 est,
658 1525 842 1565 imputabat,
861 1524 1003 1564 jactabat
1017 1524 1100 1562 apud

407 1570 490 1599 cives
513 1579 595 1605 suos,
611 1578 664 1598 sua
680 1577 773 1607 opera
787 1566 819 1596 id
833 1566 965 1606 facturn)
989 1576 1018 1601 v,
1035 1568 1066 1601 3,
1085 1568 1100 1596 1

406 1611 546 1641 Freinsh.

453 1652 673 1684 venditatione
689 1651 793 1692 gloriae
808 1661 870 1680 suae
887 1655 1038 1680 tantarum
1055 1659 1104 1678 m·-

409 1696 493 1726 bium
510 1695 667 1726 fastidium
683 1695 779 1734 agitat
807 1693 871 1729 viii,
884 1696 916 1728 4,
932 1696 972 1723 10
995 1691 1102 1722 vendi-

408 1744 471 1768 tare
484 1750 516 1768 se
532 1738 671 1767 omnibus
689 1736 822 1777 partibus
848 1735 921 1771 xvii,
934 1737 965 1770 2,
978 1737 1018 1766 12

455 1781 614 1811 Venenum
644 1779 674 1808 in
705 1778 899 1808 mucronibus
926 1777 1103 1817 sagittarum

410 1823 462 1859 xii,
479 1827 530 1858 10,
546 1826 566 1853 2
591 1831 739 1851 venenum
756 1821 787 1850 in
814 1819 981 1850 remedium
1008 1818 1103 1848 malo·

410 1876 474 1895 rum
491 1866 596 1895 (latum
624 1875 671 1899 xv,
689 1866 719 1898 3,
735 1866 756 1893 6
781 1872 898 1892 veneno
915 1861 995 1902 perit
1008 1860 1103 1890 Alex-

410 1909 504 1937 ander
533 1907 585 1943 xii,
604 1909 654 1941 14,
670 1909 690 1936 6
714 1904 835 1940 veneni,
851 1915 912 1945 quo
929 1893 1105 1934 Alexander

411 1950 511 1989 periit,
529 1949 675 1978 violentia
698 1947 750 1981 xii,
768 1950 820 1981 14,
834 1949 853 1977 7
879 1956 998 1976 veneno
1014 1945 1105 1985 periit

412 1991 568 2021 Hannibal
606 1990 696 2024 xxxii,
712 1992 743 2024 4,
766 1991 785 2019 8
823 1988 1027 2019 Callisthenes
1055 1997 1105 2022 xv,

411 2038 442 2069 3,
459 2038 479 2063 6
504 2033 715 2071 Pliilopoernen
739 2030 829 2065 xxxii,
847 2034 877 2065 1,
893 2034 914 2061 9

456 2075 640 2105 Venerabile
655 2083 767 2102 nomen
789 2071 853 2107 xlii,
870 2075 902 2107 3,
916 2075 934 2102 5

456 2116 623 2148 Veneratio
649 2116 753 2144 formae
783 2125 813 2149 v,
829 2116 861 2149 2,
877 2117 897 2145 6
920 2111 1107 2152 magnitudi-

414 2161 460 2190 nis
488 2160 545 2195 xiv,
561 2162 590 2193 1,
606 2162 625 2188 8
648 2156 728 2186 senis
750 2166 779 2191 x,
795 2159 824 2192 1,
837 2159 858 2186 6
881 2156 964 2195 apud
979 2155 1107 2184 Parthos

414 2202 570 2244 prmcipua
584 2199 723 2229 aumibus
738 2197 892 2227 veneratio
907 2203 953 2227 est
976 2197 1028 2231 xli,
1044 2200 1075 2232 3,
1088 2199 1109 2227 6

459 2244 587 2275 Veneris
615 2241 756 2280 voluptas
793 2240 814 2275 i,
845 2243 896 2275 10,
924 2242 942 2270 7
980 2238 1109 2268 veneris

416 2287 563 2326 templum
588 2284 648 2319 xxi,
665 2286 696 2317 3,
713 2286 731 2312 3
757 2292 810 2321 pro
832 2281 980 2321 pudicitia
996 2281 1110 2311 Veneri

419 2330 584 2359 libamenta
621 2325 780 2356 solvebant
817 2324 948 2364 virgines
985 2324 1110 2364 Cypria:

417 2372 499 2406 xviii,
513 2375 543 2405 5,
559 2373 579 2400 4

462 2413 574 2443 Veneti
585 2410 785 2450 Trojanorum
799 2408 960 2449 progenies
983 2418 1032 2442 xx,
1050 2411 1080 2442 l,
1091 2410 1110 2438 8

462 2456 584 2486 Venia:
622 2451 786 2483 dementia>
813 2452 902 2481 venia
924 2450 1041 2490 aliquid
1067 2450 1111 2479 fa-

420 2509 499 2533 cere,
515 2499 615 2527 dicere
631 2496 663 2530 ii.
676 2498 708 2532 7,
719 2498 740 2525 9
757 2493 875 2523 veniam
889 2492 959 2523 belli
976 2492 1113 2532 polliceri

421 2542 491 2580 (pro
508 2538 648 2580 polliceri
664 2537 777 2566 bellum
794 2546 825 2565 se
851 2545 913 2564 non
940 2534 1113 2574 illaturum)

419 2582 483 2618 viii,
500 2587 530 2618 -1,
548 2585 584 2612 11
620 2589 704 2611 orare
725 2578 844 2607 veniam
872 2577 1034 2616 sepultura}
1064 2577 1112 2617 (id

423 2630 480 2661 est,
510 2623 654 2665 gratiam)
696 2621 736 2656 xi,
760 2623 811 2656 15,
838 2622 877 2650 ll
901 2619 1004 2649 Vorst.
1030 2619 1116 2649 nulla

423 2668 512 2697 venia
528 2667 571 2696 illi
586 2671 633 2696 est
647 2662 803 2694 dilationis
831 2661 904 2697 xvii,
919 2664 950 2696 2,
968 2664 1007 2692 14

469 2710 579 2739 Venire
595 2709 626 2738 iu
641 2705 787 2737 auxilium
814 2703 943 2744 alicujus
973 2704 1006 2739 ii,
1022 2706 1073 2739 12,
1097 2707 1113 2735 1

425 2752 476 2787 xii,
501 2756 532 2787 ε),
550 2754 587 2782 11
623 2751 652 2779 in
680 2751 862 2788 potestatem
902 2745 943 2781 xi,
970 2749 1020 2782 10,
1043 2750 1060 2777 5
1085 2746 1116 2776 in

426 2794 673 2833 siipplruwutum
707 2790 796 2825 iii,4,
821 2792 838 2818 5
875 2788 905 2817 in
930 2793 1116 2818 contemtum

427 2837 621 2867 finitimorum
651 2833 749 2868 xxxix,
775 2835 804 2868 5,
822 2835 838 2863 5
865 2831 964 2861 venire
992 2831 1045 2872 (de
1062 2830 1118 2862 im-

1145 427 1230 468 perio
1239 427 1430 467 dictum,pro
1443 426 1583 467 devolvi)
1599 426 1659 463 i‚4,
1669 430 1687 457 7
1702 427 1838 459 Ἑῐεῐῐιεὶὶ,

1188 470 1351 500 Ventidius
1368 470 1498 499 Parthos
1514 469 1610 499 vincit
1629 469 1694 505 xlii,
1707 472 1738 505 4,
1755 473 1796 501 10

1187 512 1335 542 Ventrem
1349 511 1442 544 imum
1467 515 1649 551 pertractare
1669 512 1793 549 xxxviii,
1810 515 1841 549 1,

1144 557 1165 585 9
1188 554 1295 595 sagina
1310 553 1423 584 ventris
1451 552 1575 589 xxxviii,
1591 556 1623 589 8,
1636 556 1657 584 9

1188 596 1309 627 Ventus
1325 596 1424 626 acrior
1438 595 1578 626 incubuit
1599 595 1640 631 iv,
1658 598 1689 631 1,
1703 597 1725 626 6
1746 599 1840 625 vento

1145 637 1358 679 concipientes
1373 648 1462 678 equae
1490 638 1564 674 xliv,
1579 640 1611 673 3,
1629 640 1645 668 1
1668 637 1754 667 venti
1768 637 1843 667 assi-

1145 681 1200 711 dui
1212 681 1244 710 in
1260 680 1363 711 Gallia
1377 681 1450 716 xliv,
1467 683 1497 716 1,
1510 683 1531 711 4
1546 685 1578 710 et
1591 679 1698 710 Sicilia
1718 679 1761 715 iv,
1778 682 1809 716 1,
1820 682 1841 710 2

1188 723 1252 753 Ver
1266 733 1383 753 sacrum
1412 722 1493 758 xxiv,
1507 724 1539 758 4,
1555 725 1572 753 1
1596 721 1697 763 (Vide
1719 721 1842 752 Livium

1145 765 1245 801 xxxiv,
1260 768 1314 801 43,
1329 765 1367 805 2)
1383 764 1518 794 Freinsh.
1531 764 1619 794 initio
1633 764 1711 794 veris
1724 764 1765 800 ix,
1777 767 1808 802 5,
1822 767 1843 794 8

1189 807 1279 837 Verae
1295 807 1438 848 lacrymae
1461 806 1561 842 xxxix,
1579 809 1608 842 1,
1624 809 1645 837 6
1668 816 1738 836 vera
1753 816 1844 836 orna-

1146 854 1250 880 menta
1272 860 1323 886 xx,
1338 852 1370 884 4,
1388 852 1428 880 12
1451 859 1483 879 re
1498 859 1569 878 vera
1598 848 1650 884 xii,
1667 851 1720 884 13,
1737 851 1778 879 10

1190 892 1327 922 Verbera
1340 891 1371 920 in
1389 891 1487 921 aciem
1503 891 1609 921 afferre
1632 890 1666 926 ii,
1681 894 1714 925 5,
1729 893 1751 922 4
1776 900 1845 920 ver-

1147 935 1219 964 bera
1246 933 1479 974 inopinantibus
1506 933 1658 963 intentare
1696 932 1730 968 ii,
1761 935 1794 969 5,
1823 936 1842 964 5

1147 986 1259 1016 corpus
1274 976 1450 1005 verberibus
1466 975 1600 1005 lacerum
1622 974 1682 1010 xxi,
1699 977 1731 1010 4,
1746 976 1766 1004 7

1189 1018 1326 1048 Verbum
1340 1030 1346 1047 :
1364 1018 1397 1048 in
1412 1018 1503 1048 verba
1519 1016 1649 1056 alicujus
1669 1014 1845 1057 jurejuran-

1148 1062 1189 1091 do
1215 1060 1361 1100 obstringi
1393 1060 1454 1096 xiv,
1471 1063 1503 1095 4,
1518 1062 1537 1090 3
1560 1060 1651 1089 verba
1677 1058 1845 1089 misericor-

1149 1104 1207 1134 diae
1231 1103 1331 1138 xxxix,
1347 1105 1378 1138 3,
1397 1105 1436 1133 10
1460 1102 1579 1132 lenibus
1594 1100 1693 1132 verbis
1720 1111 1845 1131 monere

1148 1146 1199 1180 xii,
1216 1148 1269 1180 11,
1284 1148 1304 1176 7
1328 1145 1427 1174 verbis
1454 1144 1530 1174 nihil
1555 1144 1700 1184 proficere
1722 1143 1776 1180 xii,
1793 1147 1844 1180 11,

1149 1191 1168 1219 8
1191 1188 1289 1217 honor
1304 1187 1465 1217 verborum
1488 1197 1537 1222 xv,
1556 1189 1586 1221 1,
1602 1188 1622 1217 8

1193 1229 1273 1259 Vere
1285 1229 1386 1259 victus
1407 1229 1449 1264 xi,
1467 1231 1519 1264 12,
1536 1231 1555 1259 8

1196 1271 1389 1301 verecundia
1403 1270 1554 1301 Demetrii
1570 1270 1661 1306 xxxii,
1677 1272 1709 1306 2,
1726 1271 1746 1301 4
1761 1280 1846 1300 vere-

1151 1313 1265 1344 cundia
1281 1313 1386 1353 prioris
1401 1313 1543 1344 amicitiae
1579 1313 1640 1349 xiv,
1663 1315 1695 1349 4,
1716 1314 1756 1343 21
1793 1323 1845 1342 ve-

1151 1355 1296 1386 recundia
1312 1355 1471 1396 dignitatis
1493 1354 1587 1391 xxxii,
1603 1358 1633 1390 1,
1649 1357 1670 1385 6
1692 1354 1846 1395 magnitu—

1153 1398 1233 1428 dinis
1254 1398 1347 1434 xxxii,
1363 1402 1392 1433 l,
1408 1401 1429 1429 9

1196 1440 1407 1470 Verecundius
1421 1439 1564 1470 recedere
1586 1449 1656 1474 xxv,
1681 1441 1715 1475 4,
1730 1441 1750 1470 7

1196 1482 1302 1512 Vereri
1326 1483 1493 1512 adventum
1516 1480 1646 1521 alicujus
1682 1481 1743 1518 xvi,
1770 1483 1800 1517 1,
1827 1483 1847 1512 7

1154 1525 1312 1564 ingenium
1334 1525 1435 1560 xxxvi,
1450 1528 1484 1560 2,
1497 1527 1517 1555 6

1195 1567 1223 1596 V
1226 1577 1306 1597 ernae
1338 1567 1505 1598 Tuscorum
1536 1565 1672 1596 Romani
1721 1563 1847 1601 xxxviii,

1151 1611 1183 1644 6,
1196 1612 1216 1640 7

1194 1651 1318 1681 Verona
1333 1661 1351 1681 a
1366 1649 1465 1682 Gallis
1480 1650 1609 1681 condita
1629 1660 1679 1686 xx,
1694 1652 1726 1686 5,
1742 1652 1762 1680 8

1195 1693 1317 1723 Versari
1333 1694 1364 1723 in
1391 1693 1438 1723 his
1462 1693 1702 1733 cogitationibus
1725 1691 1849 1728 xxxviii,

1154 1738 1184 1770 1.
1199 1739 1218 1767 2
1244 1736 1384 1766 utilitatis
1409 1745 1502 1766 causa
1526 1735 1559 1765 in
1584 1745 1623 1766 eo
1650 1739 1785 1765 versatur
1806 1734 1848 1771 xi,

1154 1780 1208 1813 15,
1224 1780 1266 1809 12

1196 1819 1425 1850 versificatores
1441 1819 1525 1859 apud
1539 1818 1746 1850 Athenienses
1766 1827 1850 1859 mag-

1153 1871 1193 1891 no
1209 1862 1240 1891 in
1257 1862 1355 1902 pretio
1381 1863 1422 1898 vi,
1438 1865 1470 1897 9,
1487 1864 1508 1893 4

1194 1904 1308 1935 Versus
1324 1917 1330 1934 :
1350 1904 1498 1935 Piraeeum
1513 1913 1616 1934 versus
1638 1914 1667 1940 v,
1682 1905 1714 1939 8,
1729 1906 1748 1934 5

1194 1946 1323 1977 Vertere
1352 1946 1424 1986 (pro
1453 1944 1646 1986 convertere)
1678 1946 1720 1982 ix,
1747 1947 1780 1981 2,
1808 1946 1848 1975 13

1154 1987 1289 2018 Freinsh.
1328 1994 1444 2018 vertere
1471 1988 1717 2028 desperationem
1738 1987 1770 2016 in
1793 1986 1851 2016 vir-

1155 2035 1251 2060 tutem
1276 2030 1307 2065 ii,
1322 2033 1374 2065 13,
1386 2033 1407 2060 6
1430 2034 1619 2060 contemtum
1629 2029 1724 2059 hostis
1737 2032 1852 2059 vertere

1154 2072 1186 2101 in
1202 2071 1435 2102 admirationem
1457 2071 1499 2107 xi,
1520 2074 1551 2107 3,
1575 2074 1596 2102 4
1628 2076 1744 2101 vertere
1768 2076 1851 2109 terga

1156 2113 1196 2149 xi,
1212 2117 1243 2148 6,
1261 2117 1299 2144 11
1323 2118 1438 2144 vertere
1465 2113 1575 2143 ferrum
1591 2112 1629 2142 ab
1642 2112 1747 2142 hostili
1770 2112 1851 2142 bello

1156 2156 1188 2185 in
1202 2155 1322 2185 civilem
1338 2155 1516 2196 sanguinem
1539 2154 1603 2190 xiii,
1617 2157 1649 2190 6,
1663 2157 1703 2186 1⁷
1726 2153 1852 2184 insidias

1156 2198 1188 2227 in
1211 2198 1402 2227 insidiatores
1426 2197 1490 2234 xiii,
1513 2199 1545 2232 8,
1559 2199 1580 2228 6
1603 2206 1708 2236 preces
1731 2197 1763 2226 in
1779 2196 1852 2226 iram

1158 2240 1218 2276 xiv,
1234 2243 1264 2275 4,
1283 2242 1303 2270 9
1325 2239 1459 2269 favorem
1482 2239 1529 2269 sui
1550 2239 1582 2268 in
1604 2239 1709 2268 odium
1737 2238 1796 2274 xiv,
1820 2238 1852 2274 6,

1161 2285 1173 2312 l
1213 2281 1335 2312 titulum
1365 2281 1512 2311 libertatis
1540 2280 1572 2310 in
1601 2280 1775 2311 servitutem
1804 2291 1854 2315 xv,

1159 2327 1190 2359 4,
1209 2327 1247 2355 13
1283 2333 1365 2353 arma
1392 2322 1425 2353 in
1448 2327 1544 2353 semet
1568 2322 1651 2362 ipsos
1685 2333 1734 2358 xv,
1757 2325 1790 2358 4,
1811 2325 1853 2354 23

1160 2366 1264 2396 odium
1282 2366 1312 2395 in
1328 2365 1565 2396 misericordiam
1591 2364 1665 2401 xvii,
1688 2367 1720 2402 3,
1736 2367 1776 2396 21
1800 2364 1855 2394 ad-

1162 2407 1280 2438 miratio
1304 2408 1429 2437 vertitur
1457 2407 1489 2437 in
1512 2411 1701 2437 contemtum
1723 2406 1796 2443 xxii,
1822 2409 1854 2442 6,

1164 2454 1198 2481 11
1228 2460 1311 2480 versa
1327 2450 1356 2479 in
1370 2450 1502 2490 aliquem
1513 2448 1630 2478 invidia
1645 2453 1757 2479 temere
1771 2459 1854 2479 com-

1163 2492 1244 2522 missi
1269 2492 1365 2532 praelii
1388 2491 1460 2528 xxii,
1477 2494 1510 2527 8,
1526 2494 1546 2521 8
1570 2496 1684 2521 vertere
1707 2491 1764 2522 iter
1778 2490 1856 2521 Del-

1165 2535 1241 2575 phos
1270 2535 1350 2570 xxiv,
1366 2537 1397 2570 6,
1414 2538 1432 2565 5
1466 2534 1538 2563 iram
1554 2533 1585 2562 in
1600 2533 1734 2574 aliquem
1766 2533 1808 2569 ix,
1822 2535 1856 2569 6,

1164 2579 1183 2607 8
1207 2587 1289 2607 arma
1312 2576 1344 2606 in
1368 2576 1501 2616 aliquem
1533 2575 1625 2610 xxvii,
1650 2578 1683 2611 2,
1710 2578 1749 2606 ll
1781 2575 1858 2605 verti

1164 2620 1237 2659 (pro
1267 2619 1387 2654 versari,
1403 2617 1484 2656 esse)
1521 2617 1581 2654 xiv,
1607 2620 1637 2652 1,
1663 2620 1682 2648 7
1720 2616 1857 2648 Freinsh-

1165 2662 1241 2691 verti
1265 2661 1297 2691 in
1320 2661 1424 2701 fugam
1458 2660 1490 2696 ii,
1516 2663 1568 2695 12,
1593 2661 1646 2690 26.
1679 2670 1728 2696 xv,
1755 2662 1787 2694 4,
1804 2662 1856 2690 22.

1165 2704 1266 2739 xxxix,
1280 2707 1313 2740 2,
1328 2706 1349 2734 6
1380 2703 1465 2738 iram,
1488 2701 1700 2742 poenitentiam
1722 2701 1774 2738 xii,
1789 2704 1820 2737 6,
1835 2703 1855 2732 7

1166 2746 1292 2776 vertitur
1317 2745 1447 2775 imitatio
1474 2745 1505 2774 in
1527 2743 1674 2774 luxuriam
1711 2743 1754 2779 iii,
1781 2745 1812 2779 3,
1836 2746 1857 2774 4

1167 2799 1229 2818 non
1255 2788 1285 2817 in
1311 2787 1460 2822 timorem,
1488 2786 1541 2816 scd
1565 2786 1597 2815 in
1621 2785 1751 2816 furorem
1781 2784 1857 2815 verti

1168 2831 1246 2867 xxvi,
1263 2833 1294 2868 2,
1311 2833 1330 2862 2
1363 2834 1518 2860 vertuntur
1544 2827 1678 2859 omnium
1708 2827 1800 2858 animi
1824 2827 1855 2857 in
