2101 3419
432 371 449 410 ]
460 371 544 411 0:30

429 476 437 492 ‘
454 474 623 506 Phocaica
650 475 733 514 ora,'
762 475 785 506 i.
803 485 833 507 e.
872 475 1126 507 Massilienses:

431 534 573 566 quorum
591 534 673 565 ager
697 525 946 557 suburbicarius
964 526 998 556 in
1022 526 1127 557 Itine-

428 575 517 605 raria
532 575 660 606 Tabula
683 577 693 592 ‘
710 576 845 607 Graecia
858 575 866 588 ⁷
883 576 1018 607 dicitur.
1045 576 1125 606 Ber-

427 635 544 656 neccer.
594 625 748 656 Scribere
779 626 869 656 volui
897 627 1127 657 Phocaeensium

422 685 568 716 ‘peroem
590 676 783 706 Phocenses
807 676 908 716 enim,
924 686 985 716 per
1011 686 1027 707 e
1049 676 1126 706 sim-

428 726 522 765 plex,
551 726 583 756 in
612 726 799 757 meditullio
842 726 988 757 Graeciae
1026 730 1127 765 sunt;

427 777 653 808 Phocaeenses
669 781 781 808 autem
799 777 831 808 in
845 787 902 808 ora
914 778 1031 808 Ioniae.
1057 777 1125 807 Hic

428 836 524 857 error
539 827 571 856 in
595 827 749 858 omnibus
774 827 868 858 libris
884 828 1052 858 emendari
1068 827 1125 858 de·

426 876 498 907 bet.
543 876 656 907 Debet
671 886 804 917 quoqne
821 877 994 907 emendari
1010 877 1124 908 titulus

426 924 591 965 Epistolae
609 926 651 955 D.
667 925 765 956 Pauli
782 926 823 956 ad
847 927 856 943 ‘
873 928 1088 958 Colossenses
1102 926 1123 965 ς’

426 976 551 1005 vitiose
565 975 652 1005 enim
667 976 840 1015 scribitur,
855 987 930 1007 cum
944 977 1124 1008 dicendum

424 1024 479 1062 sit,
492 1025 718 1056 Cotussoeenses.
763 1026 817 1056 Fit
832 1027 919 1057 enim
939 1037 957 1057 a
981 1028 990 1044 ‘
1008 1028 1124 1058 Colos-

427 1073 498 1112 sae‚'
522 1084 587 1104 non
605 1084 623 1104 a
645 1076 654 1091 ‘
673 1075 835 1114 Colossi3’
862 1086 914 1106 res
937 1086 978 1107 ex
996 1076 1122 1116 Geogr.

425 1124 533 1154 veteri
550 1124 724 1155 notissima
740 1134 814 1156 esse
831 1125 943 1157 debet.
968 1125 1080 1157 Faber.

469 1174 661 1213 Massiliam]
686 1175 739 1206 De
754 1176 904 1206 Massilia
920 1176 988 1207 vid.
1014 1176 1124 1209 Strab.

426 1222 474 1256 ι’ν.
508 1226 613 1257 Solin.
639 1229 668 1257 8.
721 1226 889 1259 Ammian.
919 1237 976 1258 xv.
1003 1231 1056 1259 23.
1088 1233 1124 1259 et

425 1276 514 1307 Geli.
535 1285 570 1307 x.
588 1279 638 1307 16.
682 1277 729 1307 Hi
744 1278 914 1309 conditam
937 1279 1123 1309 Massiliam

425 1336 445 1357 a
460 1326 723 1358 Phocaeensibus
736 1328 910 1358 Persicam
924 1329 1123 1359 servitutem

424 1375 634 1416 fugientibus
663 1376 830 1417 referunt,
859 1388 934 1409 cum
970 1379 1120 1419 ipsorum

424 1427 503 1457 urbs
533 1427 575 1457 ab
606 1428 760 1468 Harpalo
787 1428 1004 1469 (Harpagum
1024 1433 1125 1460 vocat

425 1477 555 1507 Herod.
593 1478 634 1517 ι.)
677 1477 901 1510 obsideretur.
957 1478 1050 1510 Plut.
1089 1479 1123 1509 in

424 1526 546 1557 Solone
564 1530 595 1557 ’3.
619 1527 788 1558 conditam
812 1528 929 1559 scribit
953 1539 971 1559 a
998 1529 1121 1560 Proto:

425 1587 501 1607 eum
513 1577 667 1609 Justinus
680 1578 800 1608 Protin
811 1583 920 1610 vocat.
950 1579 1125 1610 Plutarchi

423 1637 557 1657 sensum
579 1637 643 1658 non
669 1633 745 1658 sunt
768 1629 942 1670 assequnti
968 1628 1124 1670 Interpp.

430 1676 585 1714 Bongars.
631 1677 792 1707 Massiliae
817 1688 835 1707 a
859 1678 1124 1709 Phocaeensibus

425 1726 572 1756 conditae
600 1728 753 1758 meminit
778 1732 813 1758 et
828 1728 984 1769 Thucyd.
1008 1738 1031 1760 1.
1049 1732 1078 1761 3.
1094 1733 1126 1761 9.

425 1776 506 1806 item
527 1777 598 1806 Liv.
612 1785 741 1808 xxxiv.
754 1780 786 1808 9.
803 1781 831 1807 1.
871 1778 974 1809 Urbis
988 1784 1125 1818 etymon

425 1827 614 1858 ex'l‘imaeo
638 1828 756 1867 Steph.
788 1828 928 1860 indicat.
971 1830 1055 1869 Ejus
1083 1829 1124 1860 de

424 1876 564 1907 conditu
589 1884 746 1908 accurate
769 1878 925 1918 Scaliger
942 1879 1122 1911 Auimadv.

426 1927 460 1956 in
488 1927 629 1958 Eusebii
651 1927 841 1959 Chronicon
870 1939 904 1969 p.
920 1933 973 1961 80.
997 1935 1033 1961 et
1055 1940 1123 1971 seq.

428 1977 525 2008 Bern.

468 2028 485 2067 ς
501 2031 518 2057 5
539 2028 620 2057 Nam
632 2028 804 2060 Phocenses
816 2030 988 2069 exiguitate
1003 2041 1038 2061 ac
1059 2041 1124 2061 ma-

424 2078 471 2108 cie
487 2081 579 2108 terrae
599 2079 710 2118 coacti]
746 2079 852 2120 Atqui
869 2080 1122 2111 Phocaeensium

426 2133 556 2158 tractus
571 2138 635 2158 non
648 2129 783 2167 sterilis,
795 2130 854 2160 sed
868 2131 1122 2170 quammaxime

424 2177 559 2218 fertilis,
574 2179 787 2220 omniumque
805 2190 916 2211 rerum
934 2181 1120 2213 abundans.

424 2230 492 2261 Sed
511 2230 732 2262 Phocensium
750 2232 843 2271 regio
857 2232 957 2272 (qnos
973 2233 1027 2263 hic
1044 2243 1121 2264 con-

425 2279 537 2310 fundit
564 2290 638 2311 cum
660 2281 942 2322 Phocaeensibus)
967 2282 1060 2313 arida
1087 2287 1122 2313 et

425 2331 552 2362 sterilis
586 2335 668 2370 erat,
705 2332 915 2373 maximaque
953 2343 994 2363 ex
1026 2338 1122 2373 parte

424 2381 596 2412 montibus
629 2381 750 2413 obsita.
795 2382 894 2413 Unde
924 2383 1121 2422 Dorienses,

424 2432 480 2472 qui
497 2432 597 2463 eand.
610 2441 685 2462 cnm
700 2431 933 2463 I'hocensibus
951 2433 1121 2471 regionem

424 2481 633 2520 incolebant,
648 2483 840 2522 Λιμωδωριεῖς
866 2482 1062 2522 audiebant,
1076 2482 1123 2513 διὰ

423 2530 460 2560 τὸ
496 2530 668 2569 λιμώττειν.
733 2532 862 2562 Contra
901 2532 1122 2563 Phocaeeuses

425 2580 583 2620 Asiatici,
604 2581 724 2623 quibus
749 2590 766 2611 e
792 2586 893 2612 terrae
911 2580 1122 2614 fecunditate

424 2641 553 2662 morum
565 2642 697 2672 quoque
712 2633 842 2664 luxuria
854 2634 1009 2664 accessit.
1034 2634 1123 2665 Hinc

425 2691 559 2722 qnoque
578 2682 821 2720 Massilienses,
838 2693 952 2714 eornm
968 2683 1123 2724 ἀπόγονοι,

424 2733 597 2770 θηλυγενεῖς
623 2732 778 2762 Ciceroni
806 2732 965 2764 dicuntur
989 2734 1030 2765 ad
1047 2735 1121 2766 Att.

427 2791 462 2811 x.
488 2785 539 2813 11.
579 2783 588 2798 ‘
606 2782 866 2813 Massiliensium
897 2782 1022 2815 factum
1045 2795 1122 2816 cum

425 2832 534 2870 ipsum
566 2841 626 2872 per
653 2842 688 2862 se
719 2832 928 2863 luculentum
959 2839 1022 2874 est,
1052 2839 1121 2866 tum

425 2881 504 2911 mihi
535 2886 733 2921 argumento
763 2885 826 2920 est,
862 2888 956 2914 recte
987 2893 1060 2915 esse
1087 2885 1121 2915 in

427 2930 614 2971 Hispaniis.
661 2931 774 2962 Minus
790 2931 879 2963 enim
903 2932 1078 2975 auderent,
1093 2935 1120 2966 si

886 382 1025 412 NOTAE
1062 380 1325 413 VARlORUM
1360 381 1411 412 ΙΝ

1178 475 1278 506 aliter
1290 478 1397 506 esset:
1421 482 1497 505 nam
1506 478 1542 506 et
1554 472 1635 505 vieti
1646 476 1682 505 et
1693 473 1874 516 diligentes

1177 524 1278 556 sunt?
1316 525 1548 556 Emendarunt
1560 525 1629 566 alii,
1638 529 1673 556 et
1681 525 1774 556 δειλοὶ
1782 529 1876 565 gente

1175 578 1259 606 sunt.
1303 575 1383 606 Noli
1400 575 1569 613 dubitare,
1584 575 1662 615 quin
1683 575 1754 607 Cic.
1770 576 1876 616 scrip-

1177 624 1261 655 serit
1287 635 1358 655 nam
1381 628 1413 655 et
1439 625 1513 656 vieti
1535 627 1565 656 et
1590 625 1765 663 θηλυγενεῒς
1791 627 1874 656 sunt.

1175 675 1274 705 Voss.

1217 724 1411 765 Latrocinia]
1450 724 1541 756 Hinc
1568 724 1626 755 illa
1650 734 1705 765 ap.
1732 724 1873 757 Homer.

1177 774 1244 806 Od.
1261 784 1317 805 111.
1333 777 1385 806 71.
1413 775 1520 805 amica
1535 774 1770 815 interrogatio,
1792 775 1801 792 ‘
1818 774 1874 805 An

1175 824 1356 865 praedones
1372 824 1454 855 estis
1467 823 1490 854 ?'
1507 834 1549 855 ex
1562 834 1628 865 qua
1638 824 1789 864 Thucyd.
1805 832 1830 855 ι.
1843 827 1872 855 l.

1175 877 1228 905 22.
1275 874 1397 915 probat
1433 874 1646 905 latrocinium
1697 883 1752 915 ap.
1789 878 1874 907 vett.

1176 925 1314 956 Graecos
1330 924 1455 965 probro
1481 934 1546 955 non
1566 923 1696 963 fuisse3
1724 924 1813 965 quod
1836 928 1873 956 et

1175 975 1217 1005 de
1234 975 1350 1015 priscis
1374 975 1552 1006 Germanis
1576 975 1695 1006 asserit
1719 975 1808 1006 Caes.
1830 975 1873 1005 B.

1175 1026 1220 1056 G.
1233 1035 1282 1057 Vl.
1296 1028 1349 1056 23.
1362 1026 1510 1066 itemque
1521 1025 1563 1056 de
1574 1025 1727 1056 'l'artaris
1740 1025 1874 1066 Sigism.

1174 1075 1438 1106 Herberstenius
1463 1076 1497 1106 in
1524 1076 1753 1107 Commentar.
1790 1076 1871 1107 Rer-

1174 1125 1430 1156 Moscoviticar.
1480 1125 1558 1156 Vid.
1590 1126 1630 1157 L.
1665 1126 1726 1156 ult.
1751 1126 1800 1158 D.
1830 1125 1873 1157 de

1175 1176 1345 1214 Collegiis.
1381 1176 1480 1206 Bern.

1216 1226 1233 1266 ᾧ
1247 1228 1266 1256 8
1276 1226 1378 1256 Duces
1387 1226 1493 1256 classis
1503 1225 1605 1256 Simos
1615 1229 1645 1257 et
1656 1224 1873 1266 Protisfuere]

1173 1274 1360 1306 Athenaeus
1372 1285 1414 1306 ex
1428 1275 1624 1307 Aristotelis
1640 1276 1727 1307 libro
1739 1274 1874 1317 περὶτῆς

1173 1327 1406 1356 Μασσαλιωτῶν
1442 1325 1610 1366 πολιτείας,
1649 1325 1750 1358 affert
1786 1326 1874 1358 hanc

1173 1376 1345 1406 historiam
1372 1376 1430 1406 lib.
1448 1385 1528 1407 xm.
1571 1376 1637 1407 Sed
1660 1376 1768 1408 variat
1792 1386 1874 1408 non-

1173 1426 1255 1457 nihil
1270 1426 1303 1456 in
1319 1426 1520 1459 nominibus.
1565 1428 1674 1460 Quem
1691 1428 1779 1458 enim
1794 1427 1873 1459 Jus-

1174 1477 1263 1507 tinus
1284 1476 1338 1507 hic
1354 1477 1487 1514 Protin,
1501 1478 1558 1508 ille
1575 1479 1765 1517 Euxenum,
1782 1478 1874 1510 Nan-

1174 1536 1252 1557 nnm
1270 1527 1416 1566 Nanum,
1440 1527 1571 1567 Gyptin
1593 1527 1782 1566 Pettam,s.
1804 1537 1874 1558 mu-

1174 1580 1247 1607 tato
1259 1576 1404 1615 nomine,
1419 1576 1659 1608 Aristoxenam
1676 1580 1788 1608 vocat.
1820 1577 1875 1608 Fi-

1173 1628 1252 1657 lium
1266 1637 1344 1658 vero
1360 1627 1493 1658 Euxeni
1510 1632 1545 1658 et
1561 1627 1774 1659 Aristoxenae
1790 1626 1875 1658 facit

1173 1677 1316 1715 Protin;
1341 1677 1431 1708 unde
1456 1678 1527 1718 ejus
1547 1678 1673 1717 posteri
1698 1676 1872 1709 Protiadae

1173 1727 1256 1758 dicti
1287 1727 1368 1758 siut.
1424 1728 1492 1758 Sed
1524 1728 1728 1759 Plutarchus
1762 1728 1872 1768 ipsum

1172 1777 1383 1808 conditorem
1410 1779 1526 1818 Πρῶτιν
1548 1782 1646 1809 vocat
1671 1778 1704 1808 in
1726 1777 1872 1809 Solone:

1167 1825 1263 1857 Ἔνιοι
1291 1825 1323 1857 δὲ
1349 1825 1400 1857 καὶ
1426 1826 1543 1858 πόλεων
1568 1826 1697 1858 οἰκισταὶ
1724 1827 1873 1866 ’γεγόνασι

1173 1876 1331 1916 μεγάλων,
1347 1877 1386 1909 ὡς
1400 1877 1450 1908 καὶ
1473 1878 1658 1910 Μασσαλίας
1673 1881 1798 1919 Πρῶτις,
1816 1877 1874 1909 ὑπὸ

1175 1932 1302 1960 Κελτῶν
1314 1931 1375 1960 τῶν
1392 1929 1460 1970 περὶ
1474 1930 1529 1961 τὸν
1539 1930 1686 1961 *Ρωδανὸν
1699 1929 1874 1969 ἀγαπηθείς.

1174 1980 1228 2010 Ita
1247 1980 1381 2020 legend.
1426 1980 1538 2020 Vulgo
1563 1981 1652 2011 enim
1676 1981 1762 2011 male
1785 1984 1872 2011 Μασ-

1173 2029 1283 2061 σαλίας
1304 2032 1432 2070 πρῶτος,
1458 2034 1614 2071 tanquam
1632 2030 1807 2062 Massalias
1823 2040 1874 2061 es-

1173 2087 1223 2113 set
1235 2081 1423 2112 conditoris
1441 2090 1572 2112 nomen.
1603 2082 1689 2113 Voss.

1214 2130 1481 2170 Segobrigiorum]
1498 2131 1645 2163 Quidam
1658 2132 1753 2164 vett.
1773 2132 1872 2171 Sego-

1172 2182 1320 2213 briorum.
1364 2182 1431 2213 Qui
1451 2182 1520 2212 sint
1544 2182 1577 2212 hi
1599 2181 1720 2214 Galliae
1744 2183 1873 2224 populi,

1173 2241 1238 2262 non
1271 2231 1408 2262 memini
1441 2231 1567 2272 legere.
1625 2232 1717 2264 Plin.
1753 2241 1810 2264 111.
1841 2235 1872 2265 3.

1171 2281 1412 2321 Segobrienses
1441 2281 1474 2311 in
1501 2281 1687 2313 Celtiberia
1717 2283 1873 2322 collocat,

1174 2336 1210 2362 et
1239 2330 1360 2362 Strabo
1396 2331 1628 2372 Segobrigam.
1686 2332 1728 2363 In
1758 2333 1873 2364 Gallia

1173 2381 1387 2413 Narbonensi
1399 2387 1478 2412 sunt
1488 2382 1745 2424 Segalauni,qui
1760 2383 1872 2414 Plinio

1174 2442 1228 2464 111.
1252 2435 1283 2463 4.
1327 2432 1486 2464 dicuntur
1511 2434 1773 2473 Segovellauni:
1805 2443 1871 2476 quo

1175 2488 1277 2524 pacto
1294 2483 1347 2514 hic
1362 2482 1384 2514 f.
1400 2484 1588 2523 reponend.
1604 2487 1668 2515 est.
1698 2484 1803 2524 Bong.

1220 2534 1336 2573 Regem
1362 2533 1610 2573 Segoriegiorum
1639 2534 1796 2565 Semnum
1818 2544 1873 2566 no·

1173 2582 1270 2622 mine]
1293 2583 1499 2614 Ptolemaeus
1512 2582 1553 2613 ad
1568 2582 1764 2614 Rhodanum
1777 2584 1872 2624 ponit

1173 2634 1392 2673 Segalaunos‚
1409 2642 1490 2673 quos
1506 2633 1636 2664 Celtica
1650 2633 1767 2674 lingua
1789 2639 1872 2675 puto

1174 2685 1284 2716 dictas
1313 2684 1454 2724 Sigland.
1499 2685 1551 2715 Ex
1577 2685 1648 2716 land
1671 2685 1693 2717 i.
1710 2695 1741 2717 e.
1765 2686 1872 2727 regio.

1173 2736 1378 2767 Ptolemaeus
1399 2733 1483 2765 fecit
1508 2734 1517 2750 ‘
1534 2734 1690 2774 Launus,’
1717 2735 1871 2768 Justinus

1173 2787 1182 2803 ‘
1200 2785 1329 2826 Regio!
1372 2785 1418 2815 Et
1440 2789 1620 2825 utrumque
1645 2785 1812 2826 quadrat3
1834 2790 1872 2818 et

1171 2845 1275 2866 seman
1290 2834 1391 2865 durat
1409 2833 1520 2864 adhuc
1545 2834 1646 2865 hodie
1661 2834 1696 2865 in
1712 2834 1868 2866 Helveti-

1172 2894 1266 2916 orum
1292 2885 1417 2924 lingua,
1453 2892 1552 2925 quem
1581 2883 1634 2915 hic
1657 2883 1869 2916 ‘Senanum'

1171 2933 1266 2967 fecit.
1312 2933 1441 2966 Latinis
1453 2933 1542 2965 enim
1552 2938 1744 2967 exterarum
1758 2934 1867 2976 genti-
