2174 3424
428 337 514 378 820

430 439 637 473 Γλαυκανίκας
652 442 763 479 vocat,
790 439 998 472 Ptolemaeus
1024 440 1122 472 Γλαύ·

428 503 507 524 aas:
531 496 568 523 et
583 495 739 522 trecenta
755 490 973 531 ejuscemodi,
994 491 1027 522 in
1052 491 1125 532 qui-

428 543 491 574 bus
507 551 623 573 verum
638 550 760 572 nomen
775 541 883 571 nullus
907 539 933 571 εἰ
955 540 997 579 μὴ
1022 541 1038 571 ὃ
1062 539 1127 571 θεὸς

428 592 531 630 εἰδείη.
558 592 644 624 Voss.
689 591 729 622 In
755 591 851 624 Junt.
873 592 1033 623 scribitur
1060 594 1125 622 An·

428 645 580 682 drasteas,
591 644 773 681 Assacenos,
784 642 923 680 Prasios,
935 641 1123 673 Gandarias.

430 694 440 711 ‘
456 692 622 723 Assaceni
634 691 643 704 '
667 691 810 732 populus
834 690 941 721 Indiae
958 691 1047 721 inter
1063 691 1126 721 Co-

429 743 530 784 phem
547 747 583 773 et
599 741 721 773 Indum
744 740 877 778 fluvios,
903 745 993 772 teste
1017 740 1127 772 Strab.

430 797 467 825 et
483 792 618 824 Arrian.
650 790 696 822 Τὰ
719 789 774 830 ἔξω
788 790 888 822 Ἴνδου
906 791 1056 830 ποταμοῦ,
1077 791 1127 821 in-

431 844 506 885 quit
520 843 585 882 hic,
598 842 640 873 τὰ
651 841 724 883 πρὸς
740 840 872 882 ἑσπέραν
887 840 937 871 ἐπὶ
957 840 1011 871 τὸν
1031 852 1127 871 ποτα-

429 893 487 933 μὸν
500 895 633 933 Κωφῆνα
658 891 842 929 Ἀστακηνοὶ
867 891 918 922 καὶ
941 889 1128 928 Ἀσσακηνοὶ

430 943 518 975 ἔθνεα
534 942 643 974 Ἰνδικὰ
658 940 857 974 ἐποικέουσιν.
879 941 1127 973 Assacenornm

430 998 536 1034 caput
566 998 642 1024 erat
670 993 839 1032 Massaga.
898 992 970 1022 Pro
999 991 1128 1021 Prasios

430 1044 599 1075 scribend.
615 1043 765 1074 Proesz'os.
797 1043 852 1073 Sic
867 1051 886 1072 a
900 1042 994 1072 Plut.
1012 1041 1128 1080 appel-

430 1094 556 1125 lantur.
600 1093 668 1124 Pro
684 1092 862 1123 Gandarias
876 1101 955 1122 vero
971 1090 1128 1121 Gandari-

431 1147 493 1175 tas.
539 1144 670 1175 Graecis
685 1142 872 1183 Γανδαρῖται.
894 1142 1001 1172 Graev.

474 1194 639 1232 Adrestas‚
657 1193 837 1232 Gesteanos,
857 1191 1027 1228 Proesidas,
1044 1190 1130 1221 Gan-

429 1243 574 1284 garidas]
595 1243 617 1274 J
622 1247 693 1274 unt.
710 1242 770 1282 sic,
783 1241 986 1280 Andrasteas‚
1000 1240 1130 1271 Ass-ace-

430 1304 497 1333 ·nos,
518 1292 658 1332 Prasios,
675 1291 866 1322 Gandaritis.
911 1291 957 1322 Et
983 1290 1126 1321 Bechar.

431 1344 595 1381 Admetus,
610 1342 788 1379 Stathenos,
812 1340 978 1380 Passidas,
1004 1341 1132 1379 Ganga·

431 1393 525 1423 ritas.
570 1392 616 1422 Et
631 1391 774 1431 primum
791 1390 929 1431 quidem
942 1391 1060 1421 horum
1076 1399 1133 1421 vo-

433 1441 631 1472 cabulorum
646 1440 681 1471 in
697 1440 750 1471 ed.
768 1440 865 1472 Junt.
881 1440 1039 1480 congruit
1055 1449 1132 1470 cum

434 1505 476 1527 eo
506 1494 596 1536 quod
625 1493 727 1525 Diod.
755 1502 847 1524 xvn.
870 1495 923 1524 91.
949 1492 1043 1523 eosd.
1064 1492 1133 1522 'Av-

434 1545 564 1587 δρέστας
579 1549 690 1577 vocat.
714 1543 848 1574 Deinde
865 1543 921 1584 qui
939 1543 973 1572 in
989 1542 1064 1573 ead.
1077 1542 1132 1573 ed.

432 1596 584 1628 Assacem·
610 1595 784 1632 dicuntur,
808 1592 952 1632 populus
979 1595 1058 1622 sunt
1079 1592 1134 1622 In-

434 1646 514 1686 diae,
529 1644 690 1677 Straboni
704 1648 739 1674 et
754 1642 901 1674 Arriano
918 1646 1134 1673 memoratus.

434 1695 548 1726 Porro
563 1703 646 1735 quos
662 1693 737 1725 ead.
753 1692 807 1724 ed.
831 1692 974 1731 Prasios,
998 1692 1135 1723 Plutar-

436 1746 519 1776 chus
536 1743 696 1785 Πραισίους
712 1746 747 1774 et
762 1740 956 1782 Πραισιαῖους
972 1742 1135 1782 appellat.

435 1796 653 1827 Postremum
669 1792 816 1834 denique
841 1791 1051 1831 Gandaridai&
1077 1795 1136 1823 aut

440 1845 644 1883 Gandaritas,
669 1842 803 1883 legend.
828 1841 983 1872 videtur:
1008 1841 1135 1882 quippe

438 1895 539 1927 Diod.
556 1893 746 1933 Γανδαρίδας,
771 1896 807 1923 et
829 1891 921 1922 Plut.
950 1890 1137 1930 Γανδαρίτας

438 1955 496 1976 eos
519 1949 633 1975 vocat.
662 1943 764 1974 Vorst.
807 1941 905 1973 Junt.
932 1940 1136 1981 AncIrusteas,

439 1995 616 2031 Asszwcnos,
648 1992 787 2031 Prasios,
822 1991 1012 2021 Gandarias.
1057 1991 1136 2021 Non

437 2044 597 2084 displicet
613 2042 764 2081 Vorstio,
779 2041 842 2072 uisi
857 2040 959 2082 quod,
973 2050 1033 2080 pro
1049 2041 1137 2072 Gan-

438 2095 555 2133 darias,
570 2093 763 2124 Gandaritas
778 2095 876 2131 putet
891 2090 1061 2121 scribend.
1099 2091 1137 2122 F.

439 2148 476 2175 et
492 2153 555 2184 pro
570 2143 775 2180 Andr-astaus,
800 2141 972 2172 Andrestas
996 2140 1138 2180 rectius,

439 2195 582 2236 propius
599 2197 696 2224 certe
711 2202 730 2224 a
745 2192 894 2232 vulgato.
918 2190 1021 2229 Schef.

488 2245 700 2284 Gangaridas,
720 2243 807 2275 caesis
823 2252 925 2274 comm
941 2241 1138 2282 exercitibus,

439 2295 508 2336 ehu]
540 2297 595 2327 De
623 2293 841 2333 Gangaridis,
871 2302 896 2324 s,
923 2291 1138 2330 Gandaridis,

440 2351 545 2386 negat
560 2345 742 2383 Diodorus,
756 2341 952 2383 Olympiad.
972 2344 1043 2373 114.
1073 2340 1138 2372 An.

442 2401 474 2428 2.
501 2395 659 2434 Μέγιστον
686 2394 724 2424 τὸ
749 2396 810 2424 τῶν
833 2393 1019 2433 Γανδαριδῶν
1045 2390 1140 2430 ἔθνος,

442 2447 489 2486 ἐφ’
516 2446 577 2485 οὓς,
592 2446 640 2476 διὰ
662 2445 700 2475 τὸ
725 2446 841 2481 πλῆθος
864 2445 926 2474 τῶν
951 2442 1020 2483 παρ’
1037 2442 1141 2473 αὐτοῖς

442 2496 631 2537 ἐλεφάντων,
646 2496 700 2526 οὐκ
712 2493 954 2535 ἐπεστράτευσεν
969 2494 985 2523 ὁ
999 2492 1141 2532 Ἀλέξαν-

443 2550 522 2588 δρος.
566 2547 645 2578 Vid.
661 2556 792 2587 quoque
811 2545 903 2576 Plnt.
920 2545 977 2586 qui
1002 2543 1141 2584 Γανδαρί-

442 2609 510 2637 was,
525 2602 561 2628 et
574 2596 653 2628 alibi
669 2595 827 2636 Γανδρίδας
841 2604 1017 2636 perperam
1031 2598 1142 2625 vocat.

448 2649 603 2679 Proesidus
618 2657 696 2678 vero
714 2645 874 2687 Πραισὶους
892 2650 926 2677 et
939 2645 1140 2686 Πραισιαίους.

450 2699 537 2730 Voss.

488 2749 505 2788 ξ
522 2750 573 2778 10.
591 2750 643 2778 11.
659 2749 710 2777 12.
726 2746 795 2787 ἔξω]
842 2744 979 2778 Judicio
1006 2744 1143 2785 Sebisii,

447 2797 635 2838 desumpsit
650 2798 722 2828 haec
749 2796 859 2828 Autor
885 2806 929 2827 ex
955 2797 1082 2827 Lucan.
1108 2804 1143 2827 v.

447 2851 520 2881 274.
549 2850 615 2879 διο.
647 2847 768 2878 similia
797 2851 891 2878 certe
923 2846 1073 2889 quidem,
1103 2854 1143 2878 ac

450 2908 554 2939 prope
572 2897 705 2940 gemina
720 2904 806 2930 sunt.
833 2898 930 2929 Rern.

887 346 1028 377 NOTAE
1061 346 1324 378 VARIORUM

1359 347 1406 377 IN

1217 442 1234 482 ς
1249 444 1288 472 10
1314 439 1478 481 Cuphz'tes]
1500 439 1580 480 Hic,
1593 443 1632 470 ut
1644 438 1768 471 ceteris
1783 439 1867 471 locis

1174 492 1342 532 omnibus,
1367 492 1450 522 Mss.
1467 491 1625 521 librorum
1646 493 1781 521 secutus
1796 500 1868 521 sum

1172 542 1365 573 lectionem.
1411 541 1552 572 Orosius
1567 542 1635 572 Ms.
1656 540 1787 582 Cqfides,
1803 550 1870 581 quo

1174 592 1250 623 loco
1263 592 1319 622 Fr.
1335 591 1509 623 Fabricius
1533 591 1717 622 arbitratur
1745 591 1870 631 accipi-

1175 642 1262 673 enda
1285 642 1358 673 haec
1387 651 1461 672 esse
1490 641 1533 672 de
1553 641 1705 681 Sophite,
1734 639 1777 671 de
1805 650 1871 681 quo

1176 692 1270 724 Curt.
1285 701 1336 724 1x.
1351 694 1382 723 1.
1399 695 1448 722 39.
1474 691 1533 722 sed
1558 691 1722 732 Sophiten
1737 691 1872 731 Strabo,

1176 752 1274 784 quem
1305 743 1461 780 Σωπεΐτην
1490 742 1547 774 ille
1574 746 1688 782 vocat,
1731 742 1871 774 Catheae

1177 793 1354 834 praefuisse
1368 794 1427 825 lib.
1444 801 1503 825 xv.
1527 793 1658 832 scribit,
1676 802 1774 833 quam
1799 792 1871 832 jam

1177 848 1257 874 ante
1286 843 1456 874 devictam
1488 852 1559 874 esse
1590 843 1633 874 ab
1663 842 1873 882 Alexandro,

1177 896 1275 933 patet
1291 902 1333 923 ex
1350 892 1596 933 superioribus,
1621 893 1647 922 si
1664 901 1725 932 pro
1745 893 1873 922 Gestea-

1176 952 1230 973 nos
1257 943 1410 982 legamus
1440 942 1605 982 Cathenos,
1632 946 1691 972 aut
1719 942 1874 980 Cumaeos,

1179 997 1217 1023 ut
1233 992 1267 1023 in
1284 993 1405 1024 Orosio
1415 992 1602 1024 Fabricius.
1639 992 1714 1023 Ista
1724 992 1765 1023 ad
1777 992 1874 1023 Curt.

1179 1042 1343 1082 pluribus.
1366 1043 1472 1081 Bong.

1224 1092 1284 1123 Ubi
1298 1102 1365 1123 eum
1379 1092 1513 1123 hostium
1527 1093 1659 1123 ducenta
1679 1091 1777 1123 millia
1792 1090 1876 1131 equi-

1178 1143 1258 1183 tum]
1276 1143 1352 1174 Hoc
1366 1144 1502 1183 equitum
1516 1143 1596 1174 mihi
1610 1142 1788 1174 admodum
1805 1151 1876 1172 sus-

1179 1198 1315 1234 pectum
1338 1197 1402 1224 est.
1446 1194 1492 1224 Et
1516 1193 1572 1223 vix
1597 1196 1650 1224 est
1672 1191 1878 1231 verosimile,

1180 1253 1296 1274 omnes
1320 1244 1454 1284 equites
1477 1241 1592 1274 fuisse.
1635 1242 1796 1283 Suspicor
1822 1241 1877 1272 vel

1181 1293 1299 1325 deesse
1315 1294 1503 1335 quippiam,
1525 1294 1579 1325 vel
1594 1294 1798 1324 alterutrum
1820 1292 1879 1324 ho-

1181 1354 1266 1384 rum,
1281 1345 1418 1385 equitum
1433 1348 1490 1375 aut
1512 1343 1658 1381 hostium,
1682 1342 1878 1374 delendum.

1182 1394 1286 1433 Schef.
1332 1394 1504 1425 odoratus
1522 1398 1573 1424 est
1599 1392 1791 1424 Schefferus
1804 1392 1881 1423 viti-

1181 1454 1238 1475 um
1260 1444 1329 1485 huj.
1354 1444 1420 1475 loci
1445 1444 1685 1475 inveteratum.
1728 1442 1771 1473 Id
1797 1451 1879 1473 vero

1181 1493 1333 1525 Juntinae
1349 1493 1500 1524 subsidio
1525 1493 1639 1531 tolles,
1665 1492 1694 1523 si
1719 1501 1795 1523 cum
1822 1492 1881 1523 illa

1182 1542 1309 1581 legeris
1335 1542 1388 1573 ubi
1407 1551 1475 1573 eum
1503 1542 1572 1573 CC.
1589 1540 1724 1572 millibus
1746 1541 1881 1581 equitum

1183 1593 1284 1623 hostes
1303 1592 1531 1633 operiebantur.
1574 1592 1662 1622 Sane
1688 1591 1820 1622 hostium
1845 1597 1882 1624 et

1182 1643 1320 1683 equitum
1335 1652 1400 1674 non
1417 1645 1558 1683 possunt
1572 1642 1628 1673 hic
1639 1642 1673 1672 in
1686 1642 1763 1673 eod.
1777 1642 1798 1673 l.
1812 1651 1882 1673 mo-

1185 1694 1251 1724 rari
1268 1698 1371 1725 recte.
1415 1693 1456 1724 Iu
1471 1692 1538 1724 fine
1561 1692 1684 1733 capitis
1708 1692 1882 1724 blanditur

1184 1743 1319 1784 quidem
1333 1743 1533 1784 conjectura
1557 1741 1736 1782 Schefferi,
1755 1752 1882 1782 quorum

1184 1794 1409 1825 munitionibus
1422 1792 1570 1834 legentis
1586 1802 1647 1833 pro
1664 1792 1753 1832 vulg.
1776 1802 1805 1832 q.
1819 1802 1882 1823 mo-

1184 1843 1363 1880 titionibus;
1386 1843 1421 1873 id
1447 1847 1563 1873 tamen
1589 1841 1798 1873 rescribenti.
1813 1851 1882 1872 non

1186 1898 1250 1933 est,
1286 1903 1402 1924 verum
1439 1891 1698 1933 exponendum:
1730 1892 1882 1924 Quorum

1186 1948 1373 1974 castrorum
1387 1946 1572 1978 structura,
1589 1941 1656 1981 vel,
1680 1945 1718 1972 ut
1729 1941 1883 1973 Latinius

1186 1993 1310 2032 dicam,
1322 1992 1494 2033 operibus.
1510 1991 1646 2023 ‘Moliri
1662 1990 1794 2022 castra'
1808 2001 1883 2032 pro,

1186 2052 1326 2084 ponere,
1349 2042 1482 2082 metari,
1505 2051 1571 2072 non
1596 2041 1743 2072 insolens
1759 2041 1883 2071 veteri-

1187 2093 1271 2124 bus:
1295 2093 1384 2123 sicut
1406 2092 1416 2109 ‘
1429 2091 1540 2123 moliri
1557 2091 1674 2122 urbem
1687 2090 1696 2104 '
1714 2100 1769 2131 ap.
1785 2091 1883 2132 Virg-

1187 2152 1262 2184 pro,
1278 2142 1434 2173 condere.
1459 2141 1565 2172 Groev.

1232 2192 1344 2223 Finem
1356 2192 1478 2221 tandem
1494 2190 1580 2221 bellis
1586 2188 1724 2229 faceret]
1763 2189 1886 2220 Exstat

1189 2250 1244 2281 ap.
1262 2241 1358 2272 Curt.
1370 2238 1557 2271 Alexandri
1573 2238 1616 2269 ad
1628 2238 1750 2268 milites
1763 2238 1885 2269 oratio.

1191 2291 1237 2321 Et
1251 2299 1364 2321 rursus
1382 2289 1493 2329 Poeni,
1518 2288 1574 2330 qui
1589 2288 1733 2318 militum
1748 2288 1884 2318 nomine

1191 2341 1455 2382 expeditionem,
1477 2339 1519 2371 ad
1537 2348 1636 2381 quam
1659 2342 1779 2370 contra
1795 2338 1888 2370 Gan-

1191 2392 1318 2433 garitas
1335 2401 1392 2422 rex
1405 2401 1464 2422 eos
1490 2396 1569 2422 ante
1588 2390 1703 2422 fuerat
1717 2391 1887 2431 hortatus,

1191 2442 1406 2482 deprecatur.
1438 2441 1483 2472 Et
1497 2441 1571 2472 haec
1587 2451 1606 2472 e
1622 2441 1748 2472 Lucan.
1762 2451 1796 2472 v.
1809 2443 1886 2473 274.

1192 2492 1358 2523 desumta.
1381 2492 1514 2522 Bernec.
1558 2491 1676 2521 Codex
1703 2491 1770 2523 Ms.
1798 2495 1888 2522 teste

1192 2542 1409 2583 Bong.finem
1432 2541 1517 2572 bellis
1534 2540 1668 2579 faceret,
1691 2550 1759 2571 non
1784 2540 1886 2572 male.

1193 2593 1268 2624 Liv.
1285 2602 1308 2623 1.
1323 2594 1375 2624 44.
1397 2592 1406 2609 ‘
1422 2591 1457 2622 Is
1482 2590 1652 2622 censendo
1673 2589 1748 2620 finis
1774 2588 1887 2620 factus

1192 2642 1269 2674 est!
1297 2642 1370 2672 Val.
1387 2641 1437 2673 Μ.
1449 2648 1484 2672 ν.
1499 2643 1531 2671 6.
1549 2640 1628 2671 Ext.
1645 2642 1676 2671 1.
1692 2640 1701 2656 ‘
1714 2639 1770 2670 Ita
1785 2638 1888 2670 finem

1193 2692 1226 2723 ei
1242 2691 1337 2724 fore?
1367 2691 1441 2723 Vor.

1236 2745 1310 2784 §12
1337 2742 1507 2773 estendere
1535 2739 1615 2771 alius
1637 2739 1794 2778 canitiem,
1820 2737 1890 2779 ξω]

1192 2794 1271 2826 Tac.
1296 2803 1322 2825 1.
1346 2796 1398 2824 18.
1416 2795 1446 2824 l.
1475 2791 1546 2822 ‘Hi
1575 2789 1752 2821 verberum
1778 2792 1889 2829 notas,

1193 2845 1241 2877 illi
1259 2844 1433 2883 canitiem,
1447 2841 1581 2884 plurimi
1597 2840 1724 2871 detrita
1740 2838 1891 2880 tegmina

1195 2900 1228 2927 et
1242 2894 1365 2927 nudum
1377 2902 1497 2935 corpus
1510 2901 1576 2933 exp
1583 2889 1779 2924 robrantes.'
1802 2890 1888 2922 Bon-
