2101 3419
546 351 740 383 Jus‘rrm
775 352 867 382 mn.
901 352 1047 383 xxv1.
1080 354 1183 384 cAP.
1213 343 1253 385 3.

184 451 258 479 382.
283 450 335 478 39.
359 445 468 477 ‘Anc.
493 446 582 477 malo
605 446 876 478 circumventum

184 508 219 529 se
236 496 346 529 dixit?

228 548 344 583 Quinto
368 545 541 587 postquam]
573 545 640 576 Sex
666 555 799 577 menses
827 550 877 586 ty-

181 597 354 628 rannidem
372 596 520 627 tenuisse
536 596 644 627 refert
653 596 756 627 Paus.
772 596 877 635 Bong-

224 647 312 678 CAP.
334 655 373 677 11.
395 646 413 685 ᾗ
432 648 449 675 l
476 645 693 685 Gallogroecioe
709 646 876 686 exercitas]

180 697 332 728 Insolens
347 696 412 726 hoc
427 700 463 726 et
479 695 594 726 durius
611 696 758 728 videtur.
789 696 876 727 Mal-

179 747 245 778 lem
273 745 490 786 Gallogroecia,
510 749 549 776 ut
573 746 616 776 sit
641 755 714 786 pro,
737 755 779 777 ex
796 746 876 777 Gal-

177 796 344 837 lograecia,
367 805 430 836 per
457 794 591 835 ellipsin
615 795 876 836 praepositionis,

178 856 254 888 quae
271 851 306 877 et
318 845 397 876 alias
406 845 533 876 Nostro
549 844 685 877 usitata.
717 845 773 876 Sic
786 845 875 876 enim

178 901 214 928 et
243 896 381 927 verbum
407 904 477 936 seq.
500 895 510 911 ‘
530 893 735 926 affluxisset’
756 904 875 926 conve-

176 946 324 977 nientius
363 953 399 975 se
435 944 558 975 habere
589 944 738 976 videtur.
769 944 874 983 Schef.

176 998 259 1037 Leg.
275 996 487 1035 Gallogroecus
502 994 675 1025 exercitus:
689 995 767 1035 quia
782 995 875 1025 nulla

177 1048 402 1088 Gallograecia
426 1046 460 1077 in
488 1046 636 1087 Europa,
658 1055 765 1086 neque
783 1046 874 1077 Galli

175 1098 321 1139 regressi
338 1102 414 1129 sunt
430 1107 472 1128 ex
488 1096 570 1128 Asia
595 1096 638 1127 ad
662 1097 787 1127 bellum
803 1095 874 1127 An-

175 1149 291 1190 tigono
307 1147 519 1179 inferendum
537 1147 590 1178 vel
612 1146 744 1177 cladem
765 1146 874 1177 socio-

174 1209 248 1230 rum
273 1197 511 1230 ulciscendam.
563 1197 734 1228 Videntur
759 1201 872 1228 autem

174 1249 264 1282 Galli
286 1249 327 1281 ab
351 1248 522 1288 Antigono
542 1247 638 1287 victi,
663 1247 713 1279 uti
737 1251 873 1278 constat

173 1310 216 1332 ex
231 1299 290 1330 lib.
309 1308 397 1330 xxv.
416 1301 447 1330 1.
472 1298 526 1339 qui
542 1298 575 1328 in
592 1298 728 1329 Graeeia
746 1301 782 1329 et
797 1298 870 1329 Ma-

172 1349 316 1382 cedonia
327 1352 570 1388 remanserant,
593 1357 679 1388 pace
701 1347 794 1379 facta
809 1347 870 1379 im-

173 1399 303 1439 perium
335 1398 406 1438 ejus
431 1398 541 1429 coacti
570 1397 675 1429 fuisse
700 1398 868 1439 accipere.

174 1450 261 1481 Nam
278 1449 343 1479 alio
359 1458 435 1479 mox
446 1448 536 1479 bello
549 1452 623 1479 orto
636 1448 710 1479 illos
727 1457 780 1488 ap.
796 1449 870 1479 Me-

173 1508 255 1539 gara
270 1498 410 1537 delevit,
433 1502 468 1528 et
489 1497 499 1514 ‘
516 1495 730 1528 defectores’
753 1497 869 1538 appel-

170 1549 254 1580 lavit
269 1548 402 1580 Auctor
416 1547 567 1588 Prologi,
591 1547 739 1587 Caper-us.
783 1547 868 1579 Obs.

173 1608 222 1630 1v.
241 1608 280 1629 11.

214 1650 268 1689 §2
292 1649 336 1679 Et
351 1647 410 1688 ipsi
433 1657 464 1678 se
483 1647 591 1688 praelio
612 1646 775 1687 pararent]
799 1645 868 1677 An-

171 1698 333 1739 tiquiores
350 1697 440 1738 typis
455 1706 551 1737 expr.
562 1696 686 1736 praelia.
730 1697 767 1727 Si
788 1706 867 1736 proe-

170 1749 212 1778 lio
229 1749 370 1788 legatur,
386 1751 437 1778 est
451 1746 533 1777 illud
549 1756 623 1786 pro,
635 1746 678 1777 ad
696 1746 865 1786 praelium:

171 1797 338 1839 quomodo
354 1796 476 1837 Virgil.
493 1805 532 1827 11.
550 1796 626 1828 AEn.
643 1795 726 1827 dicit
743 1796 753 1813 ‘
769 1805 866 1837 para-

170 1853 226 1879 tus
239 1846 339 1878 neci.’
367 1847 440 1878 Vor.

210 1897 240 1929 A
267 1895 451 1937 parricidio]
489 1896 572 1927 Mss.
611 1904 725 1926 omnes
754 1896 866 1936 Bong-

169 1957 277 1988 praep.
293 1947 347 1978 hic
362 1946 534 1985 omittunt,
557 1946 646 1986 quod
669 1946 747 1987 quia
766 1945 806 1976 fit
830 1950 866 1977 et

167 1997 249 2028 alibi
263 2006 316 2037 ap.
332 1996 450 2027 Nostr.
472 1995 574 2027 etiam
589 1994 642 2026 hic
664 1999 747 2036 puto
765 1995 864 2026 omit-

167 2046 316 2078 tendam.
338 2045 443 2082 Schef.

207 2098 260 2138 §3
282 2096 400 2136 AEtatz’,
421 2095 471 2127 cui
485 2095 591 2135 etiam,
616 2094 683 2136 ξω]
706 2094 764 2126 Ita
790 2093 862 2126 fere

167 2156 278 2179 xvni.
307 2150 338 2179 6.
363 2149 415 2178 12.
452 2150 488 2177 et
519 2146 595 2177 Liv.
625 2154 727 2176 xxxv.
753 2147 806 2177 26.
828 2147 860 2176 9.

166 2198 371 2230 Humaniter
386 2206 468 2237 ergo
478 2195 663 2228 Pausanias
679 2196 862 2236 Spartano-

166 2258 239 2279 rum
263 2249 436 2289 princeps,
458 2257 535 2292 cum
566 2246 749 2287 Attaginus
777 2245 860 2276 urbe

165 2298 293 2330 Thebis
307 2297 526 2339 profugisset,
537 2297 593 2338 qui
609 2295 689 2327 dedi
703 2295 862 2336 debebat,

166 2349 175 2366 ‘
197 2348 270 2388 ejus
294 2348 420 2379 liberos
445 2347 488 2378 ad
509 2357 546 2378 se
568 2346 734 2378 adductos
759 2346 861 2387 culpa

166 2398 322 2439 absolvit,
335 2407 461 2438 negans
477 2407 598 2439 pueros
614 2397 772 2429 factionis
788 2398 860 2428 Me-

166 2448 254 2479 dicae
277 2457 350 2479 esse
372 2448 581 2490 participes,²
603 2448 712 2489 inquit
727 2448 859 2481 Herod.

165 2508 219 2531 lx.
234 2501 286 2530 87.
307 2500 316 2516 ‘
333 2499 423 2530 Num
451 2499 525 2540 quis
551 2499 708 2530 irascitur
731 2499 858 2539 pueris,

166 2559 304 2591 quorum
335 2554 420 2581 aetas
449 2550 595 2582 nondum
622 2550 717 2581 novit
746 2559 858 2581 rerum

165 2599 390 2631 discrimina?
445 2600 566 2632 Senec.
596 2599 640 2632 de
671 2599 728 2632 Ira
756 2609 797 2632 ιι.
827 2603 858 2632 9.

166 2649 263 2681 Bern.

208 2701 449 2742 Internecicum]
474 2700 613 2732 Duobus
628 2704 796 2742 praeterea
811 2701 858 2732 lo-

165 2749 215 2781 cis
232 2759 347 2783 vocem
363 2751 448 2784 hanc
464 2752 541 2783 huic
554 2751 697 2783 Auctori
712 2752 858 2792 restitui,

166 2809 241 2840 quae
265 2804 302 2831 et
324 2800 379 2831 hic
403 2805 439 2832 et
465 2811 514 2833 VI.
539 2804 569 2833 6.
594 2804 626 2834 2.
650 2806 685 2833 et
701 2810 753 2834 xi.
769 2804 801 2834 9.
823 2805 856 2833 4.

165 2849 257 2881 varie
268 2855 429 2892 corrupta
438 2856 524 2885 erat.
553 2850 622 2885 Alii
637 2852 858 2885 interneciuum

1538 342 1623 385 937

927 447 1098 479 scribunt:
1122 448 1179 479 sed
1199 449 1317 480 Festus
1339 448 1348 465 ‘
1365 448 1624 480 internecivum’

927 499 1022 538 dicit,
1034 504 1068 530 et
1083 499 1130 530 ita
1145 499 1313 541 plerisque
1331 500 1524 531 Marcellini
1541 500 1623 531 locis

927 548 1052 579 editum
1071 553 1133 579 est.
1158 550 1262 588 Bong.

970 599 987 638 ξ
1003 600 1023 628 4
1046 598 1149 638 Sicut,
1163 599 1231 638 [St]
1255 599 1311 630 Ita
1327 609 1402 631 xw.
1419 602 1448 630 4.
1465 603 1493 631 1.
1516 600 1525 617 ‘
1540 600 1622 630 Pro·

925 647 1039 688 latam,
1062 647 1150 679 sicut
1177 653 1250 679 erat
1275 654 1463 689 catenatus,
1485 659 1621 680 manum

926 699 1101 731 ostendit.'

969 751 1019 789 §5
1047 749 1174 782 Obvers.
1196 750 1265 790 ἔξω]
1295 751 1382 781 Saxo
1408 760 1433 781 1.
1459 761 1491 791 p.
1520 754 1570 782 18.
1595 750 1620 781 f.

925 799 934 815 ‘
951 799 1112 840 Hadingo
1128 799 1298 831 defunctae
1319 800 1469 841 conjugis
1490 800 1620 841 species

928 859 991 890 per
1007 850 1157 891 quietem
1173 850 1375 881 obversata)

967 901 984 940 ᾗ
1014 903 1034 930 8
1072 900 1196 931 Bellum
1233 899 1475 931 Atheniensibus
1509 898 1623 941 infert]

923 950 1008 990 Ejus
1024 950 1176 981 meminit
1191 951 1294 982 Paus.
1315 950 1347 980 in
1363 950 1440 981 Att.
1463 950 1621 988 Bongars.

922 1000 963 1030 In
975 1000 1058 1030 Mss.
1067 999 1244 1039 legebatur
1254 999 1323 1030 belli
1332 999 1441 1030 bellum
1450 999 1620 1030 Athenien-

921 1049 1005 1081 sibus
1019 1049 1125 1088 infert.
1143 1049 1242 1080 Unde
1254 1049 1406 1090 suspicor
1414 1049 1502 1081 Just.
1515 1049 1620 1090 scrip-

922 1100 1002 1131 sisse
1016 1101 1127 1130 ardore
1138 1099 1282 1140 bellandi,
1296 1099 1406 1130 bellum
1420 1101 1460 1130 Α.
1472 1100 1495 1129 z'.
1517 1100 1617 1131 Voss.

964 1152 982 1192 ς
1003 1153 1042 1181 10
1066 1150 1260 1181 Transitione
1277 1149 1410 1180 militam
1435 1149 1616 1190 destitutus]

921 1201 932 1220 ‘
957 1200 1166 1241 Transfugiis
1197 1199 1366 1241 nudatus,’
1397 1200 1507 1241 inquit
1535 1200 1618 1231 Tac.

920 1260 963 1283 11.
977 1254 1031 1283 46.
1053 1252 1152 1283 Bem.

964 1302 1053 1333 ΟΜ».
1070 1310 1126 1332 ιιι.
1151 1302 1167 1342 ξ
1185 1303 1204 1332 2
1226 1300 1328 1341 Agas]
1352 1300 1420 1331 Hic
1435 1300 1615 1332 Pausaniae

919 1356 973 1383 est
996 1353 1127 1392 Magas.
1152 1351 1311 1390 Bongars.
1355 1350 1470 1391 Atque
1496 1350 1545 1381 ita
1568 1351 1616 1381 le-

918 1401 1020 1442 gend.
1035 1401 1068 1432 h.
1084 1402 1106 1433 l.
1123 1401 1253 1442 pridem
1270 1401 1401 1432 monuit
1417 1400 1514 1432 Paul.
1532 1401 1616 1432 Leo-

918 1452 1016 1492 pard.
1040 1451 1182 1483 Emend.
1206 1461 1297 1483 xvn.
1324 1455 1375 1483 10.
1402 1452 1496 1483 Bern.
1540 1452 1616 1483 Ma-

919 1511 995 1541 gam
1012 1512 1144 1543 qnoque
1160 1506 1284 1533 vocant
1295 1502 1446 1542 Polyaen.
1459 1506 1494 1533 et
1508 1501 1615 1532 Athe-

918 1560 1022 1583 naeus.
1043 1552 1128 1583 Voss.
1165 1551 1305 1592 Optime
1320 1552 1525 1593 Bongarsius
1542 1552 1615 1583 Ma-

915 1612 985 1641 gus.
1038 1603 1094 1633 De
1128 1603 1186 1633 illo
1213 1602 1339 1643 aliquid
1370 1612 1491 1642 nuper,
1513 1602 1615 1634 debui

918 1657 1026 1694 certe,
1051 1652 1093 1683 ad
1114 1652 1281 1692 Aristippi
1305 1652 1490 1683 versionem
1508 1652 1615 1683 Galli-

917 1713 991 1734 cam
1016 1713 1058 1734 ex
1082 1702 1181 1743 Diog.
1208 1702 1323 1733 Lae‘rt.
1374 1703 1476 1734 Liber
1502 1702 1613 1734 editus

917 1752 1066 1783 Lutetiae
1097 1756 1158 1783 est.
1191 1751 1303 1783 Faber.
1357 1752 1483 1783 Editur
1511 1753 1613 1792 vulgo

915 1805 1014 1843 Agas.
1049 1803 1117 1834 Sed
1135 1813 1249 1834 verum
1265 1813 1387 1834 nomen
1404 1804 1491 1844 regis
1507 1803 1612 1835 fuisse

917 1853 1045 1894 Magus,
1065 1853 1235 1894 Leopard.
1262 1853 1406 1885 Emend.
1433 1863 1528 1885 xvn.
1558 1857 1610 1886 10.

915 1908 951 1935 et
976 1904 1071 1935 Voss.
1093 1904 1128 1934 in
1154 1903 1256 1935 Notis
1281 1903 1322 1934 ad
1343 1903 1376 1935 h.
1393 1905 1415 1934 l.
1440 1913 1482 1934 ex
1506 1904 1610 1936 Paus.

914 1954 1068 1993 Polyaen.
1082 1958 1118 1984 et
1126 1952 1292 1985 Athenaeo
1308 1954 1508 1985 docuerunt.
1537 1954 1611 1985 Pri·

913 2014 968 2035 ma
982 2004 1081 2035 litera
1095 2003 1236 2034 nominis
1252 2004 1428 2035 occasione
1456 2004 1608 2045 proxime

912 2054 1140 2095 praecedentis
1158 2054 1195 2085 M
1212 2054 1358 2085 excidit:
1375 2054 1484 2096 qualia
1499 2055 1611 2095 sphal-

911 2109 1006 2135 mata
1035 2104 1179 2135 librariis
1219 2103 1463 2145 perfamiliaria
1499 2104 1609 2136 fuere.

917 2155 1020 2187 Vorst.
1065 2156 1173 2187 Recte
1188 2157 1307 2189 Vorst.
1323 2157 1452 2197 Magus,
1474 2161 1608 2188 secutus

910 2205 1080 2237 Vossium.
1103 2205 1207 2246 Schef.

953 2256 1071 2287 Filiam
1098 2257 1139 2287 ad
1157 2256 1312 2298 finienda,
1337 2256 1405 2298 ξω]
1428 2258 1515 2289 Fere
1543 2258 1607 2289 sol-

909 2307 1031 2346 lemne,
1052 2307 1243 2348 principum
1272 2307 1459 2340 discordias
1489 2308 1606 2349 sopiri,

909 2356 1158 2388 interveniente
1191 2356 1370 2390 affinitate.
1428 2358 1606 2391 Quomodo

908 2406 1078 2447 Augustus
1095 2408 1103 2424 ‘
1121 2408 1362 2439 reconciliatus
1373 2412 1450 2449 post
1460 2409 1605 2449 primam

909 2457 1112 2488 discordiam
1154 2457 1318 2497 Antonin,
1354 2459 1603 2498 postulantibus

908 2507 1083 2548 utriusque
1105 2507 1280 2547 militibus,
1303 2512 1343 2539 ut
1363 2512 1400 2539 et
1422 2509 1604 2539 necessitu-

907 2557 986 2588 dine
1014 2557 1124 2598 aliqua
1145 2557 1383 2598 jungerentur,
1414 2558 1603 2598 privignam

907 2607 980 2648 ejus
997 2606 1172 2638 Claudiam
1197 2606 1488 2639 duxit-uxorem:'
1509 2608 1602 2640 Suet.

906 2657 998 2698 Aug.
1014 2667 1043 2689 c.
1059 2660 1112 2688 62.
1136 2657 1236 2688 Bern.

950 2708 1035 2739 Filio
1064 2708 1139 2747 ejus,
1165 2707 1235 2748 ἔξω]
1265 2708 1346 2748 Leg.
1377 2716 1420 2738 ex
1449 2707 1515 2739 Ms.
1527 2707 1601 2749 filio

906 2757 983 2798 ejus,
1005 2758 1057 2799 qui
1069 2761 1195 2789 vocatus
1209 2761 1254 2788 est
1271 2758 1450 2789 Callinicus.
1474 2758 1579 2790 Grou.

949 2811 966 2850 ξ
982 2813 1001 2840 4
1018 2809 1149 2840 Fiducia
1163 2808 1418 2849 pulchritudinis]
1440 2809 1600 2849 Propert.

904 2869 958 2892 111.
975 2862 1027 2892 23.
1044 2862 1073 2894 l.
1090 2859 1100 2877 ‘
1116 2859 1215 2891 Falsa
1229 2863 1282 2891 est
1295 2858 1361 2890 ista
1378 2863 1456 2900 tuae,
1471 2859 1600 2899 mulier,
