2101 3419
528 338 613 378 960

531 451 587 482 ap.
604 439 787 471 Auctorem
809 439 852 471 de
869 439 958 470 Viris
974 439 1105 470 Illustr.
1150 439 1230 470 Vid.

533 491 607 522 Liv.
640 498 775 521 xxxvi.
807 493 838 521 1.
867 493 897 521 1.
937 490 1028 521 Flor.
1051 499 1094 521 11.
1121 492 1153 521 8.
1179 491 1232 521 14.

532 540 687 573 Frontin.
705 550 744 571 11.
761 543 792 572 4.
807 544 839 572 4.
868 541 974 580 Bong.

574 591 665 622 Bello
679 590 864 631 necessaria]
898 591 937 621 In
960 591 1042 622 Mss.
1068 590 1231 631 plusculis

534 646 587 673 est
603 642 683 672 belli.
729 641 782 673 An
804 641 982 672 diversitas
1009 641 1082 672 haec
1110 640 1233 681 arguit,

533 693 755 733 glossatorum
775 692 877 722 istam
893 700 966 722 esse
983 690 1150 730 voculam,
1165 699 1232 721 non

534 742 685 775 ¹lustini?
709 740 813 780 Schef.

578 793 705 824 Summa
720 791 890 832 industria]
919 791 941 824 J
947 795 1018 823 unt.
1039 800 1118 821 sum.
1135 801 1189 831 ope
1204 794 1234 822 et

534 843 601 874 iud.
626 843 742 874 Grvev.

579 896 595 935 ξ
609 898 627 925 5
645 894 758 925 Prima
773 894 843 924 belli
858 893 1083 934 congressione]
1106 893 1234 924 Omnes

536 945 672 976 omnino
701 945 788 974 Mss.
809 943 995 975 conditione.
1041 944 1080 974 F.
1099 943 1234 983 legend.

537 995 681 1032 coitione,
706 998 745 1025 ut
767 993 855 1024 dixit
875 994 1013 1025 Terent.
1039 993 1175 1024 Phorm.
1196 1003 1237 1024 11.

535 1049 568 1078 2.
583 1048 636 1077 34.
674 1049 683 1063 ‘
700 1045 816 1076 Prima
841 1044 944 1076 coitio
971 1050 1022 1076 est
1050 1044 1236 1076 acerrima.'

538 1097 628 1128 Mod.
672 1096 793 1127 Victus
806 1100 860 1126 est
875 1094 1062 1126 Antiochus
1079 1095 1121 1125 ad
1135 1095 1238 1126 Ther-

537 1146 702 1188 mopylas.
736 1146 810 1177 Liv.
827 1154 958 1176 xxxw.
977 1147 1027 1176 19.
1052 1145 1239 1177 Berneccer.

538 1196 623 1228 Mss.
651 1205 767 1227 omnes
799 1195 954 1226 Modiani
980 1195 1110 1226 habent
1137 1195 1240 1226 condi-

538 1248 633 1278 tione.
666 1246 720 1277 Id.
735 1246 768 1276 in
783 1246 851 1276 suis
866 1245 996 1285 reperit
1011 1246 1120 1285 Bong.
1149 1245 1241 1276 Hinc

540 1296 677 1327 Modius
696 1299 795 1335 putat
820 1294 949 1325 coitione
973 1294 1110 1334 legend.
1156 1293 1241 1325 Mihi

539 1346 679 1387 propius
699 1345 741 1376 ad
764 1345 905 1375 ductum
929 1345 1104 1375 literarum
1127 1344 1243 1375 venire

543 1397 691 1435 videtur,
717 1396 744 1426 si
774 1395 961 1426 scribamus
978 1394 1152 1426 conlisione.
1197 1396 1244 1426 Et

542 1452 597 1479 est
617 1447 768 1478 conlidere
781 1446 836 1476 vel
852 1445 996 1476 collidere
1011 1444 1151 1475 verbum
1179 1444 1244 1475 usi-

543 1502 650 1529 tatum
665 1497 698 1528 iu
716 1497 775 1527 tali
792 1496 930 1536 negotio
945 1495 1067 1526 Horat.
1085 1504 1111 1528 1.
1128 1495 1192 1535 Ep.
1210 1498 1242 1526 2.

540 1548 549 1564 ‘
567 1547 703 1579 Graecia
718 1545 895 1577 Barbariae
912 1545 1004 1576 lento
1020 1544 1137 1576 collisa
1153 1544 1245 1575 duel·

542 1598 598 1630 lo.'
622 1597 728 1636 Schef.

587 1649 758 1688 Castraque
772 1645 868 1686 ditia]
913 1644 1026 1676 Crcdo
1050 1644 1168 1676 deesse
1185 1645 1245 1676 ali-

542 1698 634 1741 quid.
669 1699 707 1730 F.
721 1701 880 1737 castraque
893 1697 999 1737 prseda
1015 1697 1106 1726 ditia.
1123 1696 1246 1728 Faber.

586 1750 641 1789 §6
665 1747 824 1779 Poeuitere
835 1745 1117 1786 neglecticonsilii]
1141 1746 1247 1777 Nimi-

544 1809 615 1830 rum
633 1799 697 1829 hoc
711 1798 813 1829 babet
828 1796 1037 1827 mortalitas:
1063 1796 1072 1813 ‘
1092 1803 1174 1827 tunc
1189 1795 1247 1827 de-

544 1860 635 1881 mum
663 1848 769 1879 sentit
792 1856 827 1878 se
854 1846 941 1877 male
971 1845 1014 1876 de
1046 1845 1149 1876 rebus
1180 1846 1247 1876 suis

543 1900 715 1938 statuisse,
739 1908 816 1929 cum
832 1897 866 1928 id
894 1897 972 1927 nihil
988 1897 1059 1937 jam
1086 1895 1247 1937 prodest,’

545 1957 582 1982 ut
609 1950 658 1981 ait
680 1950 753 1981 Cic.
781 1958 834 1988 ap.
868 1948 968 1978 Dion.
997 1955 1096 1978 xmv.
1158 1946 1249 1977 Add.

545 2000 687 2032 Ausonii
717 1999 816 2039 Epig.
852 2006 918 2028 ΧΗ.
956 1997 990 2027 iu
1025 1996 1247 2028 Simulacrum

547 2049 758 2082 occasionis.
783 2049 883 2079 Rern.

590 2103 642 2143 §7
667 2099 844 2139 AEmz'lium]
878 2098 933 2129 Ita
952 2101 1019 2128 vet.
1038 2097 1123 2128 Cod.
1147 2097 1247 2128 Pele-

547 2151 624 2182 rini.
669 2150 875 2190 Cujacianus
892 2147 1067 2185 Eimilium,
1087 2148 1115 2177 E
1129 2157 1189 2188 pro
1205 2147 1248 2178 A.

547 2202 642 2232 Vett.
655 2200 744 2231 enim
761 2199 908 2231 Aimilius
922 2197 1128 2228 scribebant.
1154 2198 1248 2229 Cett.

547 2251 642 2282 varie
672 2248 846 2289 corrupti:
885 2247 1021 2289 quidam
1049 2248 1078 2278 ei
1106 2247 1248 2278 vit-ium.-

547 2301 605 2332 alii
625 2300 654 2331 ei
671 2299 807 2330 Livium.
853 2297 1037 2337 Scripsisse
1063 2297 1247 2328 Auctorem

549 2350 699 2382 arbitror
711 2349 876 2380 nuntiatur
889 2349 917 2379 ei
929 2348 1060 2378 Lucium
1075 2349 1250 2387 AEmilium,

549 2410 612 2442 pro
629 2409 695 2441 quo
711 2399 956 2440 impresserunt
972 2397 1106 2439 quidam
1122 2398 1249 2429 Liuium

550 2451 706 2482 Nevium:
740 2449 876 2491 quidam
905 2448 1029 2479 Livium
1058 2449 1249 2480 Menenium.

549 2502 613 2532 Est
637 2505 751 2532 autem
773 2500 827 2531 hic
853 2500 890 2530 L.
915 2498 1069 2530 AEmilius
1096 2499 1250 2539 Regillus

551 2550 649 2581 Livio
671 2558 815 2581 xxxvii.
842 2553 894 2580 58.
918 2552 947 2580 1.
969 2553 1004 2580 et
1025 2549 1126 2580 Floro
1154 2558 1193 2580 11.
1217 2552 1249 2581 8.

550 2604 602 2632 12.
646 2601 805 2641 Appiano
819 2599 951 2640 Syriae.
974 2609 1008 2640 p.
1033 2602 1107 2630 102.
1123 2599 1156 2630 d.
1180 2598 1252 2630 Λεύ-

550 2662 613 2681 κιος
627 2649 766 2689 Αἰμίλιος
788 2650 966 2690 Ῥηγοῦλος,
993 2658 1055 2690 pro
1078 2648 1252 2688 Ῥηγίλλος.

550 2701 656 2740 Bong.

595 2750 684 2781 CAP.
701 2759 768 2781 vu.
792 2750 810 2790 ς
829 2752 844 2780 l
870 2748 932 2780 Sed
952 2749 1099 2780 adversus
1111 2748 1252 2780 Anniba-

551 2800 610 2830 lem
625 2801 741 2838 ducem,
755 2799 826 2840 ἐξα]
862 2799 1013 2841 Legeud.
1029 2804 1113 2840 puto
1135 2799 1196 2832 Sed
1222 2811 1252 2833 α.

553 2849 595 2882 Α.
611 2851 674 2881 dux
691 2851 770 2891 qui-s.
793 2851 900 2884 Gron.

985 346 1125 375 No'rAE
1160 345 1420 377 VARIORUM
1469 346 1519 377 IN

1326 441 1380 481 §2
1405 441 1572 472 ConsulL.
1596 440 1718 482 Scipio]
1764 441 1809 472 Et
1834 450 1911 472 cum
1937 450 1978 472 eo

1273 490 1322 528 ,C.
1340 490 1483 522 Laelius:
1509 496 1637 532 praeter
1659 491 1781 523 citatos
1796 491 1885 522 Gen.
1902 500 1979 522 xm.

1281 542 1313 571 4.
1336 539 1450 580 Scipio
1466 541 1530 572 hoc
1548 541 1637 572 bello
1653 540 1812 572 confecto
1829 544 1840 558 ‘
1857 540 1981 572 Asiati-

1282 590 1358 621 cus'
1373 590 1497 622 dictus.
1522 592 1627 631 Bong.

1327 642 1377 681 §4
1401 641 1504 682 Ipsius
1519 642 1644 683 filium]
1692 641 1734 672 P.
1758 641 1900 680 AEmilii,
1923 641 1982 682 qui

1284 691 1448 722 Perseum
1467 692 1559 731 vicit,
1574 696 1696 724 natura
1710 691 1832 730 filium;
1856 692 1898 722 P.
1911 691 1984 722 Sci-

1285 742 1406 782 pionis,
1435 742 1629 783 adoptione,
1655 742 1765 784 inquit
1790 741 1982 782 Appianas,

1284 792 1412 832 Syriae.
1437 801 1470 832 p.
1496 796 1570 823 105.
1593 797 1703 824 contr.
1729 802 1830 834 quam
1854 791 1983 823 ceteri:

1285 852 1351 873 non
1381 843 1471 873 enim
1496 842 1568 882 ipse
1595 842 1792 883 Africanus,
1820 842 1881 873 sed
1910 841 1983 882 ejus

1285 891 1387 930 filius,
1409 891 1523 922 Paulli
1537 892 1662 923 AEmilii
1684 891 1805 931 filium,
1826 900 1902 922 eum
1926 890 1984 932 qui

1288 941 1523 981 Carthaginem
1533 941 1670 982 evertit,
1678 941 1867 982 adoptavit.
1889 941 1983 971 Plut.

1287 991 1420 1022 AEmilio
1435 994 1467 1022 7.
1502 991 1574 1022 Cic.
1591 991 1660 1022 alii.
1688 992 1847 1030 Bongars.
1891 989 1984 1021 Add.

1287 1042 1361 1073 Liv.
1375 1051 1475 1073 xmv.
1490 1044 1544 1073 44.
1556 1045 1587 1073 l.
1631 1041 1686 1072 Id.
1703 1045 1821 1072 auctor
1836 1049 1886 1071 xx
1895 1048 1987 1072 xvn.

1289 1097 1343 1125 37.
1360 1097 1392 1125 6.
1417 1094 1568 1124 nonnihil
1590 1104 1608 1125 a
1634 1094 1763 1125 Nostro
1788 1092 1986 1132 discrepans

1291 1145 1349 1184 ait,
1375 1144 1580 1175 Antiochum
1596 1143 1746 1184 Scipioni
1761 1143 1866 1174 Elaeae
1880 1151 1989 1182 aegro-

1292 1194 1392 1235 tanti,
1406 1199 1484 1235 post
1504 1195 1600 1225 istam
1616 1193 1751 1224 demum
1770 1193 1990 1234 legationem,

1290 1243 1395 1275 filium
1418 1248 1558 1284 captum
1576 1244 1727 1275 misisse:
1751 1253 1860 1284 neque
1879 1243 1988 1273 solum

1294 1295 1405 1336 patrio
1421 1294 1530 1326 animo
1545 1299 1678 1335 gratum
1693 1304 1824 1335 munus,
1838 1294 1898 1326 sed
1913 1303 1990 1326 cor·

1293 1345 1369 1385 pori
1385 1354 1522 1386 quoque
1540 1345 1675 1376 salubre
1697 1345 1855 1385 gaudium
1870 1343 1990 1376 fuisse.

1294 1396 1393 1427 Bern.

1338 1447 1390 1487 §5
1417 1445 1549 1477 Privata
1565 1445 1720 1487 beneficia,
1734 1444 1804 1486 &cd
1826 1444 1905 1477 vid.
1930 1444 1993 1477 Ca·

1294 1506 1419 1527 merar.
1457 1496 1565 1537 Oper.
1599 1495 1731 1527 Succis.
1759 1498 1852 1526 cent.
1882 1497 1912 1526 1.
1938 1496 1993 1526 32.

1296 1548 1393 1578 Idem.

1339 1598 1355 1638 ξ
1372 1599 1392 1627 6
1418 1597 1553 1627 Gratum
1566 1605 1598 1627 se
1612 1605 1723 1627 munus
1735 1593 1888 1636 accipere]
1910 1594 1994 1635 Sup.

1298 1656 1351 1678 xl.
1369 1650 1420 1678 10.
1437 1650 1489 1678 10.
1512 1646 1521 1663 ‘
1537 1646 1645 1678 Grate
1667 1654 1807 1676 munere
1827 1642 1994 1684 accepto!

1297 1699 1341 1729 Et
1365 1696 1389 1728 f.
1413 1701 1506 1737 grate
1531 1697 1633 1727 etiam
1659 1696 1712 1727 liic
1728 1694 1863 1736 legend.
1890 1694 1996 1726 Vorst.

1297 1748 1359 1778 Vir
1374 1747 1494 1778 doctus
1510 1747 1699 1787 suspicatur
1719 1749 1823 1785 grate.
1867 1744 1996 1786 Siquid

1299 1797 1451 1828 mutand.
1491 1797 1623 1828 mallem
1649 1797 1806 1837 privatum
1835 1794 1997 1826 scribere.

1299 1848 1351 1879 Ac
1368 1852 1482 1888 potest
1499 1847 1587 1887 fieri,
1611 1852 1648 1878 ut
1668 1845 1906 1887 compendium
1923 1845 1997 1885 ejus

1297 1902 1421 1939 pratum
1437 1898 1611 1939 pepererit
1626 1907 1741 1928 vocem
1759 1899 1897 1936 gratum.
1941 1895 1999 1926 Sa-

1300 1959 1353 1989 ne,
1370 1949 1449 1990 quia
1469 1949 1621 1989 sequitur
1643 1950 1652 1965 ⁴
1668 1945 1890 1988 privatoque‚'
1908 1945 1999 1976 vide-

1300 2006 1355 2030 tur
1382 2000 1540 2040 privatum
1579 1998 1806 2039 praecessisse,
1840 1996 1999 2037 quoniam

1300 2050 1382 2080 alias
1407 2059 1474 2080 non
1496 2049 1612 2086 babet,
1638 2058 1704 2089 quo
1721 2048 1802 2079 satis
1823 2046 2000 2079 commode

1302 2099 1484 2130 referatur.
1508 2099 1612 2137 Sches.

1344 2151 1360 2190 ᾗ
1377 2152 1396 2180 7
1423 2150 1530 2189 Neque
1556 2150 1594 2180 de
1615 2148 1792 2180 redimendo
1797 2147 1871 2189 filio
1885 2149 2003 2178 tracta·

1299 2199 1361 2239 cit]
1397 2199 1609 2231 ‘Tractare'
1636 2208 1695 2239 pro
1719 2207 1772 2237 e0,
1802 2197 1891 2239 quod
1922 2206 2001 2228 mox

1301 2249 1469 2290 sequitur,
1486 2259 1599 2290 agere.
1623 2248 1692 2280 Inf.
1709 2256 1855 2279 xxxvn.
1872 2249 1904 2279 3.
1916 2249 1948 2278 4.
1965 2251 2003 2278 et

1301 2309 1376 2339 pro,
1401 2300 1606 2340 consultare,
1629 2298 1833 2339 deliberare,
1854 2297 2001 2338 positum

1301 2355 1458 2391 apparet.
1491 2350 1594 2381 Vorst.

1344 2400 1432 2432 CAP.
1450 2409 1530 2432 vin.
1566 2402 1583 2441 ξ
1601 2403 1615 2431 1
1647 2400 1689 2430 Il.
1705 2409 1741 2430 ac
1758 2399 1800 2430 R.
1816 2397 1866 2438 f.]
1897 2397 2003 2430 Uncis

1302 2451 1446 2482 includit
1464 2451 1527 2481 Ed.
1544 2451 1655 2490 Bong.

1345 2504 1363 2532 3
1386 2501 1523 2532 «Iuvabat
1544 2501 1670 2532 Ilienses
1686 2502 1820 2540 nepotes,
1833 2498 1904 2540 Sym]
1934 2498 2005 2530 Ite-

1304 2560 1375 2581 rum
1394 2551 1466 2582 Liv.
1483 2559 1632 2582 xxxvii.
1646 2553 1699 2581 37.
1715 2554 1748 2581 2.
1771 2550 1780 2566 ‘
1799 2549 1885 2581 Inde
1902 2549 2004 2580 Ilium

1302 2601 1448 2642 [Scipio]
1464 2601 1643 2642 processit,
1662 2600 1851 2640 castrisque
1866 2599 1900 2629 in
1916 2608 2006 2630 cam-

1303 2663 1359 2694 po,
1370 2653 1427 2693 qui
1437 2656 1487 2683 est
1499 2651 1672 2692 subjectus
1685 2650 1864 2689 moenibus,
1874 2648 2007 2690 positis,

1304 2704 1337 2734 iu
1354 2703 1469 2734 urbem
1484 2711 1663 2742 arcemque
1687 2710 1762 2731 cum
1785 2699 2007 2740 ascendisset,

1302 2751 1508 2783 sacrificavit
1524 2751 1688 2781 Minervae
1706 2750 1843 2791 praesidi
1857 2749 1956 2790 arcis,
1970 2753 2008 2780 et

1304 2801 1487 2832 Iliensibus
1511 2800 1543 2830 in
1565 2800 1655 2831 omui
1679 2809 1791 2830 rerum
1814 2799 2007 2830 verborum-

1304 2861 1369 2892 que
1385 2851 1511 2882 honore
1529 2849 1570 2881 ab
1592 2859 1628 2881 sc
1651 2849 1810 2882 oriundos
1835 2848 2005 2882 Romanos
