2174 3424
522 328 607 370 642

520 444 586 470 κης.
629 431 690 464 Ait
701 431 808 464 enim:
833 434 929 475 Κῦρος
951 433 996 471 δὲ,
1021 433 1144 474 μέλλων
1163 447 1215 466 τε·

518 483 647 523 λευτᾷν,
675 482 884 524 Τανυοξάρκην
907 484 962 515 τὸν
984 484 1129 525 νεώτερον
1154 485 1215 515 υἱὸν

517 533 672 571 ἐπέστησε
683 534 836 572 δεσπότην
847 536 1011 577 Βακτρίων,
1021 537 1071 567 καὶ
1084 539 1140 574 τῆς
1151 537 1213 576 χῶ·

515 596 580 624 ρας,
605 585 656 616 καὶ
681 585 894 626 Χωραμναίων,
920 586 970 617 καὶ
993 588 1138 628 Παρθίων,
1162 586 1214 618 καὶ

518 634 705 675 Καρμανίων,
719 638 783 667 &c.
827 637 883 668 Sic
897 637 1033 678 legend.
1064 638 1209 678 Oropas-

516 690 569 716 tes
585 686 650 726 ipsi
665 692 717 717 est
733 686 955 726 Σφενδαδάτης.
984 688 1066 719 Voss.
1113 688 1134 720 J
1140 692 1211 719 unt.

515 735 691 767 Smerdem:
714 738 781 768 Ms.
798 738 964 778 Smergz'm.
1009 739 1091 779 Leg.
1108 737 1211 769 Smer-

517 786 582 817 ch'm
598 796 640 817 ex
656 787 789 818 Herod.
818 789 925 818 Graev.

559 837 704 867 Fratrem
718 847 804 868 suum
819 837 974 878 Mergim]
1007 838 1103 868 Vett.
1131 836 1209 868 edd.

512 885 618 917 Bech.
646 891 682 917 et
713 887 804 918 Sich.
843 887 970 918 habent
1008 887 1208 926 IlIergidem:

512 934 600 974 quod
628 940 664 966 et
690 935 724 966 in
746 937 831 968 Mss.
848 937 1003 978 quibusd.
1025 947 1099 967 esse
1115 940 1209 966 nota-

510 985 560 1015 vit
576 985 682 1025 Bong.
715 987 760 1017 Et
776 987 932 1027 congruit
944 987 987 1026 ei,
1003 986 1090 1027 quod
1108 985 1208 1026 paulo

508 1039 589 1074 post
616 1035 782 1076 sequitur,
813 1037 969 1076 Mergide.
1028 1037 1124 1069 Junt.
1152 1036 1206 1066 ed.

508 1083 557 1114 uti
574 1084 689 1116 Graev.
711 1090 871 1124 testatur,
895 1085 1072 1117 manifeste
1102 1086 1206 1117 Smer·-

507 1133 575 1163 dem
590 1133 704 1172 habet,
730 1139 769 1166 ut
791 1135 833 1166 ab
851 1135 980 1166 Herod.
1004 1136 1207 1175 appellatur.

506 1183 646 1223 Verum,
672 1185 749 1225 quia
772 1184 821 1216 bis
839 1185 963 1216 deinde
988 1186 1136 1225 Mergide
1155 1195 1206 1216 se·

507 1235 632 1274 quitur,
650 1241 765 1275 putem
782 1236 953 1268 Justinum
971 1241 1006 1267 et
1022 1236 1205 1275 [ilergidem

505 1284 560 1314 vel
583 1285 721 1324 Illergz'm
742 1295 805 1326 per
822 1286 852 1317 G
870 1286 1059 1326 scripsisse.
1104 1287 1206 1316 Mini-

505 1343 558 1364 me
593 1344 673 1365 vero
710 1336 856 1366 omnium
888 1337 1001 1376 placet
1032 1336 1204 1375 Smerdide,

504 1384 592 1424 quod
619 1385 793 1416 Graevium
821 1386 855 1416 in
883 1391 1016 1417 textum
1033 1386 1204 1426 recepisse

505 1434 616 1465 video.
648 1435 722 1467 Vor.

546 1486 562 1524 ξ
581 1488 598 1516 7
625 1485 757 1516 Nomine
776 1485 943 1525 cometem]
959 1485 1054 1517 Junt.
1071 1490 1105 1516 et
1121 1494 1202 1516 non-

503 1533 604 1564 nullae
630 1534 715 1571 aliae,
742 1535 949 1574 Proexospen.
994 1534 1049 1564 Ab
1072 1534 1201 1565 Herod.

501 1591 581 1613 sane
596 1583 605 1599 ‘
621 1583 810 1624 Prexaspes
822 1583 830 1597 '
847 1584 1041 1625 appellatur
1066 1584 1099 1615 in
1115 1585 1201 1615 Tha-

502 1633 546 1664 lia
560 1642 590 1663 c.
608 1635 659 1663 30.
685 1633 793 1665 Graer.

545 1683 561 1722 ξ
588 1685 607 1713 8
644 1683 758 1714 Gladio
789 1694 844 1714 sua
880 1687 984 1725 sponte
1020 1684 1198 1725 evaginato]

499 1732 623 1763 Strabo
637 1737 706 1763 ext.
723 1733 778 1763 lib.
799 1742 857 1764 xv.
876 1744 895 1764 a
908 1735 1016 1774 Magis
1029 1735 1196 1765 sublatum

500 1781 626 1813 tradit:
652 1782 692 1813 ab
709 1782 862 1814 Auctore
874 1790 990 1815 nostro
1004 1790 1057 1815 est
1071 1784 1196 1815 Herod.

498 1839 557 1862 111.
589 1835 624 1862 et
650 1832 844 1863 Marcellin.
874 1842 965 1865 xvn.
995 1834 1088 1874 cujus
1118 1833 1198 1864 mihi

499 1881 595 1912 locus
609 1880 651 1911 de
667 1881 789 1913 mendo
807 1887 986 1922 suspectus
1003 1888 1066 1913 est.
1090 1883 1196 1921 Bong.

498 1929 554 1961 Ab
569 1929 721 1961 Auctore
737 1935 851 1962 nostro
864 1937 916 1962 est
930 1931 1060 1962 Herod.
1077 1941 1131 1962 ιιι.
1144 1935 1196 1963 04.

499 1984 535 2011 et
560 1979 752 2010 Marcellin.
771 1989 861 2012 xvn.
878 1984 910 2012 6.
934 1982 1030 2021 Sulp.
1052 1982 1197 2012 Severus

498 2029 557 2061 lib.
571 2038 612 2060 11.
640 2029 732 2061 Hist.
754 2030 866 2061 Sacrae
885 2040 919 2071 p.
938 2033 1010 2061 116.
1056 2032 1197 2064 Contra-

497 2078 565 2109 rius
582 2077 717 2109 videtur
743 2079 878 2118 Strabo,
906 2080 960 2120 qui
987 2080 1044 2111 lib.
1062 2089 1122 2110 xv.
1140 2090 1196 2111 ex-

497 2132 620 2167 tremo,
657 2128 872 2169 ‘Cambysen
902 2139 921 2160 a
946 2130 1059 2170 Magis
1088 2130 1198 2161 subla-

497 2178 586 2209 tum’
601 2178 697 2217 dicit,
713 2179 838 2219 interp.
854 2179 1043 2219 Xylandro.
1068 2181 1195 2211 Verum

495 2227 543 2258 ibi
558 2226 594 2258 τὸ
609 2228 773 2268 κατελύθη,
790 2229 831 2260 de
854 2229 995 2270 imperio
1019 2230 1194 2271 Cambysis

496 2287 516 2309 a
532 2278 640 2318 Magis
658 2278 864 2319 intercepto,
890 2289 988 2320 quam
1016 2280 1128 2311 occiso
1144 2281 1193 2321 ip-

496 2336 544 2367 50,
557 2328 671 2359 malim
688 2328 868 2368 accipere:
894 2339 968 2369 qnae
986 2330 1078 2360 verbi
1101 2332 1192 2362 notio

494 2376 694 2417 Thucydidi,
720 2377 811 2409 Xen.
837 2377 1025 2409 Herodian.
1047 2381 1111 2410 ἃς.
1139 2384 1192 2410 est

494 2430 647 2467 recepta.
693 2428 892 2469 Quanquam
916 2429 1017 2459 etiam
1036 2429 1134 2461 Oros.
1152 2439 1193 2460 11.

494 2478 524 2506 8.
569 2476 700 2516 Magos,
725 2476 788 2507 sub
814 2477 948 2508 nomine
963 2478 972 2494 ‘
990 2487 1088 2518 quem
1105 2479 1191 2510 occi-

494 2525 616 2556 derant
632 2526 758 2567 Regis,'
781 2536 885 2566 reguo
910 2527 1076 2568 obrepere
1093 2539 1190 2561 ausos

494 2575 625 2606 scribit.
652 2576 750 2606 Rern.

537 2624 718 2665 Insemore]
753 2626 864 2658 Quum
887 2626 920 2657 in
937 2627 1020 2658 Mss.
1036 2628 1190 2660 omnibus

493 2674 625 2714 legatur
641 2675 673 2705 in
689 2674 808 2713 femur,
833 2676 989 2716 suspicor
1005 2676 1189 2709 Auctorem

493 2725 546 2754 hic
563 2734 657 2755 usum
683 2725 787 2757 fuisse
803 2726 1004 2767 Graecismo,
1027 2732 1061 2758 et
1086 2729 1189 2769 scrip-

493 2775 826 2816 sissesemur‚omissa
838 2778 1089 2818 praepositione.
1115 2779 1189 2810 Nec

495 2825 595 2857 aliter
622 2826 693 2857 Liv.
724 2835 804 2858 xm.
831 2830 862 2859 7.
898 2829 906 2844 ‘
925 2828 1073 2858 Annibal
1102 2828 1188 2868 ipse,

495 2874 573 2908 dum
597 2884 728 2909 murum
746 2877 915 2910 incautius
940 2878 1041 2918 subit,
1069 2877 1187 2910 adver-

974 340 1116 371 NOTAE
1148 341 1411 373 VAR10RUM
1446 342 1496 371 ΙΝ

1264 446 1337 469 sum
1374 435 1483 467 femur
1519 436 1651 477 tragula
1685 435 1835 477 graviter
1867 435 1956 468 ictus

1263 486 1413 518 cecidit.'
1478 487 1571 518 Suet.
1600 486 1723 518 Octav.
1752 489 1805 517 20.
1847 486 1856 503 ‘
1878 486 1957 518 Una

1264 536 1337 567 acie
1371 536 1527 567 dextrum
1565 545 1653 576 genu
1689 536 1801 576 lapide
1844 535 1931 567 ictus
1945 547 1955 567 z

1262 586 1370 616 altera
1409 589 1444 617 et
1480 595 1557 616 crus
1595 590 1631 616 et
1667 589 1846 626 utrumque
1881 585 1956 616 bra-

1263 635 1374 665 chium
1413 635 1508 665 ruina
1545 634 1659 675 pontis
1696 634 1956 666 consauciatus!

1262 685 1336 716 Val.
1363 686 1411 717 M.
1435 694 1490 716 111.
1512 687 1544 716 2.
1571 687 1623 715 23.
1647 685 1656 702 ‘
1671 685 1821 725 Tragula
1847 683 1956 716 femur

1262 737 1438 776 trajectus,
1464 735 1602 776 saxique
1624 734 1776 775 pondere
1801 743 1860 765 ora
1880 743 1958 765 con-

1261 785 1377 817 tusus.’
1436 785 1566 816 Auctor
1591 785 1632 816 ss.
1659 783 1734 815 Afr.
1755 787 1810 815 78.
1832 784 1842 800 ‘
1858 783 1955 815 Paci-

1260 838 1332 868 dius
1349 838 1498 878 graviter
1513 837 1580 877 pilo
1594 845 1654 876 per
1674 835 1834 867 cassidem
1849 838 1955 875 caput

1259 888 1370 920 ictus!
1437 887 1489 919 Id.
1517 890 1569 919 85.
1596 888 1605 903 ‘
1634 885 1815 926 Pomp-eius
1844 883 1953 916 Rufus

1260 937 1434 969 brachium
1472 936 1584 978 gladio
1621 944 1800 976 percussus
1812 937 1833 965 :¹
1875 933 1952 965 eod.

1257 988 1370 1026 modo,
1395 997 1461 1028 quo
1485 986 1682 1026 Cambyses,
1702 985 1862 1016 occubuit
1885 984 1954 1015 En-

1258 1038 1425 1078 gclramus
1442 1037 1484 1067 de
1505 1037 1617 1075 Cusei,
1641 1040 1728 1067 teste
1745 1035 1871 1066 Matth.
1885 1034 1953 1066 Pa-

1256 1088 1313 1119 ris.
1337 1088 1370 1118 in
1397 1087 1545 1118 Henrico
1564 1096 1620 1117 ιιι.
1646 1096 1678 1126 p.
1701 1088 1775 1118 862.
1814 1085 1951 1117 Gronov.

1255 1137 1330 1168 Lib.
1347 1138 1429 1168 Mss.
1443 1137 1568 1167 habent
1583 1136 1615 1166 'in
1628 1136 1747 1175 senmr,
1774 1144 1836 1175 pro
1851 1135 1884 1165 in
1898 1134 1952 1172 fe-

1256 1198 1365 1225 more;
1388 1187 1476 1228 quod
1507 1187 1721 1227 repudiatum
1746 1186 1881 1217 videtur
1907 1185 1950 1216 ab

1256 1237 1308 1276 iis,
1335 1237 1389 1277 qui
1406 1237 1466 1268 lioc
1490 1246 1594 1277 genus
1611 1235 1783 1275 sermonis,
1807 1236 1888 1276 quia
1902 1235 1952 1266 in-

1254 1287 1411 1328 frequens
1429 1293 1571 1327 est,non
1588 1286 1834 1325 intelligebant.
1877 1284 1949 1316 Vul-

1253 1338 1424 1368 uerutusz'n
1441 1337 1549 1375 femur
1575 1337 1675 1376 plene
1699 1336 1837 1373 dicitur,
1859 1334 1949 1376 quod

1255 1391 1291 1418 et
1307 1397 1366 1427 per
1390 1386 1523 1426 ellipsin
1551 1389 1663 1426 posset
1689 1384 1840 1423 formari,
1865 1384 1948 1415 dici-

1253 1447 1332 1477 que,
1350 1436 1653 1474 culneratussemur.
1698 1433 1875 1467 Quomodo
1892 1443 1948 1474 ap.

1252 1487 1342 1516 Plin.
1373 1490 1435 1524 est,
1457 1486 1466 1502 ‘
1482 1487 1690 1516 Vulneratus
1713 1485 1888 1515 humerum
1912 1488 1950 1516 et

1252 1535 1385 1575 femur‚'
1408 1545 1473 1567 vn.
1486 1538 1538 1567 28.
1564 1536 1573 1552 ‘
1586 1535 1666 1576 Ipse
1680 1536 1873 1565 vulneratus
1889 1534 1950 1566 hu-

1250 1595 1378 1617 merum
1400 1595 1439 1616 ac
1466 1584 1597 1616 femur!
1640 1585 1757 1624 Praep.
1773 1583 1807 1614 in
1821 1582 1948 1624 signifi-

1250 1635 1420 1666 cationem
1442 1634 1543 1665 habet
1570 1633 1687 1666 Graeci
1711 1632 1804 1673 κατὰ,
1824 1633 1866 1664 de
1882 1642 1948 1674 quo

1249 1685 1315 1716 vid.
1331 1685 1502 1716 Sanctium
1517 1683 1575 1715 lib.
1590 1692 1641 1715 ιν.
1657 1683 1742 1714 Min.
1761 1692 1795 1724 p.
1812 1692 1854 1714 m.
1870 1684 1948 1714 403.

1247 1735 1353 1773 Schef.
1499 1735 1506 1736 .

1290 1785 1473 1824 Poenasque,
1488 1783 1557 1823 850]
1601 1783 1690 1814 Saxo
1712 1791 1790 1813 xw.
1816 1791 1847 1822 p.
1871 1784 1946 1813 30⁷.

1247 1837 1299 1865 30.
1314 1835 1322 1850 ‘
1340 1835 1518 1874 Luensque
1532 1842 1647 1873 poenas
1664 1841 1723 1864 seu
1737 1831 1872 1863 admissi
1885 1840 1944 1863 seu

1248 1884 1383 1915 tolerati
1399 1883 1594 1923 parricidii!

1291 1937 1342 1976 §9
1366 1936 1482 1974 Magus
1501 1938 1573 1965 ante
1587 1933 1709 1972 samam
1730 1933 1836 1964 amissi
1859 1930 1944 1972 regis

1247 1989 1372 2025 occupat
1381 1984 1522 2024 facinus]
1544 1984 1639 2024 Magi
1661 1983 1726 2014 duo
1742 1982 1892 2022 fuerunt,
1905 1986 1944 2013 ut

1248 2045 1290 2066 ex
1315 2035 1446 2066 Herod.
1462 2037 1595 2064 constat
1608 2037 1644 2064 et
1660 2032 1761 2063 Oros.
1778 2041 1818 2062 ιι.
1835 2034 1866 2063 8.
1889 2040 1944 2072 ap.

1247 2094 1346 2125 quem
1365 2094 1429 2114 vox
1451 2085 1522 2122 duo,
1545 2092 1618 2124 quae
1636 2087 1687 2113 est
1703 2083 1735 2112 in
1751 2082 1818 2113 Ms.
1844 2080 1944 2113 deest

1247 2133 1279 2163 in
1312 2134 1505 2173 impressis:
1538 2137 1669 2172 septem
1700 2136 1944 2163 commemorat

1246 2183 1322 2214 Val.
1339 2183 1388 2213 M.
1405 2183 1462 2214 lib.
1480 2192 1531 2214 rx.
1547 2192 1623 2222 cap.
1639 2186 1671 2213 2.
1701 2187 1736 2213 et
1751 2183 1942 2214 Marcellin.

1243 2231 1301 2263 lib.
1319 2240 1428 2263 xxm.
1446 2233 1551 2271 Bong.
1583 2232 1676 2262 Duos
1690 2235 1821 2262 tantum
1836 2230 1942 2263 fuisse

1244 2282 1377 2322 Magos,
1391 2282 1447 2323 qui
1464 2282 1636 2313 Persicum
1652 2281 1829 2321 imperium
1843 2290 1943 2312 occu·

1244 2337 1424 2371 paverunt,
1448 2337 1575 2372 praeter
1600 2332 1763 2363 Nostrum
1785 2335 1943 2362 asserunt

1245 2381 1374 2413 Herod.
1388 2391 1444 2413 ιιι,
1461 2385 1513 2413 61.
1543 2382 1638 2422 Sulp.
1664 2382 1808 2412 Severus
1827 2380 1882 2412 lib.
1899 2389 1940 2413 ιι.

1243 2431 1335 2463 Hist.
1359 2432 1452 2462 Sacr.
1479 2441 1512 2472 p.
1536 2434 1608 2463 116.
1642 2431 1742 2462 Oros.
1762 2440 1803 2462 ιι.
1820 2433 1851 2462 8.
1877 2431 1940 2463 Ce-

1243 2482 1338 2514 dren.
1355 2492 1388 2523 p.
1408 2485 1480 2514 118.
1503 2485 1555 2514 54.
1580 2482 1698 2513 Const.
1715 2482 1889 2513 Mauasses
1904 2481 1939 2513 in

1242 2531 1365 2563 Annal.
1391 2536 1427 2562 et
1445 2532 1512 2563 alii.
1558 2531 1665 2573 Atqui
1690 2537 1822 2572 septem
1848 2540 1938 2563 com-

1242 2586 1430 2612 memorant
1454 2582 1643 2612 Marcellin.
1661 2581 1718 2613 lib.
1734 2590 1841 2612 xxux.
1857 2590 1935 2621 cap.

1241 2634 1294 2662 22.
1311 2630 1367 2662 fin.
1383 2636 1416 2662 et
1433 2631 1506 2662 Val.
1520 2631 1569 2661 Μ.
1587 2639 1638 2661 ix.
1655 2634 1686 2661 2.
1711 2631 1792 2662 Ext.
1808 2633 1838 2662 6.
1871 2631 1937 2662 Ve-

1242 2690 1314 2710 rum
1337 2681 1521 2711 auctoritas
1548 2680 1728 2718 Ammiani,
1755 2681 1937 2712 consensui

1242 2730 1387 2769 plurium
1417 2730 1536 2770 impar,
1559 2739 1622 2760 nec
1639 2730 1736 2769 tanti,
1760 2734 1833 2760 est:
1858 2730 1934 2761 Val.

1241 2788 1322 2809 vero
1339 2779 1476 2809 Maximi
1492 2780 1600 2810 locum
1618 2777 1765 2809 feliciter
1778 2779 1935 2810 emenda-

1241 2828 1289 2859 vit
1312 2838 1350 2859 ac
1374 2829 1501 2860 Nostro
1519 2828 1712 2860 conciliavit
1730 2829 1779 2858 vir
1805 2838 1935 2867 magnae

1239 2879 1442 2920 dignationis
1458 2878 1722 2920 eruditionisque
1736 2878 1840 2911 Janus
1854 2878 1936 2909 Rut-
