2101 3419
577 347 773 379 JUSTlNl
810 347 853 376 Li
867 347 904 376 B.

239 444 404 475 Maronem
415 441 576 483 praesidio]
605 441 677 473 Liv.
695 450 822 472 xxxw.
837 443 891 472 37.

194 493 205 510 ‘
223 494 351 524 Fuerat
367 490 533 533 quondam
546 491 617 521 sine
630 500 725 521 muro
742 491 867 530 Sparta
882 502 889 521 :

197 543 334 583 tyranni
359 550 466 580 nuper
491 539 572 570 locis
602 538 799 579 patentibus
821 541 892 580 pla-

196 593 313 633 nisque
350 591 545 631 ohjecerant
581 589 734 621 murum!
788 590 891 621 Paus.

196 641 367 673 Achaicis.
394 642 495 680 Bong.

240 694 258 733 ᾧ
288 695 307 723 8
337 691 555 731 Cassandrum]
588 690 692 722 Diod.
716 699 793 722 mx.
817 691 891 722 haec

194 742 264 774 late
279 742 503 783 persequitur.
528 742 578 773 Id.

239 795 256 834 ᾗ
284 797 304 824 9
327 794 436 824 IlIaler
458 793 632 824 Alexandri
655 793 771 831 IlIagnz'
793 793 891 833 regis]

196 844 282 875 Rem
306 844 479 884 putidam!
515 844 640 874 Totum
664 844 774 874 isthuc
790 843 890 882 dele;

195 903 306 934 neque
323 894 411 925 enim
428 905 447 924 a
461 894 597 926 Justino
612 898 676 925 est.
701 893 778 925 fab.

240 943 354 983 Epiro]
385 944 439 975 Ita
456 944 538 975 Mss.
556 954 629 974 cum
647 943 728 974 editi
745 942 892 974 habeant

193 993 232 1024 ab
252 994 359 1034 Epiro.
403 994 583 1024 Familiare
599 992 742 1024 Auctori
760 992 893 1023 nomina

194 1043 367 1084 regionum
381 1048 418 1075 ut
435 1044 574 1084 propria
597 1044 727 1074 urbium
743 1048 892 1075 constru-

196 1103 273 1124 ere:
298 1098 335 1124 ut
352 1103 408 1125 111.
437 1097 537 1125 3.12.
562 1103 611 1125 vr.
630 1097 659 1124 l.
681 1097 711 1125 7.
735 1103 796 1125 xv.
813 1097 842 1125 2.
859 1096 890 1124 7.

196 1152 305 1174 xxm.
323 1147 353 1174 2.
369 1147 399 1176 6.
434 1153 537 1176 xxtv.
552 1147 582 1176 3.
607 1147 637 1175 9.
666 1153 801 1175 xxxin.
819 1148 848 1176 2.
861 1147 891 1176 6.

196 1203 296 1226 xmv.
323 1198 354 1226 3.
384 1198 416 1226 4.
472 1196 529 1227 Ita
559 1196 631 1228 Liv.
661 1204 747 1228 xml.
784 1199 836 1227 44.
862 1199 892 1228 9.

194 1246 204 1262 ⁴
229 1245 501 1286 Peloponnesum
547 1247 739 1287 proficisci?
797 1248 891 1278 Suet.

194 1295 285 1337 Aug.
302 1299 353 1329 1⁷.
385 1298 394 1315 ‘
412 1298 558 1338 Recepit
583 1308 619 1330 se
641 1299 776 1329 Samum
803 1298 892 1328 insu-

195 1346 288 1377 lam.'
314 1348 413 1379 Bern.

239 1397 472 1438 Prohiberique,
488 1398 555 1439 fisa]
596 1399 756 1429 Vincent.
787 1398 893 1429 ‘Pro-

195 1447 306 1479 hibita
331 1452 384 1479 est
417 1459 437 1479 a
460 1448 582 1480 finibus
604 1448 820 1480 Macedoniae
850 1448 891 1479 ab

195 1498 291 1528 Eur.'

241 1550 258 1589 ἕ
284 1552 324 1580 10
347 1549 660 1590 IiIagnitudinefiliz']
690 1550 754 1579 Τῶν
776 1548 894 1588 εὐεργε-

197 1601 270 1630 σιῶν
292 1598 578 1638 ἀναμιμνησκόμενοι
598 1601 660 1630 τῶν
683 1598 891 1640 Ἀλεξάνδρου,

196 1649 303 1681 Diod.
317 1659 396 1681 xlx.
414 1653 467 1681 ll.
490 1650 594 1689 Bong.

240 1701 472 1739 Indignatione‚
494 1699 563 1739 lya]
598 1700 688 1731 Saxo
706 1709 756 1730 VI.
786 1710 820 1741 p.
837 1703 891 1732 98.

195 1752 249 1782 46.
283 1750 291 1766 ‘
305 1750 416 1790 Hujus
433 1750 481 1780 rei
498 1749 564 1780 ind.
582 1749 752 1789 permoti.'

242 1800 470 1840 Olympiadem]
483 1799 577 1830 Junt.
593 1800 789 1840 Olympiada.
808 1799 892 1830 Mox

197 1849 256 1881 iid.
286 1849 369 1887 cujus
397 1849 427 1887 j.
458 1852 489 1880 et
519 1850 560 1881 E.
589 1850 752 1890 occiditur,
779 1853 809 1880 et
835 1860 893 1881 rex

194 1900 340 1931 Aridoeus
348 1909 403 1931 sex
413 1900 502 1930 annis
508 1903 579 1940 post
590 1901 642 1931 Al.
651 1902 774 1940 potitur
784 1910 892 1940 regno.

195 1950 310 1982 Graev.

239 2001 327 2033 CAP.
344 2010 396 2033 Π.
431 2002 447 2042 ξ
474 2004 490 2032 1
516 2000 666 2032 Muliebri
681 2000 795 2042 magis]
831 2001 893 2039 Τὴν

194 2051 341 2091 εὐτυχίαν
355 2050 410 2082 οὐκ
425 2051 557 2090 ἤνεγκεν
577 2051 774 2091 ἀνθρωπίνως.
809 2051 891 2083 Ideo

194 2101 382 2142 Antipater
403 2100 536 2142 καθάπερ
553 2103 753 2142 χρησμῳδῶν,
774 2101 822 2146 ἐπὶ
836 2103 892 2140 τῆς

194 2153 342 2190 τελευτῆς
366 2150 627 2193 παρεκελεύσατο,
645 2150 796 2191 μηδέποτε
817 2162 892 2191 συ-γ-

194 2204 333 2243 χωρῆσαι
356 2201 475 2242 ’γυναικὶ
496 2203 552 2239 τῆς
572 2202 734 2238 βασιλείας
757 2214 892 2243 προστα-

193 2254 299 2290 τῆσαι.
343 2252 447 2284 Diod.
467 2261 544 2284 xix.
561 2255 614 2283 11.
646 2252 724 2284 vid.
741 2253 842 2284 Paus.
857 2253 891 2284 in

195 2302 272 2334 Att.
298 2303 404 2343 Bong.

238 2355 256 2394 ξ
279 2356 298 2384 2
314 2353 433 2384 Audito
449 2353 618 2385 Cassandri
633 2355 777 2394 adventu,
793 2354 892 2396 dzffisa

195 2404 432 2444 Macedonibus]
461 2404 503 2435 In
518 2404 758 2435 Macedoniam
775 2405 892 2445 Olym-

123 2465 135 2476 ·
194 2455 269 2501 pias
286 2455 395 2486 accita
411 2459 486 2486 erat
503 2464 521 2486 a
544 2455 833 2496 Polyperchonte,
855 2459 893 2486 ut

196 2514 240 2536 ex
254 2514 330 2536 xrv.
347 2509 379 2536 5.
397 2508 427 2537 1.
450 2509 609 2545 apparet.
652 2504 701 2536 At
726 2505 893 2545 Polyper-

197 2555 355 2587 chontem
379 2566 398 2586 a
415 2555 606 2587 Cassandro
631 2555 664 2586 in
689 2555 894 2586 Macedonia

196 2609 277 2637 tunc
293 2605 432 2646 victum,
447 2614 489 2636 ex
502 2609 619 2636 vetere
631 2605 701 2646 huj.
717 2605 776 2636 lib.
799 2605 892 2635 Prol.

197 2656 276 2687 sciri
301 2661 428 2696 potest.
473 2655 590 2687 Habet
617 2656 705 2686 enim
733 2655 793 2695 sic,
825 2655 834 2672 ‘
853 2655 894 2685 In

197 2708 401 2739 Macedonia
413 2707 604 2740 CasSander
618 2708 710 2738 victo
726 2707 894 2747 Polyper-

200 2757 345 2789 chonte.’
374 2759 446 2790 Vor.

243 2808 320 2838 Cum
335 2819 412 2840 nuru
428 2809 579 2840 Rhoxane
593 2811 623 2840 et
638 2811 747 2849 nepote
760 2808 895 2839 Hercule

198 2858 231 2889 in
258 2858 416 2898 Pz’ctuam]
442 2859 586 2890 Pictuam
610 2859 728 2890 urbem
754 2858 893 2890 nescio:

201 2906 267 2939 vid.
292 2917 369 2939 num
385 2908 519 2949 legend.
544 2909 722 2950 Pythoeum,
737 2908 825 2950 quod
842 2914 895 2940 est

939 347 1043 376 X1v.
1075 347 1181 376 GAP.
1211 336 1250 377 6.
1554 335 1637 377 859

942 440 1164 481 Pelasgorum
1203 440 1367 483 oppidum
1406 451 1459 482 ap.
1490 441 1636 473 Ptolem.

944 491 990 520 Et
1017 491 1071 521 hic
1108 491 1276 521 ‘nurum'
1313 495 1413 522 vocat
1451 491 1638 522 Rhoxancn

943 541 1103 571 Herculis
1129 546 1284 580 matrem,
1308 546 1346 573 ut
1373 542 1474 573 etiam
1501 551 1638 582 prorsus

943 591 986 622 ad
1002 591 1059 623 fin.
1075 592 1145 632 huj.
1162 592 1219 623 lib.
1255 593 1338 624 Cum
1354 592 1514 624 Herculis
1530 597 1641 623 mater

943 642 1085 673 Barsine
1115 641 1230 682 fuerit,
1263 653 1328 674 non
1363 644 1537 683 Rhoxane,
1565 644 1638 683 ipso

942 692 1030 724 Just.
1047 691 1096 723 bis
1110 692 1318 732 appellante.
1345 693 1437 725 Glar.

987 743 1106 783 Nepote
1122 742 1272 782 Hercule]
1304 742 1462 773 Barsines
1478 742 1530 773 hic
1549 741 1637 773 filius

943 797 1035 823 erat:
1062 793 1217 823 Roxanes
1234 791 1428 823 Alexander
1445 793 1640 832 vocabatur,

942 838 1043 874 Paus.
1060 842 1177 874 Att.et
1189 843 1300 874 Boeot.
1313 852 1378 883 qno
1390 842 1499 873 dehic
1513 842 1638 882 agitur,

943 899 981 925 ut
998 897 1093 934 patet
1118 902 1160 924 ex
1184 893 1284 923 Diod.
1302 900 1382 923 X1x.
1402 895 1454 923 52.
1492 891 1639 921 Videtur

942 953 1023 984 ergo
1066 942 1121 973 hic
1169 943 1262 975 Just.
1308 943 1424 983 lapsus
1467 942 1637 972 memoria.

942 994 1099 1032 Bongars.
1146 993 1314 1024 Hercules
1335 1002 1401 1023 non
1426 1002 1469 1023 ex
1488 993 1639 1031 Roxane,

942 1044 1000 1075 sed
1029 1054 1071 1075 ex
1106 1044 1250 1074 Barsine
1287 1052 1393 1083 nepos
1423 1041 1639 1083 Olympiadis

942 1093 1019 1133 fuit,
1034 1098 1073 1124 ut
1096 1103 1138 1124 ex
1156 1101 1240 1124 xm.
1256 1095 1286 1123 2.
1302 1095 1333 1122 8.
1357 1097 1393 1122 et
1409 1100 1468 1122 xv.
1483 1094 1513 1122 2.
1529 1095 1556 1122 3.
1581 1102 1639 1131 ap-

943 1148 1054 1185 paret.
1087 1144 1126 1174 F.
1148 1152 1229 1183 ergo
1259 1152 1318 1183 pro
1345 1142 1479 1173 Hercule
1502 1142 1638 1182 legend.

942 1195 1145 1230 Alexandro;
1169 1193 1257 1235 quod
1283 1193 1417 1234 nepotis
1441 1202 1483 1223 ex
1500 1193 1640 1223 Roxane

942 1255 1064 1276 nomen
1101 1245 1203 1275 fuisse
1242 1254 1283 1275 ex
1317 1243 1486 1274 Pausania
1522 1243 1639 1274 scitur.

948 1296 1051 1327 Vorst.
1095 1295 1180 1326 Mihi
1207 1295 1344 1326 Hercule
1373 1294 1482 1334 inepti
1516 1294 1640 1334 glossa-

942 1347 1025 1378 toris
1049 1346 1193 1385 videtur,
1226 1351 1262 1376 et
1292 1350 1475 1386 propterea
1504 1342 1638 1374 delend.

943 1396 1048 1434 Schef.

985 1447 1144 1488 Pydnam]
1201 1445 1413 1478 Macedoniae
1448 1443 1567 1474 urbem
1605 1443 1639 1473 in

942 1497 1058 1528 Pieria
1085 1497 1233 1537 regione.
1277 1495 1425 1529 Quidam
1454 1494 1537 1524 editi
1563 1494 1640 1534 Pyc-

942 1552 1040 1588 tuam,
1055 1558 1116 1588 pro
1131 1558 1197 1589 quo
1222 1551 1273 1578 est
1290 1546 1346 1588 qui
1362 1546 1514 1586 Pactyam
1531 1545 1640 1584 malit,

941 1598 1137 1639 refragante
1150 1597 1302 1629 historia.
1318 1596 1505 1636 ‘Pydnam’
1521 1595 1639 1636 Olym-

943 1650 1045 1690 piade
1074 1653 1224 1680 mactata
1261 1648 1409 1679 nobilem
1449 1647 1568 1679 asserit
1604 1651 1640 1678 et

942 1700 1114 1731 Diodorus
1129 1709 1208 1730 Xix.
1223 1702 1274 1730 35.
1304 1699 1403 1729 Rern.

985 1751 1002 1790 ᾧ
1033 1753 1051 1780 3
1082 1750 1261 1789 Deidamia,
1286 1749 1427 1779 AEacidae
1448 1748 1534 1787 regis
1548 1746 1639 1789 filia]

942 1800 1064 1842 Pyrrhi
1085 1809 1194 1839 soror,
1218 1798 1388 1831 Demetrii
1413 1807 1508 1828 uxor.
1547 1797 1640 1829 Plut.

942 1853 1080 1883 Demet.
1095 1854 1125 1882 l.
1141 1855 1176 1882 et
1186 1853 1239 1882 30.
1262 1850 1319 1892 qui
1332 1850 1433 1881 etiam
1443 1853 1497 1881 42.
1512 1849 1641 1890 scribit,

942 1902 1059 1933 morbo
1075 1901 1174 1933 eand.
1189 1900 1390 1931 extinctam.
1436 1900 1513 1932 Quo
1530 1899 1640 1930 minus

943 1951 1097 1982 assentiri
1121 1960 1254 1991 possum
1269 1951 1358 1983 Jano
1377 1950 1562 1981 Parrhasio
1582 1949 1641 1982 lib.

943 2001 986 2033 de
1023 2001 1136 2032 Rebus
1173 2010 1236 2041 per
1271 2001 1461 2041 Epistolam
1491 2001 1642 2042 quaesitis

943 2052 1053 2092 Epist.
1065 2053 1120 2082 48.
1152 2051 1317 2082 statuenti
1339 2051 1424 2083 hanc
1447 2061 1520 2082 esse
1543 2051 1641 2082 eand.

942 2113 1020 2134 curn
1044 2112 1085 2133 ea
1105 2102 1300 2140 Deidamia,
1326 2101 1368 2132 de
1393 2111 1459 2142 qua
1484 2101 1588 2133 Paus.
1606 2101 1641 2132 in

942 2153 1092 2185 Messen.
1124 2156 1160 2183 et
1189 2152 1343 2193 Polyaen.
1381 2152 1530 2192 Strateg.
1556 2160 1640 2182 vm.

942 2203 1017 2235 Nec
1033 2203 1120 2234 enim
1134 2202 1210 2233 istae
1223 2202 1365 2243 aliaeque
1378 2202 1641 2233 circumstantiae

942 2253 1020 2284 huic
1035 2253 1146 2293 aptari
1166 2256 1318 2293 possunt.
1341 2253 1523 2284 Berneccer.
1567 2254 1642 2284 AEa-

942 2303 1036 2334 cides
1063 2303 1118 2334 ille
1148 2312 1209 2333 rex
1246 2301 1314 2333 fuit
1353 2303 1583 2344 Epirotarum,
1607 2306 1642 2334 et

942 2358 1043 2394 pater
1058 2353 1197 2393 Pyrrhi,
1222 2352 1292 2392 ejus
1313 2352 1369 2393 qni
1391 2362 1467 2383 cum
1483 2352 1642 2384 Romanis

941 2404 1067 2435 bellum
1084 2403 1210 2443 gessit,
1232 2406 1271 2433 ut
1297 2411 1340 2433 ex
1366 2402 1466 2433 Diod.
1483 2410 1564 2433 X1x.
1588 2405 1640 2434 35.

942 2453 1155 2494 intelligitur.
1190 2453 1264 2484 Vor.

989 2503 1198 2534 Thessalonice
1221 2503 1382 2542 privigna,
1411 2506 1441 2534 et
1468 2503 1536 2543 ipsa
1559 2503 1642 2534 clara

943 2553 1098 2593 Philippi,
1112 2552 1180 2592 ξω]
1215 2553 1297 2584 Mss.
1313 2557 1348 2583 et
1362 2553 1459 2585 Junt.
1485 2554 1643 2585 Thessalo-

943 2604 1024 2635 nica.
1038 2604 1156 2635 Graev.
1180 2603 1364 2642 Diodorus,
1379 2603 1457 2644 quia
1468 2602 1641 2635 Aridaeum

944 2664 1077 2696 quoque
1109 2653 1304 2694 Philippum
1332 2657 1446 2692 vocat,
1472 2663 1515 2684 ne
1542 2654 1644 2685 Thes-

944 2705 1094 2736 salonice
1130 2703 1200 2734 filia
1237 2702 1366 2734 Aridaei
1401 2703 1489 2743 regis
1537 2703 1641 2735 fuisse

944 2758 1136 2796 putaretur,
1151 2752 1349 2793 Philippum
1364 2752 1521 2794 Amyntae
1545 2758 1643 2785 vocat
1672 2780 1676 2784 .

944 2815 1021 2836 eum
1057 2804 1153 2845 cujus
1196 2802 1299 2834 filiam
1342 2803 1500 2834 comitem
1536 2803 1642 2837 fuisse

946 2854 1161 2896 Olympiadis
1177 2854 1306 2885 Noster
1317 2853 1444 2885 scribit.
1473 2853 1544 2885 Vor.

989 2908 1006 2948 ξ
1034 2909 1054 2938 4
1083 2905 1215 2946 Statim]
1260 2905 1338 2937 Hoc
1365 2905 1472 2937 statim
1496 2906 1640 2947 glossam
