2174 3424
609 298 804 329 JUSTiNl
841 299 933 328 ΜΒ.
968 301 1009 329 v.
1042 302 1147 331 cm).
1177 292 1220 332 3.

179 395 232 422 rat
244 390 266 423 :’
286 392 318 422 h.
335 400 366 422 e.
383 390 572 422 deleverat.
620 390 699 422 Hoc
716 400 798 422 vero
823 400 881 423 no-

178 441 243 472 luit
259 441 465 481 Alcibiades,
493 441 554 472 sed
580 441 685 472 suasit
700 441 790 472 bello
806 440 883 472 fati-

179 491 262 532 gari.
310 491 409 523 Quod
432 491 571 532 proprie
587 497 640 522 est
654 494 801 522 atterere.
826 491 880 522 Id.

178 542 258 573 Tac.
274 550 331 572 111.
349 542 395 573 H.
413 545 466 574 50.
489 543 498 559 ‘
510 543 552 573 Et
581 543 670 583 ipsos
693 543 727 573 in
744 542 882 583 regione

178 591 269 622 bello
285 591 405 622 attrita
432 591 548 632 inopia
574 596 609 622 et
635 591 806 623 seditiosae
824 592 882 622 mi-

176 640 276 671 litum
299 650 399 672 voces
416 640 615 672 terrebant!
639 641 739 672 Idem.
783 641 883 682 Opti-

178 699 233 720 me
247 689 364 730 Angli,
386 689 509 722 Scheff.
527 691 772 731 applaudente,
792 693 881 722 Grae-

178 739 259 770 ciam
273 741 477 771 atterendam.
519 741 614 773 Suet.
625 741 710 781 Aug.
725 744 734 759 ‘
748 740 882 773 Attrito

178 788 277 821 bellis
292 790 448 821 civilibus
464 791 668 832 patrimonio
681 791 701 822 :’
729 796 764 823 et
781 792 882 824 Galb.

178 841 188 858 ⁴
204 840 344 872 Attritis
361 840 604 873 facultatibus!
631 843 739 873 Graev.

222 890 240 930 ᾗ
266 892 305 921 14
331 891 466 922 Classem
479 891 613 932 regiam]
647 893 731 925 Quae
748 892 883 923 Phoeni·

178 948 252 971 cum
270 940 410 972 navibus
433 944 506 972 157.
523 942 713 975 constabat.
729 943 880 985 Thucyd.

178 998 262 1021 vm.
280 994 332 1022 15.
349 993 379 1022 3.
402 991 504 1024 Bern.

221 1041 272 1072 Ne
307 1040 470 1072 victoriam
512 1042 616 1083 daret]
660 1041 881 1085 Antiquiores

178 1090 317 1131 quidam
335 1092 427 1132 typis
450 1093 616 1133 expressi,
637 1103 675 1125 ne
688 1104 718 1125 v.
735 1098 832 1126 totam
847 1096 880 1126 d.

177 1140 244 1171 Sed
275 1141 384 1181 Bong.
413 1144 511 1173 totam
538 1143 717 1184 expunxit,
742 1144 830 1185 quod
847 1145 880 1175 in

180 1190 290 1222 Codd.
321 1192 406 1222 Mss.
437 1191 472 1223 id
507 1202 573 1224 non
611 1194 787 1234 reperiret.
835 1196 882 1227 Et

177 1239 314 1271 videtur
330 1250 410 1272 sane
428 1243 604 1274 commode
621 1244 750 1276 abesse.
778 1246 847 1277 Vor.

220 1290 288 1321 Aut
305 1300 417 1322 necess.
440 1292 508 1333 θεὴ]
549 1293 738 1336 Hegesipp.
769 1305 809 1328 11.
826 1299 879 1328 20.

177 1341 188 1359 ‘
201 1341 364 1372 Paratum
380 1351 415 1373 se
444 1348 482 1373 ut
510 1343 697 1377 incolumes
714 1351 880 1386 servaret,

177 1390 204 1422 si
222 1389 345 1422 bellum
361 1391 595 1432 deponerent)

222 1441 310 1472 CAP.
329 1451 386 1472 111.
425 1443 442 1482 ξ
466 1446 496 1474 1.
521 1444 615 1475 Hanc
628 1454 750 1485 operam
765 1445 881 1477 civibus

178 1492 372 1532 venditabat]
410 1493 489 1524 Hoc
518 1495 606 1524 vend.
637 1495 717 1526 mihi
744 1495 881 1536 quidem

180 1550 299 1581 parum
336 1542 402 1574 isto
437 1543 459 1574 l.
497 1544 699 1576 conveniens
735 1545 882 1578 videtur.

180 1592 341 1632 Explicat
356 1593 489 1634 quidem
512 1594 665 1625 Freinsh.
686 1604 758 1635 per,
776 1595 882 1636 impu-

180 1643 290 1682 tabat,
311 1644 469 1684 jactabat
500 1655 555 1686 ap.
585 1646 675 1676 cives
705 1656 794 1686 suos,
820 1657 882 1678 sua

179 1703 284 1734 opera
314 1694 349 1725 id
387 1693 527 1726 factum.
574 1695 642 1727 Qui
666 1701 780 1727 autem
816 1697 880 1728 hoc

180 1744 332 1784 potuerit
360 1754 414 1784 ap.
438 1745 530 1776 cives
551 1745 758 1776 constitutus
776 1745 809 1776 in
825 1756 882 1777 ex-

178 1793 265 1833 silio,
279 1797 315 1824 et
327 1793 453 1833 degens
470 1804 524 1834 ap.
537 1793 784 1826 Tissafernem?
814 1796 882 1827 Ne-

179 1852 246 1883 que
263 1843 394 1874 nunciis
412 1844 548 1883 vulgare
564 1844 692 1876 licebat
708 1854 778 1875 rem
803 1855 882 1885 pro-

179 1893 300 1924 ditioni
318 1893 474 1931 similem,
501 1898 537 1924 et
563 1893 611 1924 sic
638 1893 671 1924 in
693 1895 879 1934 periculum

177 1943 257 1974 vitae
275 1944 382 1984 ipsum
399 1944 643 1984 conjecturam.
668 1945 784 1978 Quare
795 1956 882 1987 prae-

177 1992 264 2034 fero,
289 1994 378 2035 quod
407 1994 532 2035 legitur
557 1995 589 2025 in
611 1995 789 2035 impresso,
805 1996 880 2027 civi-

178 2043 234 2074 bus
257 2045 450 2084 vendicabat,
475 2045 540 2076 isto
566 2054 682 2075 sensu:
709 2045 879 2086 Quicquid

179 2093 317 2134 agebat,
339 2095 372 2125 id
397 2094 552 2125 vertebat
568 2103 666 2125 omne
681 2095 714 2125 in
731 2105 879 2126 commo-

179 2143 258 2175 dum
281 2154 415 2176 suorum
440 2145 578 2183 civium,
603 2145 625 2176 i.
640 2154 670 2176 e.
695 2143 880 2177 Athenien-

179 2193 276 2233 sium,
292 2193 324 2224 id
343 2204 440 2226 omne
455 2194 627 2226 tribuebat
642 2194 736 2234 ipsis.
774 2195 880 2227 Error

177 2241 271 2283 iude,
286 2243 364 2284 quia
390 2243 501 2275 scriba
522 2243 697 2284 negligens
719 2244 881 2276 vendicare

178 2296 214 2324 et
229 2293 388 2324 vindicare
411 2293 515 2324 scribi
538 2293 728 2333 promiscue
751 2293 880 2324 nescie-

177 2342 249 2383 bat,
276 2347 311 2375 et
336 2348 519 2384 propterea
541 2343 580 2374 τὸ
604 2343 766 2374 vendicare
782 2347 880 2384 puta-

178 2392 238 2424 bat
254 2402 327 2424 esse
343 2393 514 2425 vitiosum.
538 2392 644 2431 Schef.
691 2393 812 2425 Mallet
828 2394 880 2424 vir

179 2442 316 2475 doctiss.
343 2453 420 2474 cum
442 2443 687 2484 antiquioribus
708 2443 786 2474 edd.
803 2444 882 2475 hanc

179 2502 228 2533 op.
245 2503 272 2525 c.
292 2493 489 2524 vindicabat:
506 2493 561 2524 cui
578 2492 714 2524 minime
733 2493 786 2524 hic
805 2503 880 2524 aus-

181 2543 330 2574 cultand.
374 2544 443 2576 Qui
468 2543 557 2574 enim
573 2543 757 2575 rescissent
774 2543 881 2575 Athe-

180 2592 327 2631 nienses,
351 2602 419 2634 quo
440 2593 550 2624 animo
567 2598 656 2624 esset
673 2603 756 2634 erga
772 2594 880 2634 patri-

181 2651 249 2682 am,
276 2652 375 2684 quam
408 2647 488 2674 ante
515 2648 567 2674 tot
591 2643 744 2674 cladibus
762 2643 881 2675 affece-

181 2698 259 2732 rat3
289 2699 323 2725 et
361 2694 418 2735 qui
452 2695 644 2734 potuissent
674 2694 709 2724 in
734 2695 880 2726 animum

182 2741 357 2783 inducere,
384 2749 421 2775 ut
445 2745 575 2785 legatos
601 2744 643 2775 ad
666 2753 743 2775 eum
766 2745 881 2776 mitte·

184 2797 271 2830 rent,
298 2793 361 2823 nisi
382 2803 444 2834 per
469 2794 599 2825 litteras
626 2799 685 2825 aut
700 2800 813 2825 certos
829 2795 882 2825 ho-

185 2841 291 2874 mines
317 2843 365 2874 eis
396 2843 632 2884 significasset,
654 2843 733 2885 quid
764 2843 798 2874 in
827 2853 881 2875 eo-

1549 292 1632 333 717

932 402 1004 423 rum
1019 394 1161 434 gratiam
1178 405 1232 435 ap.
1250 396 1473 428 Tissafernem
1491 396 1634 427 dixisset

933 440 1195 484 effecissetque?
1219 445 1295 476 Hoc
1313 456 1392 476 vero
1409 451 1459 477 est
1478 446 1636 477 venditare

931 501 979 532 op.
992 502 1019 523 c.
1037 502 1137 533 quam
1151 503 1198 524 sc.
1213 495 1262 525 eis
1276 501 1419 526 navarat
1431 505 1484 535 ap.
1501 496 1636 527 Persas.

931 541 967 572 Si
996 542 1076 583 quid
1101 544 1247 575 novanti.
1276 545 1412 576 mallem
1435 555 1509 576 cuin
1534 545 1632 576 Junt.

932 591 964 622 h.
981 593 1188 624 mainan-at.
1232 594 1300 625 Sed
1324 595 1368 624 nil
1399 595 1573 626 venustius
1598 600 1634 626 et

932 641 1106 682 pulchrius
1124 644 1272 683 vulgata.
1299 644 1408 676 Graev.

975 693 1035 733 §2
1068 693 1104 724 Si
1140 694 1324 734 respublica]
1370 695 1449 726 Non
1483 694 1634 736 repudio.

933 742 1024 775 Quia
1053 747 1166 775 tamen
1187 744 1305 785 scripti
1332 745 1409 776 libri
1439 745 1567 777 liabent
1586 756 1636 776 res

929 794 1051 833 populo,
1082 794 1151 824 sive
1173 803 1225 825 res
1247 805 1266 826 a
1287 796 1409 835 populo,
1434 795 1512 826 ideo
1529 796 1635 836 suspi-

932 852 992 873 cor
1020 843 1102 874 illud
1121 844 1243 884 publica
1274 855 1442 876 annexum
1472 856 1492 876 a
1518 846 1635 885 sciolo,

933 901 1044 934 neque
1061 895 1240 933 genuinum
1254 904 1339 927 esse.
1381 896 1460 927 Rem
1476 896 1637 936 simplici·

933 946 985 973 ter
998 952 1060 983 pro
1073 944 1248 984 republica
1261 945 1351 985 poni,
1364 944 1524 987 frequens
1537 946 1634 977 bonis

932 993 1169 1033 scriptoribus.
1235 995 1291 1026 Sic
1329 996 1338 1013 ‘
1361 996 1466 1036 potiri
1509 994 1634 1034 rebus:

932 1044 941 1060 ‘
954 1052 1101 1083 pr‘aeesse
1118 1044 1241 1085 rebus,'
1257 1046 1392 1086 passim,
1404 1050 1439 1077 et
1452 1055 1507 1086 ap.
1523 1046 1634 1086 ipsum

932 1093 1097 1125 Nostrum
1113 1094 1122 1112 ‘
1136 1104 1188 1126 res
1204 1094 1431 1127 Macedoniae’
1460 1104 1539 1126 vm.
1558 1098 1588 1126 6.
1603 1098 1635 1126 3.

931 1142 1037 1180 Schef.

974 1194 992 1233 ᾧ
1015 1195 1033 1223 3
1057 1193 1204 1234 Sperans,
1233 1197 1267 1226 ut
1287 1198 1340 1226 aut
1355 1196 1421 1226 dux
1437 1194 1507 1226 belli
1521 1195 1558 1226 ab
1575 1206 1636 1226 om-

929 1242 1018 1274 nibus
1043 1244 1211 1285 legeretur]
1246 1245 1328 1285 Pro,
1349 1255 1490 1285 sperans
1516 1255 1551 1276 se
1575 1249 1635 1276 aut

930 1292 1155 1325 ducem‘belli
1178 1295 1221 1325 ab
1247 1295 1400 1326 omnibus
1426 1296 1550 1326 lectum
1580 1295 1634 1326 iri.

930 1342 1046 1383 Atque
1058 1344 1106 1375 ita
1122 1345 1250 1375 Noster
1266 1355 1332 1375 non
1357 1355 1446 1377 rar0.
1483 1346 1561 1376 vid.
1578 1355 1634 1377 111.

930 1396 962 1425 6.
976 1397 1028 1425 10.
1073 1396 1134 1426 Est
1149 1400 1262 1427 autem
1283 1397 1292 1413 ‘
1306 1396 1358 1427 ut'
1385 1406 1460 1436 pro,
1483 1396 1583 1436 quod,
1600 1397 1634 1426 in

932 1443 1068 1474 talibus.
1123 1444 1227 1485 Cujus
1251 1445 1383 1485 generis
1411 1446 1517 1476 multa
1543 1450 1578 1476 et
1600 1446 1634 1476 in

931 1493 1007 1524 Lib.
1039 1492 1081 1524 de
1114 1494 1255 1525 Latinit.
1287 1495 1326 1526 F.
1357 1495 1456 1535 Susp.
1482 1504 1556 1535 cap.
1579 1498 1633 1527 24.

932 1543 1173 1584 congessimus.
1202 1544 1277 1576 Vor.

976 1593 993 1633 ξ
1016 1595 1036 1623 4
1059 1593 1165 1631 Major
1187 1594 1297 1625 salutis
1326 1604 1428 1634 quam,
1454 1594 1523 1634 Esou]
1561 1594 1635 1626 Liv.

933 1651 1041 1674 xxm.
1073 1646 1124 1674 14.
1153 1646 1185 1674 4.
1210 1645 1219 1661 ‘
1235 1644 1349 1675 Rebus
1374 1644 1548 1683 extremis,
1577 1644 1635 1675 ho-

932 1696 1030 1722 nesta
1044 1692 1181 1723 utilibus
1198 1693 1348 1725 cedunt.²
1394 1694 1470 1724 Val.
1495 1694 1545 1724 M.
1569 1702 1633 1724 vu.

931 1743 963 1772 6.
980 1744 989 1759 ‘
1002 1742 1102 1773 Cedit
1113 1742 1282 1773 interdum
1296 1752 1479 1783 generosus
1495 1743 1632 1783 spiritus

931 1791 1085 1831 utilitati,
1112 1796 1146 1823 et
1171 1791 1316 1824 fortunae
1339 1793 1464 1824 viribus
1480 1803 1635 1824 succum-

932 1841 1078 1881 bit,ubi,
1092 1841 1154 1872 nisi
1175 1843 1304 1873 tutiora
1327 1843 1633 1883 elegeritconsilia‚

931 1890 1086 1930 speciosa
1109 1892 1265 1932 sequenti
1284 1893 1538 1924 concedendum
1556 1894 1634 1925 est.'

931 1942 1114 1982 Sapienter
1140 1943 1173 1973 in
1197 1943 1282 1974 hanc
1306 1949 1454 1975 mentem
1478 1945 1633 1985 Thucyd.

933 2000 966 2023 v.
984 1994 1098 2024 16.41.
1114 1998 1150 2024 et
1168 1994 1241 2024 Liv.
1258 2002 1350 2025 xxu.
1366 1997 1395 2026 3.
1412 1997 1444 2025 3.
1470 1995 1569 2025 Bern.

975 2042 993 2082 ᾧ
1016 2045 1034 2072 5
1061 2043 1230 2083 Imperium
1253 2045 1292 2074 ad
1307 2044 1462 2085 senatum]
1487 2044 1541 2075 Ad
1557 2055 1636 2084 qua-

932 2091 1143 2132 dringentos,
1157 2103 1296 2134 quorum
1309 2095 1461 2125 meminit
1473 2100 1508 2125 et
1520 2094 1634 2126 Strab.

932 2150 983 2173 lx.
1011 2143 1167 2182 Bongars.
1201 2143 1293 2174 Add.
1307 2144 1460 2185 Thucyd.
1481 2153 1564 2175 vnn.
1582 2148 1634 2175 ll.

932 2193 1034 2224 Diod.
1051 2203 1131 2225 xm.
1146 2196 1199 2225 34.
1223 2195 1322 2226 Bern.

976 2243 1145 2284 Imperium
1157 2245 1197 2275 ad
1207 2248 1345 2275 senatum
1365 2244 1568 2282 transfertur,
1580 2244 1634 2284 qui

931 2301 1010 2331 cum,
1038 2292 1135 2323 insila
1162 2293 1252 2332 genti
1287 2293 1442 2333 superbia,
1468 2293 1636 2323 crudeliter

931 2341 965 2372 in
988 2341 1107 2382 plebem
1130 2343 1308 2381 consuleret,
1335 2342 1405 2382 ξω]
1443 2342 1511 2373 Hic
1542 2352 1634 2380 vero,

933 2392 1041 2423 sicubi
1067 2392 1162 2432 alias,
1194 2392 1440 2432 experiundum
1474 2392 1634 2431 arbitror,

933 2441 1013 2482 quid
1033 2442 1220 2482 judicatrix
1244 2442 1303 2472 illa
1330 2441 1476 2472 facultas
1498 2440 1634 2472 efficere

932 2493 1052 2532 possit.
1098 2492 1220 2533 Neque
1245 2492 1335 2522 enim
1359 2491 1534 2522 dnbitand.
1552 2491 1632 2532 quin

931 2542 965 2572 h.
992 2542 1015 2573 l.
1048 2542 1278 2582 turpissimum
1316 2540 1474 2571 mendum
1503 2540 1568 2579 sit;
1598 2540 1633 2570 id

933 2591 1024 2633 quod
1053 2591 1169 2632 paucis
1190 2601 1210 2621 a
1236 2600 1289 2621 me
1308 2589 1521 2621 ostendetur.
1567 2589 1633 2620 Im-

933 2641 1063 2682 perium
1080 2640 1234 2671 defertur
1250 2640 1291 2670 ad
1303 2644 1469 2678 senatum,
1484 2639 1530 2669 ait
1543 2639 1635 2671 Just.

933 2696 970 2723 at
993 2692 1138 2722 Senatus
1154 2700 1229 2721 curn
1253 2689 1352 2720 insita
1366 2689 1456 2728 genti
1472 2689 1634 2729 superbia

932 2742 965 2773 in
994 2740 1128 2782 plebem
1155 2739 1339 2771 crudeliter
1366 2739 1541 2770 consulere
1564 2748 1632 2770 coe-

933 2791 1052 2832 pisset,
1078 2795 1148 2821 tum
1170 2799 1250 2820 vero
1266 2789 1407 2820 mutatio
1424 2798 1534 2820 rerum
1555 2798 1632 2819 con-

933 2846 1051 2873 secuta
1078 2845 1142 2872 est.
1188 2840 1279 2880 Ergo
1304 2843 1440 2870 senatus
1462 2843 1515 2870 est
1540 2847 1633 2878 gens,
