<?xml version="1.0" encoding="UTF-8"?>
<!DOCTYPE html PUBLIC "-//W3C//DTD XHTML 1.0 Transitional//EN"
    "http://www.w3.org/TR/xhtml1/DTD/xhtml1-transitional.dtd">
<html xmlns="http://www.w3.org/1999/xhtml" xml:lang="en" lang="en">
 <head>
  <title>
</title>
<meta http-equiv="Content-Type" content="text/html;charset=utf-8" />
  <meta name='ocr-system' content='tesseract 3.04.00' />
  <meta name='ocr-capabilities' content='ocr_page ocr_carea ocr_par ocr_line ocrx_word'/>
</head>
<body>
  <div class='ocr_page' id='page_1' title='image "./historiaephilipp02just/historiaephilipp02just_0033.png"; bbox 0 0 2174 3424; ppageno 0'>
   <div class='ocr_carea' id='block_1_1' title="bbox 634 370 1231 415">
    <p class='ocr_par' dir='ltr' id='par_1_1' title="bbox 634 370 1231 415">
     <span class='ocr_line' id='line_1_1' title="bbox 634 370 1231 415; baseline -0.01 0"><span class='ocrx_word' id='word_1_1' title='bbox 634 382 829 415; x_wconf 76' lang='lat' dir='ltr'>JUST1N1</span> <span class='ocrx_word' id='word_1_2' title='bbox 866 381 957 412; x_wconf 74' lang='lat' dir='ltr'>Lm.</span> <span class='ocrx_word' id='word_1_3' title='bbox 991 381 1021 411; x_wconf 90' lang='lat'>1.</span> <span class='ocrx_word' id='word_1_4' title='bbox 1055 380 1160 411; x_wconf 72' lang='lat' dir='ltr'>cAr.</span> <span class='ocrx_word' id='word_1_5' title='bbox 1190 370 1231 410; x_wconf 82' lang='lat'>7.</span> 
     </span>
    </p>
   </div>
   <div class='ocr_carea' id='block_1_2' title="bbox 214 476 936 3041">
    <p class='ocr_par' dir='ltr' id='par_1_2' title="bbox 214 476 929 2421">
     <span class='ocr_line' id='line_1_2' title="bbox 215 476 906 516; baseline -0.01 -3"><span class='ocrx_word' id='word_1_6' title='bbox 215 480 366 513; x_wconf 86' lang='lat' dir='ltr'>exercitu</span> <span class='ocrx_word' id='word_1_7' title='bbox 382 482 418 510; x_wconf 89' lang='lat' dir='ltr'>et</span> <span class='ocrx_word' id='word_1_8' title='bbox 434 478 566 510; x_wconf 87' lang='lat' dir='ltr'>castris.</span> <span class='ocrx_word' id='word_1_9' title='bbox 608 477 740 510; x_wconf 90' lang='lat' dir='ltr'>Dicunt</span> <span class='ocrx_word' id='word_1_10' title='bbox 762 486 841 507; x_wconf 91' lang='lat' dir='ltr'>sane</span> <span class='ocrx_word' id='word_1_11' title='bbox 856 476 906 516; x_wconf 89' lang='lat' dir='ltr'>ip-</span> 
     </span>
     <span class='ocr_line' id='line_1_3' title="bbox 215 525 906 572; baseline -0.009 -9"><span class='ocrx_word' id='word_1_12' title='bbox 215 542 287 563; x_wconf 90' lang='lat' dir='ltr'>sum</span> <span class='ocrx_word' id='word_1_13' title='bbox 315 539 448 572; x_wconf 87' lang='lat' dir='ltr'>quoque</span> <span class='ocrx_word' id='word_1_14' title='bbox 475 529 639 561; x_wconf 86' lang='lat' dir='ltr'>hominem</span> <span class='ocrx_word' id='word_1_15' title='bbox 662 530 671 546; x_wconf 92' lang='lat'>‘</span> <span class='ocrx_word' id='word_1_16' title='bbox 693 525 906 566; x_wconf 90' lang='lat' dir='ltr'>desolatum,’</span> 
     </span>
     <span class='ocr_line' id='line_1_4' title="bbox 215 577 909 623; baseline -0.007 -11"><span class='ocrx_word' id='word_1_17' title='bbox 215 582 254 621; x_wconf 83' lang='lat' dir='ltr'>si,</span> <span class='ocrx_word' id='word_1_18' title='bbox 271 581 392 623; x_wconf 90' lang='lat' dir='ltr'>quibus</span> <span class='ocrx_word' id='word_1_19' title='bbox 407 584 487 611; x_wconf 89' lang='lat' dir='ltr'>ante</span> <span class='ocrx_word' id='word_1_20' title='bbox 502 579 649 620; x_wconf 87' lang='lat' dir='ltr'>stipatus</span> <span class='ocrx_word' id='word_1_21' title='bbox 664 577 788 617; x_wconf 87' lang='lat' dir='ltr'>fuerat,</span> <span class='ocrx_word' id='word_1_22' title='bbox 804 577 909 607; x_wconf 86' lang='lat' dir='ltr'>disce·</span> 
     </span>
     <span class='ocr_line' id='line_1_5' title="bbox 215 626 909 670; baseline -0.01 -8"><span class='ocrx_word' id='word_1_23' title='bbox 215 631 308 669; x_wconf 88' lang='lat' dir='ltr'>dant,</span> <span class='ocrx_word' id='word_1_24' title='bbox 323 634 382 661; x_wconf 90' lang='lat' dir='ltr'>aut</span> <span class='ocrx_word' id='word_1_25' title='bbox 398 630 439 661; x_wconf 87' lang='lat' dir='ltr'>ab</span> <span class='ocrx_word' id='word_1_26' title='bbox 456 639 496 661; x_wconf 91' lang='lat' dir='ltr'>eo</span> <span class='ocrx_word' id='word_1_27' title='bbox 511 632 744 670; x_wconf 85' lang='lat' dir='ltr'>segregentur.</span> <span class='ocrx_word' id='word_1_28' title='bbox 789 626 872 657; x_wconf 87' lang='lat' dir='ltr'>Tac.</span> <span class='ocrx_word' id='word_1_29' title='bbox 885 634 909 655; x_wconf 90' lang='lat'>1.</span> 
     </span>
     <span class='ocr_line' id='line_1_6' title="bbox 217 675 910 719; baseline -0.007 -8"><span class='ocrx_word' id='word_1_30' title='bbox 217 680 260 711; x_wconf 90' lang='lat' dir='ltr'>A.</span> <span class='ocrx_word' id='word_1_31' title='bbox 295 680 305 697; x_wconf 88' lang='lat'>‘</span> <span class='ocrx_word' id='word_1_32' title='bbox 333 680 496 711; x_wconf 87' lang='lat' dir='ltr'>Nouanus</span> <span class='ocrx_word' id='word_1_33' title='bbox 525 677 754 719; x_wconf 88' lang='lat' dir='ltr'>opperiendas</span> <span class='ocrx_word' id='word_1_34' title='bbox 781 675 910 708; x_wconf 82' lang='lat' dir='ltr'>Tiberii</span> 
     </span>
     <span class='ocr_line' id='line_1_7' title="bbox 215 726 911 771; baseline -0.009 -9"><span class='ocrx_word' id='word_1_35' title='bbox 215 730 377 771; x_wconf 82' lang='lat' dir='ltr'>epistolas</span> <span class='ocrx_word' id='word_1_36' title='bbox 393 730 646 761; x_wconf 83' lang='lat' dir='ltr'><strong>clamitaverat:</strong></span> <span class='ocrx_word' id='word_1_37' title='bbox 671 738 760 768; x_wconf 89' lang='lat' dir='ltr'>mox,</span> <span class='ocrx_word' id='word_1_38' title='bbox 782 726 911 757; x_wconf 86' lang='lat' dir='ltr'>desola-</span> 
     </span>
     <span class='ocr_line' id='line_1_8' title="bbox 218 779 912 820; baseline -0.007 -8"><span class='ocrx_word' id='word_1_39' title='bbox 218 787 272 813; x_wconf 91' lang='lat' dir='ltr'>tus</span> <span class='ocrx_word' id='word_1_40' title='bbox 284 781 423 812; x_wconf 87' lang='lat' dir='ltr'>aliorum</span> <span class='ocrx_word' id='word_1_41' title='bbox 437 780 597 820; x_wconf 85' lang='lat' dir='ltr'>discessu,</span> <span class='ocrx_word' id='word_1_42' title='bbox 608 779 841 810; x_wconf 82' lang='lat' dir='ltr'>imminentem</span> <span class='ocrx_word' id='word_1_43' title='bbox 858 786 912 807; x_wconf 88' lang='lat' dir='ltr'>ne-</span> 
     </span>
     <span class='ocr_line' id='line_1_9' title="bbox 217 827 910 871; baseline -0.009 -8"><span class='ocrx_word' id='word_1_44' title='bbox 217 831 408 864; x_wconf 85' lang='lat' dir='ltr'>cessitatem</span> <span class='ocrx_word' id='word_1_45' title='bbox 421 835 542 871; x_wconf 86' lang='lat' dir='ltr'>sponte</span> <span class='ocrx_word' id='word_1_46' title='bbox 555 828 744 870; x_wconf 83' lang='lat' dir='ltr'>praevenit.&#39;</span> <span class='ocrx_word' id='word_1_47' title='bbox 790 829 834 858; x_wconf 92' lang='lat' dir='ltr'>Et</span> <span class='ocrx_word' id='word_1_48' title='bbox 850 827 910 858; x_wconf 88' lang='lat' dir='ltr'>lib.</span> 
     </span>
     <span class='ocr_line' id='line_1_10' title="bbox 217 877 914 920; baseline -0.009 -7"><span class='ocrx_word' id='word_1_49' title='bbox 217 891 286 914; x_wconf 81' lang='lat' dir='ltr'>xu.</span> <span class='ocrx_word' id='word_1_50' title='bbox 310 882 320 899; x_wconf 83' lang='lat'>‘</span> <span class='ocrx_word' id='word_1_51' title='bbox 337 881 518 912; x_wconf 84' lang='lat' dir='ltr'>Desolatus</span> <span class='ocrx_word' id='word_1_52' title='bbox 535 879 710 920; x_wconf 86' lang='lat' dir='ltr'>paullatim</span> <span class='ocrx_word' id='word_1_53' title='bbox 726 877 828 909; x_wconf 86' lang='lat' dir='ltr'>etiam</span> <span class='ocrx_word' id='word_1_54' title='bbox 846 886 914 907; x_wconf 87' lang='lat' dir='ltr'>ser-</span> 
     </span>
     <span class='ocr_line' id='line_1_11' title="bbox 217 927 914 969; baseline -0.007 -7"><span class='ocrx_word' id='word_1_55' title='bbox 217 931 340 963; x_wconf 80' lang='lat' dir='ltr'>vilibus</span> <span class='ocrx_word' id='word_1_56' title='bbox 367 929 585 962; x_wconf 68' lang='lat' dir='ltr'>ministeriis!</span> <span class='ocrx_word' id='word_1_57' title='bbox 638 930 678 960; x_wconf 89' lang='lat' dir='ltr'>Iu</span> <span class='ocrx_word' id='word_1_58' title='bbox 702 929 840 969; x_wconf 86' lang='lat' dir='ltr'>antiqua</span> <span class='ocrx_word' id='word_1_59' title='bbox 866 927 914 957; x_wconf 87' lang='lat' dir='ltr'>in-</span> 
     </span>
     <span class='ocr_line' id='line_1_12' title="bbox 218 977 913 1022; baseline -0.009 -8"><span class='ocrx_word' id='word_1_60' title='bbox 218 982 404 1022; x_wconf 82' lang='lat' dir='ltr'>scriptione</span> <span class='ocrx_word' id='word_1_61' title='bbox 417 991 471 1022; x_wconf 92' lang='lat' dir='ltr'>ap.</span> <span class='ocrx_word' id='word_1_62' title='bbox 487 982 588 1013; x_wconf 85' lang='lat' dir='ltr'>Grut.</span> <span class='ocrx_word' id='word_1_63' title='bbox 602 984 713 1010; x_wconf 89' lang='lat' dir='ltr'>mater</span> <span class='ocrx_word' id='word_1_64' title='bbox 729 980 738 996; x_wconf 86' lang='lat'>‘</span> <span class='ocrx_word' id='word_1_65' title='bbox 753 977 913 1009; x_wconf 87' lang='lat' dir='ltr'>desolata’</span> 
     </span>
     <span class='ocr_line' id='line_1_13' title="bbox 219 1029 915 1071; baseline -0.006 -9"><span class='ocrx_word' id='word_1_66' title='bbox 219 1031 356 1070; x_wconf 90' lang='lat' dir='ltr'>dicitur,</span> <span class='ocrx_word' id='word_1_67' title='bbox 386 1031 482 1071; x_wconf 89' lang='lat' dir='ltr'>cujus</span> <span class='ocrx_word' id='word_1_68' title='bbox 511 1031 600 1062; x_wconf 89' lang='lat' dir='ltr'>filius</span> <span class='ocrx_word' id='word_1_69' title='bbox 638 1029 735 1068; x_wconf 90' lang='lat' dir='ltr'>obiit,</span> <span class='ocrx_word' id='word_1_70' title='bbox 774 1037 915 1070; x_wconf 84' lang='lat' dir='ltr'>quaeque</span> 
     </span>
     <span class='ocr_line' id='line_1_14' title="bbox 219 1077 915 1119; baseline -0.006 -7"><span class='ocrx_word' id='word_1_71' title='bbox 219 1081 290 1113; x_wconf 86' lang='lat' dir='ltr'>filio</span> <span class='ocrx_word' id='word_1_72' title='bbox 305 1081 425 1112; x_wconf 88' lang='lat' dir='ltr'>orbata</span> <span class='ocrx_word' id='word_1_73' title='bbox 440 1080 516 1112; x_wconf 87' lang='lat' dir='ltr'>fuit.</span> <span class='ocrx_word' id='word_1_74' title='bbox 559 1079 638 1111; x_wconf 90' lang='lat' dir='ltr'>Vid.</span> <span class='ocrx_word' id='word_1_75' title='bbox 655 1089 688 1119; x_wconf 90' lang='lat' dir='ltr'>p.</span> <span class='ocrx_word' id='word_1_76' title='bbox 703 1081 776 1110; x_wconf 83' lang='lat'>682.</span> <span class='ocrx_word' id='word_1_77' title='bbox 803 1077 915 1118; x_wconf 85' lang='lat' dir='ltr'>operis</span> 
     </span>
     <span class='ocr_line' id='line_1_15' title="bbox 221 1127 914 1163; baseline -0.006 -1"><span class='ocrx_word' id='word_1_78' title='bbox 221 1131 429 1163; x_wconf 86' lang='lat' dir='ltr'>Gruteriani.</span> <span class='ocrx_word' id='word_1_79' title='bbox 470 1131 543 1162; x_wconf 85' lang='lat' dir='ltr'>Vor.</span> <span class='ocrx_word' id='word_1_80' title='bbox 587 1130 716 1160; x_wconf 86' lang='lat' dir='ltr'>Putant</span> <span class='ocrx_word' id='word_1_81' title='bbox 746 1127 914 1159; x_wconf 83' lang='lat' dir='ltr'>scribend.</span> 
     </span>
     <span class='ocr_line' id='line_1_16' title="bbox 214 1179 916 1221; baseline -0.009 -8"><span class='ocrx_word' id='word_1_82' title='bbox 214 1182 244 1221; x_wconf 81' lang='lat' dir='ltr'>j.</span> <span class='ocrx_word' id='word_1_83' title='bbox 269 1191 305 1212; x_wconf 80' lang='lat' dir='ltr'>ac</span> <span class='ocrx_word' id='word_1_84' title='bbox 319 1182 469 1212; x_wconf 80' lang='lat' dir='ltr'>desolatus</span> <span class='ocrx_word' id='word_1_85' title='bbox 478 1192 490 1218; x_wconf 89' lang='lat'><em>;</em></span> <span class='ocrx_word' id='word_1_86' title='bbox 513 1180 626 1211; x_wconf 77' lang='lat' dir='ltr'>Vorst.</span> <span class='ocrx_word' id='word_1_87' title='bbox 641 1179 674 1209; x_wconf 91' lang='lat' dir='ltr'>in</span> <span class='ocrx_word' id='word_1_88' title='bbox 691 1183 820 1210; x_wconf 86' lang='lat' dir='ltr'>textum</span> <span class='ocrx_word' id='word_1_89' title='bbox 836 1187 916 1219; x_wconf 89' lang='lat' dir='ltr'>quo-</span> 
     </span>
     <span class='ocr_line' id='line_1_17' title="bbox 222 1229 918 1272; baseline -0.007 -9"><span class='ocrx_word' id='word_1_90' title='bbox 222 1241 287 1272; x_wconf 89' lang='lat' dir='ltr'>que</span> <span class='ocrx_word' id='word_1_91' title='bbox 298 1230 518 1262; x_wconf 88' lang='lat' dir='ltr'>transsumsit.</span> <span class='ocrx_word' id='word_1_92' title='bbox 545 1229 707 1270; x_wconf 85' lang='lat' dir='ltr'>Explicat</span> <span class='ocrx_word' id='word_1_93' title='bbox 720 1233 832 1259; x_wconf 87' lang='lat' dir='ltr'>autem</span> <span class='ocrx_word' id='word_1_94' title='bbox 845 1237 918 1268; x_wconf 80' lang='lat' dir='ltr'>per,</span> 
     </span>
     <span class='ocr_line' id='line_1_18' title="bbox 223 1279 918 1320; baseline -0.006 -8"><span class='ocrx_word' id='word_1_95' title='bbox 223 1281 382 1320; x_wconf 89' lang='lat' dir='ltr'>nudatus,</span> <span class='ocrx_word' id='word_1_96' title='bbox 399 1285 521 1312; x_wconf 86' lang='lat' dir='ltr'>exutus</span> <span class='ocrx_word' id='word_1_97' title='bbox 535 1280 700 1318; x_wconf 88' lang='lat' dir='ltr'>exercitu,</span> <span class='ocrx_word' id='word_1_98' title='bbox 715 1279 849 1319; x_wconf 85' lang='lat' dir='ltr'>castris,</span> <span class='ocrx_word' id='word_1_99' title='bbox 864 1288 918 1309; x_wconf 90' lang='lat' dir='ltr'>co-</span> 
     </span>
     <span class='ocr_line' id='line_1_19' title="bbox 222 1329 916 1371; baseline -0.006 -9"><span class='ocrx_word' id='word_1_100' title='bbox 222 1331 286 1371; x_wconf 88' lang='lat' dir='ltr'>piis</span> <span class='ocrx_word' id='word_1_101' title='bbox 310 1331 477 1362; x_wconf 87' lang='lat' dir='ltr'>omnibus.</span> <span class='ocrx_word' id='word_1_102' title='bbox 522 1329 627 1371; x_wconf 92' lang='lat' dir='ltr'>Atqui</span> <span class='ocrx_word' id='word_1_103' title='bbox 652 1329 715 1360; x_wconf 89' lang='lat' dir='ltr'>hoc</span> <span class='ocrx_word' id='word_1_104' title='bbox 741 1329 775 1359; x_wconf 88' lang='lat' dir='ltr'>in</span> <span class='ocrx_word' id='word_1_105' title='bbox 801 1329 916 1359; x_wconf 85' lang='lat' dir='ltr'>Croeso</span> 
     </span>
     <span class='ocr_line' id='line_1_20' title="bbox 222 1379 917 1420; baseline -0.003 -9"><span class='ocrx_word' id='word_1_106' title='bbox 222 1380 355 1412; x_wconf 87' lang='lat' dir='ltr'>falsum.</span> <span class='ocrx_word' id='word_1_107' title='bbox 400 1381 515 1412; x_wconf 86' lang='lat' dir='ltr'>Docet</span> <span class='ocrx_word' id='word_1_108' title='bbox 532 1381 605 1420; x_wconf 88' lang='lat' dir='ltr'>ipse</span> <span class='ocrx_word' id='word_1_109' title='bbox 623 1380 762 1417; x_wconf 82' lang='lat' dir='ltr'>Noster,</span> <span class='ocrx_word' id='word_1_110' title='bbox 784 1379 917 1420; x_wconf 89' lang='lat' dir='ltr'>quando</span> 
     </span>
     <span class='ocr_line' id='line_1_21' title="bbox 225 1429 918 1472; baseline -0.003 -10"><span class='ocrx_word' id='word_1_111' title='bbox 225 1431 414 1462; x_wconf 82' lang='lat' dir='ltr'>exercitum</span> <span class='ocrx_word' id='word_1_112' title='bbox 439 1431 544 1472; x_wconf 84' lang='lat' dir='ltr'>ipsius</span> <span class='ocrx_word' id='word_1_113' title='bbox 570 1430 689 1461; x_wconf 84' lang='lat' dir='ltr'>scribit</span> <span class='ocrx_word' id='word_1_114' title='bbox 713 1429 815 1461; x_wconf 89' lang='lat' dir='ltr'>fuisse</span> <span class='ocrx_word' id='word_1_115' title='bbox 843 1439 918 1470; x_wconf 90' lang='lat' dir='ltr'>per-</span> 
     </span>
     <span class='ocr_line' id='line_1_22' title="bbox 226 1479 918 1520; baseline 0 -10"><span class='ocrx_word' id='word_1_116' title='bbox 226 1481 354 1511; x_wconf 88' lang='lat' dir='ltr'>culsum</span> <span class='ocrx_word' id='word_1_117' title='bbox 375 1479 512 1511; x_wconf 87' lang='lat' dir='ltr'>fortuna</span> <span class='ocrx_word' id='word_1_118' title='bbox 535 1480 652 1520; x_wconf 85' lang='lat' dir='ltr'>prioris</span> <span class='ocrx_word' id='word_1_119' title='bbox 676 1479 796 1520; x_wconf 80' lang='lat' dir='ltr'>praelii.</span> <span class='ocrx_word' id='word_1_120' title='bbox 842 1480 918 1510; x_wconf 89' lang='lat' dir='ltr'>Hoc</span> 
     </span>
     <span class='ocr_line' id='line_1_23' title="bbox 226 1529 920 1570; baseline -0.003 -9"><span class='ocrx_word' id='word_1_121' title='bbox 226 1531 316 1561; x_wconf 84' lang='lat' dir='ltr'>enim</span> <span class='ocrx_word' id='word_1_122' title='bbox 342 1530 399 1560; x_wconf 85' lang='lat' dir='ltr'>vix</span> <span class='ocrx_word' id='word_1_123' title='bbox 425 1534 539 1570; x_wconf 87' lang='lat' dir='ltr'>potest</span> <span class='ocrx_word' id='word_1_124' title='bbox 564 1529 672 1570; x_wconf 83' lang='lat' dir='ltr'>accipi</span> <span class='ocrx_word' id='word_1_125' title='bbox 697 1529 740 1560; x_wconf 89' lang='lat' dir='ltr'>de</span> <span class='ocrx_word' id='word_1_126' title='bbox 767 1529 920 1560; x_wconf 86' lang='lat' dir='ltr'>exercitu</span> 
     </span>
     <span class='ocr_line' id='line_1_24' title="bbox 227 1579 920 1621; baseline -0.001 -11"><span class='ocrx_word' id='word_1_127' title='bbox 227 1581 328 1621; x_wconf 89' lang='lat' dir='ltr'>plane</span> <span class='ocrx_word' id='word_1_128' title='bbox 345 1580 410 1610; x_wconf 88' lang='lat' dir='ltr'>alio</span> <span class='ocrx_word' id='word_1_129' title='bbox 426 1585 461 1610; x_wconf 86' lang='lat' dir='ltr'>et</span> <span class='ocrx_word' id='word_1_130' title='bbox 475 1589 574 1618; x_wconf 91' lang='lat' dir='ltr'>novo,</span> <span class='ocrx_word' id='word_1_131' title='bbox 598 1579 656 1610; x_wconf 88' lang='lat' dir='ltr'>sed</span> <span class='ocrx_word' id='word_1_132' title='bbox 673 1579 716 1610; x_wconf 93' lang='lat' dir='ltr'>de</span> <span class='ocrx_word' id='word_1_133' title='bbox 732 1580 850 1618; x_wconf 88' lang='lat' dir='ltr'>veteri,</span> <span class='ocrx_word' id='word_1_134' title='bbox 863 1580 920 1620; x_wconf 90' lang='lat' dir='ltr'>qui</span> 
     </span>
     <span class='ocr_line' id='line_1_25' title="bbox 228 1629 921 1670; baseline -0.001 -9"><span class='ocrx_word' id='word_1_135' title='bbox 228 1631 331 1661; x_wconf 78' lang='lat' dir='ltr'>semel</span> <span class='ocrx_word' id='word_1_136' title='bbox 349 1630 391 1661; x_wconf 87' lang='lat' dir='ltr'>ab</span> <span class='ocrx_word' id='word_1_137' title='bbox 404 1630 500 1661; x_wconf 88' lang='lat' dir='ltr'>hoste</span> <span class='ocrx_word' id='word_1_138' title='bbox 516 1629 713 1670; x_wconf 83' lang='lat' dir='ltr'>profligatus</span> <span class='ocrx_word' id='word_1_139' title='bbox 731 1629 808 1660; x_wconf 87' lang='lat' dir='ltr'>fuit.</span> <span class='ocrx_word' id='word_1_140' title='bbox 847 1629 921 1660; x_wconf 86' lang='lat' dir='ltr'>Sus-</span> 
     </span>
     <span class='ocr_line' id='line_1_26' title="bbox 228 1679 923 1721; baseline 0.001 -11"><span class='ocrx_word' id='word_1_141' title='bbox 228 1680 341 1721; x_wconf 90' lang='lat' dir='ltr'>pendo</span> <span class='ocrx_word' id='word_1_142' title='bbox 365 1679 469 1720; x_wconf 84' lang='lat' dir='ltr'>igitur</span> <span class='ocrx_word' id='word_1_143' title='bbox 490 1680 599 1711; x_wconf 88' lang='lat' dir='ltr'>adhuc</span> <span class='ocrx_word' id='word_1_144' title='bbox 614 1689 783 1711; x_wconf 82' lang='lat' dir='ltr'>assensum</span> <span class='ocrx_word' id='word_1_145' title='bbox 800 1690 923 1720; x_wconf 84' lang='lat' dir='ltr'>meum,</span> 
     </span>
     <span class='ocr_line' id='line_1_27' title="bbox 230 1729 923 1770; baseline 0.001 -10"><span class='ocrx_word' id='word_1_146' title='bbox 230 1729 338 1760; x_wconf 82' lang='lat' dir='ltr'>donec</span> <span class='ocrx_word' id='word_1_147' title='bbox 354 1729 455 1760; x_wconf 87' lang='lat' dir='ltr'>lectio</span> <span class='ocrx_word' id='word_1_148' title='bbox 471 1729 535 1760; x_wconf 88' lang='lat' dir='ltr'>ista</span> <span class='ocrx_word' id='word_1_149' title='bbox 550 1729 647 1760; x_wconf 86' lang='lat' dir='ltr'>codd.</span> <span class='ocrx_word' id='word_1_150' title='bbox 664 1734 699 1760; x_wconf 90' lang='lat' dir='ltr'>et</span> <span class='ocrx_word' id='word_1_151' title='bbox 713 1729 862 1770; x_wconf 90' lang='lat' dir='ltr'>pluribus</span> <span class='ocrx_word' id='word_1_152' title='bbox 886 1734 923 1761; x_wconf 91' lang='lat' dir='ltr'>et</span> 
     </span>
     <span class='ocr_line' id='line_1_28' title="bbox 229 1778 922 1820; baseline 0.001 -11"><span class='ocrx_word' id='word_1_153' title='bbox 229 1779 423 1810; x_wconf 85' lang='lat' dir='ltr'>melioribus</span> <span class='ocrx_word' id='word_1_154' title='bbox 451 1778 553 1810; x_wconf 89' lang='lat' dir='ltr'>fuerit</span> <span class='ocrx_word' id='word_1_155' title='bbox 576 1778 722 1810; x_wconf 86' lang='lat' dir='ltr'>firmata.</span> <span class='ocrx_word' id='word_1_156' title='bbox 769 1779 814 1810; x_wconf 85' lang='lat' dir='ltr'>Et</span> <span class='ocrx_word' id='word_1_157' title='bbox 841 1789 922 1820; x_wconf 91' lang='lat' dir='ltr'>quo-</span> 
     </span>
     <span class='ocr_line' id='line_1_29' title="bbox 229 1829 924 1871; baseline 0.003 -12"><span class='ocrx_word' id='word_1_158' title='bbox 229 1829 318 1860; x_wconf 86' lang='lat' dir='ltr'>niam</span> <span class='ocrx_word' id='word_1_159' title='bbox 335 1829 433 1860; x_wconf 86' lang='lat' dir='ltr'>video</span> <span class='ocrx_word' id='word_1_160' title='bbox 448 1829 482 1859; x_wconf 90' lang='lat' dir='ltr'>in</span> <span class='ocrx_word' id='word_1_161' title='bbox 510 1829 664 1870; x_wconf 88' lang='lat' dir='ltr'>quibusd.</span> <span class='ocrx_word' id='word_1_162' title='bbox 693 1839 754 1870; x_wconf 89' lang='lat' dir='ltr'>pro</span> <span class='ocrx_word' id='word_1_163' title='bbox 769 1830 924 1871; x_wconf 76' lang='lat' dir='ltr'>rictusque</span> 
     </span>
     <span class='ocr_line' id='line_1_30' title="bbox 230 1879 924 1922; baseline 0.003 -13"><span class='ocrx_word' id='word_1_164' title='bbox 230 1879 297 1920; x_wconf 87' lang='lat' dir='ltr'>legi</span> <span class='ocrx_word' id='word_1_165' title='bbox 313 1879 472 1920; x_wconf 77' lang='lat' dir='ltr'>victisque,</span> <span class='ocrx_word' id='word_1_166' title='bbox 487 1879 658 1920; x_wconf 87' lang='lat' dir='ltr'>cogitand.</span> <span class='ocrx_word' id='word_1_167' title='bbox 673 1880 745 1910; x_wconf 83' lang='lat' dir='ltr'>aliis</span> <span class='ocrx_word' id='word_1_168' title='bbox 759 1880 924 1922; x_wconf 89' lang='lat' dir='ltr'>relinquo,</span> 
     </span>
     <span class='ocr_line' id='line_1_31' title="bbox 231 1930 929 1972; baseline 0.004 -12"><span class='ocrx_word' id='word_1_169' title='bbox 231 1939 273 1961; x_wconf 88' lang='lat' dir='ltr'>au</span> <span class='ocrx_word' id='word_1_170' title='bbox 289 1940 354 1961; x_wconf 92' lang='lat' dir='ltr'>non</span> <span class='ocrx_word' id='word_1_171' title='bbox 370 1930 550 1971; x_wconf 87' lang='lat' dir='ltr'>scripserit</span> <span class='ocrx_word' id='word_1_172' title='bbox 572 1932 709 1971; x_wconf 83' lang='lat' dir='ltr'>Noster,</span> <span class='ocrx_word' id='word_1_173' title='bbox 730 1932 877 1972; x_wconf 72' lang='lat' dir='ltr'>victisque</span> <span class='ocrx_word' id='word_1_174' title='bbox 893 1932 929 1971; x_wconf 67' lang='lat' dir='ltr'>j?</span> 
     </span>
     <span class='ocr_line' id='line_1_32' title="bbox 231 1980 924 2021; baseline 0.003 -11"><span class='ocrx_word' id='word_1_175' title='bbox 231 1989 267 2010; x_wconf 79' lang='lat' dir='ltr'>ac</span> <span class='ocrx_word' id='word_1_176' title='bbox 292 1980 445 2016; x_wconf 78' lang='lat' dir='ltr'>desolatis,</span> <span class='ocrx_word' id='word_1_177' title='bbox 471 1980 505 2010; x_wconf 84' lang='lat' dir='ltr'>in</span> <span class='ocrx_word' id='word_1_178' title='bbox 528 1990 656 2020; x_wconf 80' lang='lat' dir='ltr'>regnum</span> <span class='ocrx_word' id='word_1_179' title='bbox 671 1980 806 2021; x_wconf 81' lang='lat' dir='ltr'>refugit,</span> <span class='ocrx_word' id='word_1_180' title='bbox 829 1986 866 2012; x_wconf 91' lang='lat' dir='ltr'>ut</span> <span class='ocrx_word' id='word_1_181' title='bbox 882 1981 924 2012; x_wconf 90' lang='lat' dir='ltr'>ad</span> 
     </span>
     <span class='ocr_line' id='line_1_33' title="bbox 230 2030 924 2072; baseline 0.004 -12"><span class='ocrx_word' id='word_1_182' title='bbox 230 2030 436 2071; x_wconf 87' lang='lat' dir='ltr'>Babylonios</span> <span class='ocrx_word' id='word_1_183' title='bbox 450 2030 633 2070; x_wconf 88' lang='lat' dir='ltr'>referatur,</span> <span class='ocrx_word' id='word_1_184' title='bbox 655 2031 766 2072; x_wconf 89' lang='lat' dir='ltr'>sitque</span> <span class='ocrx_word' id='word_1_185' title='bbox 787 2041 924 2063; x_wconf 85' lang='lat' dir='ltr'>sensus:</span> 
     </span>
     <span class='ocr_line' id='line_1_34' title="bbox 231 2080 927 2121; baseline 0.003 -10"><span class='ocrx_word' id='word_1_186' title='bbox 231 2080 439 2120; x_wconf 87' lang='lat' dir='ltr'>Babylonios</span> <span class='ocrx_word' id='word_1_187' title='bbox 454 2080 512 2112; x_wconf 89' lang='lat' dir='ltr'>illo</span> <span class='ocrx_word' id='word_1_188' title='bbox 527 2081 646 2121; x_wconf 60' lang='lat' dir='ltr'>praelio</span> <span class='ocrx_word' id='word_1_189' title='bbox 671 2081 720 2112; x_wconf 88' lang='lat' dir='ltr'>sic</span> <span class='ocrx_word' id='word_1_190' title='bbox 746 2080 850 2112; x_wconf 88' lang='lat' dir='ltr'>fuisse</span> <span class='ocrx_word' id='word_1_191' title='bbox 875 2080 927 2113; x_wconf 90' lang='lat' dir='ltr'>fu·</span> 
     </span>
     <span class='ocr_line' id='line_1_35' title="bbox 232 2132 925 2172; baseline 0.003 -11"><span class='ocrx_word' id='word_1_192' title='bbox 232 2139 286 2162; x_wconf 84' lang='lat' dir='ltr'>sos</span> <span class='ocrx_word' id='word_1_193' title='bbox 302 2140 488 2172; x_wconf 82' lang='lat' dir='ltr'>caesosque,</span> <span class='ocrx_word' id='word_1_194' title='bbox 510 2135 549 2162; x_wconf 90' lang='lat' dir='ltr'>ut</span> <span class='ocrx_word' id='word_1_195' title='bbox 563 2132 654 2162; x_wconf 89' lang='lat' dir='ltr'>nulla</span> <span class='ocrx_word' id='word_1_196' title='bbox 675 2141 754 2172; x_wconf 80' lang='lat' dir='ltr'>spes</span> <span class='ocrx_word' id='word_1_197' title='bbox 776 2132 857 2172; x_wconf 80' lang='lat' dir='ltr'>ipsis</span> <span class='ocrx_word' id='word_1_198' title='bbox 873 2141 925 2163; x_wconf 88' lang='lat' dir='ltr'>re-</span> 
     </span>
     <span class='ocr_line' id='line_1_36' title="bbox 231 2180 927 2222; baseline 0.001 -11"><span class='ocrx_word' id='word_1_199' title='bbox 231 2181 444 2222; x_wconf 87' lang='lat' dir='ltr'>linqueretur</span> <span class='ocrx_word' id='word_1_200' title='bbox 455 2180 711 2213; x_wconf 89' lang='lat' dir='ltr'>reficieudarum</span> <span class='ocrx_word' id='word_1_201' title='bbox 722 2182 854 2213; x_wconf 87' lang='lat' dir='ltr'>virium.</span> <span class='ocrx_word' id='word_1_202' title='bbox 871 2182 927 2213; x_wconf 92' lang='lat' dir='ltr'>Id-</span> 
     </span>
     <span class='ocr_line' id='line_1_37' title="bbox 234 2231 927 2273; baseline 0 -10"><span class='ocrx_word' id='word_1_203' title='bbox 234 2231 323 2263; x_wconf 90' lang='lat' dir='ltr'>circo</span> <span class='ocrx_word' id='word_1_204' title='bbox 352 2231 504 2263; x_wconf 84' lang='lat' dir='ltr'>Croesum</span> <span class='ocrx_word' id='word_1_205' title='bbox 529 2242 595 2263; x_wconf 87' lang='lat' dir='ltr'>non</span> <span class='ocrx_word' id='word_1_206' title='bbox 626 2232 777 2272; x_wconf 86' lang='lat' dir='ltr'>potuisse</span> <span class='ocrx_word' id='word_1_207' title='bbox 798 2233 927 2273; x_wconf 85' lang='lat' dir='ltr'>longius</span> 
     </span>
     <span class='ocr_line' id='line_1_38' title="bbox 235 2281 927 2324; baseline 0.003 -12"><span class='ocrx_word' id='word_1_208' title='bbox 235 2281 359 2313; x_wconf 78' lang='lat' dir='ltr'>auxilio</span> <span class='ocrx_word' id='word_1_209' title='bbox 375 2282 421 2313; x_wconf 86' lang='lat' dir='ltr'>eis</span> <span class='ocrx_word' id='word_1_210' title='bbox 438 2292 524 2322; x_wconf 87' lang='lat' dir='ltr'>esse,</span> <span class='ocrx_word' id='word_1_211' title='bbox 540 2283 613 2323; x_wconf 85' lang='lat' dir='ltr'>sed,</span> <span class='ocrx_word' id='word_1_212' title='bbox 633 2283 721 2324; x_wconf 90' lang='lat' dir='ltr'>quod</span> <span class='ocrx_word' id='word_1_213' title='bbox 736 2293 777 2314; x_wconf 86' lang='lat' dir='ltr'>ex</span> <span class='ocrx_word' id='word_1_214' title='bbox 794 2294 854 2314; x_wconf 89' lang='lat' dir='ltr'>suo</span> <span class='ocrx_word' id='word_1_215' title='bbox 870 2294 927 2315; x_wconf 87' lang='lat' dir='ltr'>ex-</span> 
     </span>
     <span class='ocr_line' id='line_1_39' title="bbox 234 2332 927 2374; baseline 0.001 -11"><span class='ocrx_word' id='word_1_216' title='bbox 234 2333 343 2364; x_wconf 88' lang='lat' dir='ltr'>ercitu</span> <span class='ocrx_word' id='word_1_217' title='bbox 359 2332 447 2364; x_wconf 88' lang='lat' dir='ltr'>cladi</span> <span class='ocrx_word' id='word_1_218' title='bbox 463 2332 688 2374; x_wconf 89' lang='lat' dir='ltr'>superfuerat,</span> <span class='ocrx_word' id='word_1_219' title='bbox 701 2333 736 2364; x_wconf 92' lang='lat' dir='ltr'>id</span> <span class='ocrx_word' id='word_1_220' title='bbox 753 2333 927 2365; x_wconf 87' lang='lat' dir='ltr'>reduxisse</span> 
     </span>
     <span class='ocr_line' id='line_1_40' title="bbox 235 2382 508 2421; baseline 0.004 -7"><span class='ocrx_word' id='word_1_221' title='bbox 235 2382 381 2415; x_wconf 88' lang='lat' dir='ltr'>domum.</span> <span class='ocrx_word' id='word_1_222' title='bbox 403 2383 508 2421; x_wconf 82' lang='lat' dir='ltr'>Schef.</span> 
     </span>
    </p>

    <p class='ocr_par' dir='ltr' id='par_1_3' title="bbox 238 2433 933 2764">
     <span class='ocr_line' id='line_1_41' title="bbox 279 2433 928 2474; baseline 0.003 -10"><span class='ocrx_word' id='word_1_223' title='bbox 279 2434 296 2473; x_wconf 60' lang='grc' dir='ltr'>ξ</span> <span class='ocrx_word' id='word_1_224' title='bbox 323 2436 342 2464; x_wconf 92' lang='grc'><em>5</em></span> <span class='ocrx_word' id='word_1_225' title='bbox 367 2433 563 2474; x_wconf 76' lang='lat' dir='ltr'>Perculsum]</span> <span class='ocrx_word' id='word_1_226' title='bbox 586 2433 642 2465; x_wconf 90' lang='lat' dir='ltr'>Sic</span> <span class='ocrx_word' id='word_1_227' title='bbox 667 2433 728 2465; x_wconf 92' lang='lat' dir='ltr'>inf.</span> <span class='ocrx_word' id='word_1_228' title='bbox 756 2443 795 2466; x_wconf 86' lang='lat'>11.</span> <span class='ocrx_word' id='word_1_229' title='bbox 820 2438 870 2466; x_wconf 84' lang='lat'>13.</span> <span class='ocrx_word' id='word_1_230' title='bbox 899 2438 928 2466; x_wconf 90' lang='lat' dir='ltr'>l.</span> 
     </span>
     <span class='ocr_line' id='line_1_42' title="bbox 238 2483 930 2524; baseline 0.004 -11"><span class='ocrx_word' id='word_1_231' title='bbox 238 2483 331 2514; x_wconf 88' lang='lat' dir='ltr'>Male</span> <span class='ocrx_word' id='word_1_232' title='bbox 349 2483 476 2523; x_wconf 86' lang='lat' dir='ltr'>vulgati</span> <span class='ocrx_word' id='word_1_233' title='bbox 497 2494 684 2524; x_wconf 82' lang='lat' dir='ltr'>percussum.</span> <span class='ocrx_word' id='word_1_234' title='bbox 727 2485 783 2515; x_wconf 89' lang='lat' dir='ltr'>De</span> <span class='ocrx_word' id='word_1_235' title='bbox 807 2494 844 2516; x_wconf 88' lang='lat' dir='ltr'>re</span> <span class='ocrx_word' id='word_1_236' title='bbox 860 2485 930 2516; x_wconf 88' lang='lat' dir='ltr'>vid.</span> 
     </span>
     <span class='ocr_line' id='line_1_43' title="bbox 239 2533 930 2567; baseline 0.006 -4"><span class='ocrx_word' id='word_1_237' title='bbox 239 2533 379 2564; x_wconf 82' lang='lat' dir='ltr'>Gruteri</span> <span class='ocrx_word' id='word_1_238' title='bbox 401 2533 494 2565; x_wconf 88' lang='lat' dir='ltr'>Diss.</span> <span class='ocrx_word' id='word_1_239' title='bbox 517 2543 589 2565; x_wconf 79' lang='lat' dir='ltr'>xrv.</span> <span class='ocrx_word' id='word_1_240' title='bbox 607 2535 649 2565; x_wconf 88' lang='lat' dir='ltr'>ad</span> <span class='ocrx_word' id='word_1_241' title='bbox 672 2535 750 2566; x_wconf 88' lang='lat' dir='ltr'>Tac.</span> <span class='ocrx_word' id='word_1_242' title='bbox 769 2535 813 2567; x_wconf 89' lang='lat' dir='ltr'>H.</span> <span class='ocrx_word' id='word_1_243' title='bbox 828 2545 862 2567; x_wconf 90' lang='lat' dir='ltr'>v.</span> <span class='ocrx_word' id='word_1_244' title='bbox 879 2539 930 2567; x_wconf 86' lang='lat'>16.</span> 
     </span>
     <span class='ocr_line' id='line_1_44' title="bbox 238 2583 931 2627; baseline 0.004 -13"><span class='ocrx_word' id='word_1_245' title='bbox 238 2583 248 2600; x_wconf 92' lang='lat'>‘</span> <span class='ocrx_word' id='word_1_246' title='bbox 271 2583 471 2624; x_wconf 84' lang='lat' dir='ltr'>Superesse,</span> <span class='ocrx_word' id='word_1_247' title='bbox 498 2585 552 2625; x_wconf 91' lang='lat' dir='ltr'>qui</span> <span class='ocrx_word' id='word_1_248' title='bbox 579 2583 692 2624; x_wconf 82' lang='lat' dir='ltr'>fugam</span> <span class='ocrx_word' id='word_1_249' title='bbox 721 2585 849 2626; x_wconf 87' lang='lat' dir='ltr'>animis,</span> <span class='ocrx_word' id='word_1_250' title='bbox 874 2587 931 2627; x_wconf 89' lang='lat' dir='ltr'>qui</span> 
     </span>
     <span class='ocr_line' id='line_1_45' title="bbox 239 2634 931 2675; baseline 0.001 -10"><span class='ocrx_word' id='word_1_251' title='bbox 239 2634 379 2665; x_wconf 83' lang='lat' dir='ltr'>vulnera</span> <span class='ocrx_word' id='word_1_252' title='bbox 403 2638 511 2675; x_wconf 84' lang='lat' dir='ltr'>tergo,</span> <span class='ocrx_word' id='word_1_253' title='bbox 547 2634 685 2666; x_wconf 85' lang='lat' dir='ltr'>ferant.&#39;</span> <span class='ocrx_word' id='word_1_254' title='bbox 740 2635 830 2666; x_wconf 86' lang='lat' dir='ltr'>Add.</span> <span class='ocrx_word' id='word_1_255' title='bbox 859 2636 931 2667; x_wconf 93' lang='lat' dir='ltr'>Liv.</span> 
     </span>
     <span class='ocr_line' id='line_1_46' title="bbox 241 2686 933 2718; baseline 0.006 -5"><span class='ocrx_word' id='word_1_256' title='bbox 241 2692 323 2714; x_wconf 87' lang='lat' dir='ltr'>vm.</span> <span class='ocrx_word' id='word_1_257' title='bbox 344 2687 396 2715; x_wconf 86' lang='grc'><strong>16.</strong></span> <span class='ocrx_word' id='word_1_258' title='bbox 413 2686 444 2715; x_wconf 90' lang='grc'>6.</span> <span class='ocrx_word' id='word_1_259' title='bbox 467 2692 580 2716; x_wconf 84' lang='lat' dir='ltr'><strong>xxxv.</strong></span> <span class='ocrx_word' id='word_1_260' title='bbox 605 2687 636 2716; x_wconf 89' lang='lat'>2.</span> <span class='ocrx_word' id='word_1_261' title='bbox 653 2687 684 2717; x_wconf 82' lang='lat'>3.</span> <span class='ocrx_word' id='word_1_262' title='bbox 709 2694 868 2718; x_wconf 83' lang='lat' dir='ltr'>xxxvm.</span> <span class='ocrx_word' id='word_1_263' title='bbox 882 2689 933 2718; x_wconf 91' lang='grc'><strong>26.</strong></span> 
     </span>
     <span class='ocr_line' id='line_1_47' title="bbox 241 2733 395 2764; baseline 0 0"><span class='ocrx_word' id='word_1_264' title='bbox 241 2736 274 2764; x_wconf 81' lang='grc'><strong>7.</strong></span> <span class='ocrx_word' id='word_1_265' title='bbox 297 2733 395 2764; x_wconf 82' lang='lat' dir='ltr'>Rern.</span> 
     </span>
    </p>

    <p class='ocr_par' dir='ltr' id='par_1_4' title="bbox 242 2784 936 3041">
     <span class='ocr_line' id='line_1_48' title="bbox 288 2784 935 2824; baseline 0.003 -9"><span class='ocrx_word' id='word_1_266' title='bbox 288 2785 393 2824; x_wconf 83' lang='lat' dir='ltr'>Nullo,</span> <span class='ocrx_word' id='word_1_267' title='bbox 407 2784 474 2824; x_wconf 53' lang='grc' dir='ltr'>ξω]</span> <span class='ocrx_word' id='word_1_268' title='bbox 499 2784 597 2816; x_wconf 85' lang='lat' dir='ltr'>oros.</span> <span class='ocrx_word' id='word_1_269' title='bbox 614 2794 669 2816; x_wconf 88' lang='lat'>111.</span> <span class='ocrx_word' id='word_1_270' title='bbox 692 2788 720 2816; x_wconf 94' lang='grc'><strong>1.</strong></span> <span class='ocrx_word' id='word_1_271' title='bbox 743 2786 752 2802; x_wconf 86' lang='lat'>‘</span> <span class='ocrx_word' id='word_1_272' title='bbox 769 2785 935 2817; x_wconf 82' lang='lat' dir='ltr'>Putantes</span> 
     </span>
     <span class='ocr_line' id='line_1_49' title="bbox 242 2835 935 2875; baseline 0.001 -10"><span class='ocrx_word' id='word_1_273' title='bbox 242 2843 278 2865; x_wconf 76' lang='lat' dir='ltr'>se</span> <span class='ocrx_word' id='word_1_274' title='bbox 300 2844 442 2866; x_wconf 89' lang='lat' dir='ltr'>vacuam</span> <span class='ocrx_word' id='word_1_275' title='bbox 464 2835 622 2875; x_wconf 81' lang='lat' dir='ltr'>praesidio</span> <span class='ocrx_word' id='word_1_276' title='bbox 644 2835 817 2866; x_wconf 89' lang='lat' dir='ltr'>civitatem</span> <span class='ocrx_word' id='word_1_277' title='bbox 843 2837 935 2867; x_wconf 89' lang='lat' dir='ltr'>nullo</span> 
     </span>
     <span class='ocr_line' id='line_1_50' title="bbox 243 2883 936 2927; baseline 0.006 -13"><span class='ocrx_word' id='word_1_278' title='bbox 243 2883 426 2915; x_wconf 84' lang='lat' dir='ltr'>intraturos</span> <span class='ocrx_word' id='word_1_279' title='bbox 451 2885 613 2926; x_wconf 84' lang='lat' dir='ltr'>negotio.&#39;</span> <span class='ocrx_word' id='word_1_280' title='bbox 669 2885 759 2917; x_wconf 88' lang='lat' dir='ltr'>Saxo</span> <span class='ocrx_word' id='word_1_281' title='bbox 789 2895 871 2917; x_wconf 82' lang='lat' dir='ltr'>xm.</span> <span class='ocrx_word' id='word_1_282' title='bbox 903 2897 936 2927; x_wconf 88' lang='lat' dir='ltr'>p.</span> 
     </span>
     <span class='ocr_line' id='line_1_51' title="bbox 245 2935 935 2977; baseline 0.006 -13"><span class='ocrx_word' id='word_1_283' title='bbox 245 2935 319 2964; x_wconf 78' lang='grc'><strong>242.</strong></span> <span class='ocrx_word' id='word_1_284' title='bbox 333 2936 386 2966; x_wconf 85' lang='lat'>31.</span> <span class='ocrx_word' id='word_1_285' title='bbox 407 2935 416 2951; x_wconf 91' lang='lat'>‘</span> <span class='ocrx_word' id='word_1_286' title='bbox 432 2935 560 2966; x_wconf 84' lang='lat' dir='ltr'>Hostes</span> <span class='ocrx_word' id='word_1_287' title='bbox 573 2935 666 2966; x_wconf 90' lang='lat' dir='ltr'>nullo</span> <span class='ocrx_word' id='word_1_288' title='bbox 681 2944 758 2975; x_wconf 82' lang='lat' dir='ltr'>neg.</span> <span class='ocrx_word' id='word_1_289' title='bbox 774 2935 935 2977; x_wconf 84' lang='lat' dir='ltr'>fugavit:&#39;</span> 
     </span>
     <span class='ocr_line' id='line_1_52' title="bbox 248 2985 936 3041; baseline 0.006 -27"><span class='ocrx_word' id='word_1_290' title='bbox 248 2992 321 3041; x_wconf 57' lang='lat' dir='ltr'>xry.</span> <span class='ocrx_word' id='word_1_291' title='bbox 340 2993 371 3024; x_wconf 91' lang='lat' dir='ltr'>p.</span> <span class='ocrx_word' id='word_1_292' title='bbox 383 2987 457 3017; x_wconf 74' lang='lat'>343.</span> <span class='ocrx_word' id='word_1_293' title='bbox 474 2987 504 3016; x_wconf 86' lang='lat' dir='ltr'>l.</span> <span class='ocrx_word' id='word_1_294' title='bbox 527 2985 536 3002; x_wconf 90' lang='lat'>‘</span> <span class='ocrx_word' id='word_1_295' title='bbox 548 2985 656 3026; x_wconf 81' lang='lat' dir='ltr'>Terga</span> <span class='ocrx_word' id='word_1_296' title='bbox 670 2990 841 3017; x_wconf 86' lang='lat' dir='ltr'>vertentes</span> <span class='ocrx_word' id='word_1_297' title='bbox 857 2996 890 3017; x_wconf 92' lang='lat' dir='ltr'>n.</span> <span class='ocrx_word' id='word_1_298' title='bbox 906 2997 936 3019; x_wconf 85' lang='lat' dir='ltr'>n.</span> 
     </span>
    </p>
   </div>
   <div class='ocr_carea' id='block_1_3' title="bbox 1572 365 1657 407">
    <p class='ocr_par' dir='ltr' id='par_1_5' title="bbox 1572 365 1657 407">
     <span class='ocr_line' id='line_1_53' title="bbox 1572 365 1657 407; baseline -0.024 0"><span class='ocrx_word' id='word_1_299' title='bbox 1572 365 1657 407; x_wconf 82' lang='lat'>635</span> 
     </span>
    </p>
   </div>
   <div class='ocr_carea' id='block_1_4' title="bbox 957 482 1680 3016">
    <p class='ocr_par' dir='ltr' id='par_1_6' title="bbox 969 482 1094 514">
     <span class='ocr_line' id='line_1_54' title="bbox 969 482 1094 514; baseline -0.008 0"><span class='ocrx_word' id='word_1_300' title='bbox 969 482 1094 514; x_wconf 88' lang='lat' dir='ltr'>undit.&#39;</span> 
     </span>
    </p>

    <p class='ocr_par' dir='ltr' id='par_1_7' title="bbox 957 529 1657 614">
     <span class='ocr_line' id='line_1_55' title="bbox 1001 529 1657 573; baseline -0.008 -9"><span class='ocrx_word' id='word_1_301' title='bbox 1001 534 1018 573; x_wconf 57' lang='grc' dir='ltr'>ς</span> <span class='ocrx_word' id='word_1_302' title='bbox 1033 536 1053 564; x_wconf 88' lang='grc'>6</span> <span class='ocrx_word' id='word_1_303' title='bbox 1080 533 1180 564; x_wconf 84' lang='lat' dir='ltr'>Tanto</span> <span class='ocrx_word' id='word_1_304' title='bbox 1197 533 1226 562; x_wconf 78' lang='lat' dir='ltr'>el</span> <span class='ocrx_word' id='word_1_305' title='bbox 1243 529 1364 570; x_wconf 74' lang='lat' dir='ltr'>mitior]</span> <span class='ocrx_word' id='word_1_306' title='bbox 1388 529 1480 561; x_wconf 86' lang='lat' dir='ltr'>Flor.</span> <span class='ocrx_word' id='word_1_307' title='bbox 1495 536 1537 560; x_wconf 87' lang='lat'>11.</span> <span class='ocrx_word' id='word_1_308' title='bbox 1555 531 1586 560; x_wconf 88' lang='grc'>8.</span> <span class='ocrx_word' id='word_1_309' title='bbox 1603 530 1657 560; x_wconf 85' lang='grc'><strong>26.</strong></span> 
     </span>
     <span class='ocr_line' id='line_1_56' title="bbox 957 583 1058 614; baseline -0.01 0"><span class='ocrx_word' id='word_1_310' title='bbox 957 583 1058 614; x_wconf 80' lang='lat' dir='ltr'>Bern.</span> 
     </span>
    </p>

    <p class='ocr_par' dir='ltr' id='par_1_8' title="bbox 960 626 1680 3016">
     <span class='ocr_line' id='line_1_57' title="bbox 1001 626 1659 672; baseline -0.009 -10"><span class='ocrx_word' id='word_1_311' title='bbox 1001 633 1018 672; x_wconf 53' lang='grc' dir='ltr'><strong>ξ</strong></span> <span class='ocrx_word' id='word_1_312' title='bbox 1035 634 1054 662; x_wconf 87' lang='lat'>7</span> <span class='ocrx_word' id='word_1_313' title='bbox 1084 630 1165 662; x_wconf 79' lang='lat' dir='ltr'>Urbs</span> <span class='ocrx_word' id='word_1_314' title='bbox 1180 629 1296 669; x_wconf 83' lang='lat' dir='ltr'>Barce]</span> <span class='ocrx_word' id='word_1_315' title='bbox 1321 628 1425 659; x_wconf 85' lang='lat' dir='ltr'>Barce</span> <span class='ocrx_word' id='word_1_316' title='bbox 1441 630 1494 658; x_wconf 90' lang='lat' dir='ltr'>est</span> <span class='ocrx_word' id='word_1_317' title='bbox 1514 627 1547 658; x_wconf 90' lang='lat' dir='ltr'>in</span> <span class='ocrx_word' id='word_1_318' title='bbox 1569 626 1659 657; x_wconf 84' lang='lat' dir='ltr'>Afri-</span> 
     </span>
     <span class='ocr_line' id='line_1_58' title="bbox 960 676 1661 721; baseline -0.01 -8"><span class='ocrx_word' id='word_1_319' title='bbox 960 692 1014 721; x_wconf 90' lang='lat' dir='ltr'>ca,</span> <span class='ocrx_word' id='word_1_320' title='bbox 1047 680 1278 721; x_wconf 86' lang='lat' dir='ltr'>Pentapoleos</span> <span class='ocrx_word' id='word_1_321' title='bbox 1307 677 1468 718; x_wconf 90' lang='lat' dir='ltr'>oppidum</span> <span class='ocrx_word' id='word_1_322' title='bbox 1495 677 1529 707; x_wconf 91' lang='lat' dir='ltr'>in</span> <span class='ocrx_word' id='word_1_323' title='bbox 1557 676 1661 716; x_wconf 84' lang='lat' dir='ltr'>Cyre-</span> 
     </span>
     <span class='ocr_line' id='line_1_59' title="bbox 960 725 1659 770; baseline -0.01 -8"><span class='ocrx_word' id='word_1_324' title='bbox 960 732 1073 770; x_wconf 87' lang='lat' dir='ltr'>naica,</span> <span class='ocrx_word' id='word_1_325' title='bbox 1095 730 1154 761; x_wconf 89' lang='lat' dir='ltr'>sed</span> <span class='ocrx_word' id='word_1_326' title='bbox 1177 739 1218 761; x_wconf 90' lang='lat' dir='ltr'>ea</span> <span class='ocrx_word' id='word_1_327' title='bbox 1238 728 1331 769; x_wconf 84' lang='lat' dir='ltr'>regio</span> <span class='ocrx_word' id='word_1_328' title='bbox 1347 726 1494 758; x_wconf 87' lang='lat' dir='ltr'>nondum</span> <span class='ocrx_word' id='word_1_329' title='bbox 1510 730 1584 756; x_wconf 89' lang='lat' dir='ltr'>erat</span> <span class='ocrx_word' id='word_1_330' title='bbox 1598 725 1659 756; x_wconf 92' lang='lat' dir='ltr'>sub</span> 
     </span>
     <span class='ocr_line' id='line_1_60' title="bbox 961 779 1659 821; baseline -0.011 -8"><span class='ocrx_word' id='word_1_331' title='bbox 961 782 1098 820; x_wconf 88' lang='lat' dir='ltr'>Persis;</span> <span class='ocrx_word' id='word_1_332' title='bbox 1122 789 1227 821; x_wconf 86' lang='lat' dir='ltr'>quare</span> <span class='ocrx_word' id='word_1_333' title='bbox 1243 779 1307 810; x_wconf 90' lang='lat' dir='ltr'>hoc</span> <span class='ocrx_word' id='word_1_334' title='bbox 1322 787 1444 808; x_wconf 90' lang='lat' dir='ltr'>nomen</span> <span class='ocrx_word' id='word_1_335' title='bbox 1463 780 1659 816; x_wconf 90' lang='lat' dir='ltr'>suspectum</span> 
     </span>
     <span class='ocr_line' id='line_1_61' title="bbox 965 827 1662 865; baseline -0.01 -3"><span class='ocrx_word' id='word_1_336' title='bbox 965 836 1039 862; x_wconf 84' lang='lat' dir='ltr'>est:</span> <span class='ocrx_word' id='word_1_337' title='bbox 1063 840 1129 861; x_wconf 87' lang='lat' dir='ltr'>non</span> <span class='ocrx_word' id='word_1_338' title='bbox 1155 835 1265 861; x_wconf 87' lang='lat' dir='ltr'>tamen</span> <span class='ocrx_word' id='word_1_339' title='bbox 1293 827 1384 859; x_wconf 91' lang='lat' dir='ltr'>aliud</span> <span class='ocrx_word' id='word_1_340' title='bbox 1411 831 1540 858; x_wconf 80' lang='lat' dir='ltr'>temere</span> <span class='ocrx_word' id='word_1_341' title='bbox 1564 835 1662 865; x_wconf 86' lang='lat' dir='ltr'>repo-</span> 
     </span>
     <span class='ocr_line' id='line_1_62' title="bbox 964 875 1662 920; baseline -0.011 -8"><span class='ocrx_word' id='word_1_342' title='bbox 964 890 1077 920; x_wconf 84' lang='lat' dir='ltr'>suero,</span> <span class='ocrx_word' id='word_1_343' title='bbox 1101 880 1165 911; x_wconf 90' lang='lat' dir='ltr'>nisi</span> <span class='ocrx_word' id='word_1_344' title='bbox 1188 877 1371 919; x_wconf 88' lang='lat' dir='ltr'>exemplari</span> <span class='ocrx_word' id='word_1_345' title='bbox 1397 877 1508 918; x_wconf 85' lang='lat' dir='ltr'>aliquo</span> <span class='ocrx_word' id='word_1_346' title='bbox 1530 875 1662 916; x_wconf 84' lang='lat' dir='ltr'>adjutus</span> 
     </span>
     <span class='ocr_line' id='line_1_63' title="bbox 964 925 1664 962; baseline -0.01 0"><span class='ocrx_word' id='word_1_347' title='bbox 964 935 1024 962; x_wconf 85' lang='lat' dir='ltr'>aut</span> <span class='ocrx_word' id='word_1_348' title='bbox 1039 930 1200 961; x_wconf 85' lang='lat' dir='ltr'>historico</span> <span class='ocrx_word' id='word_1_349' title='bbox 1216 929 1368 960; x_wconf 87' lang='lat' dir='ltr'>meliore.</span> <span class='ocrx_word' id='word_1_350' title='bbox 1406 928 1578 958; x_wconf 86' lang='lat' dir='ltr'>Caeterum</span> <span class='ocrx_word' id='word_1_351' title='bbox 1595 925 1664 956; x_wconf 89' lang='lat' dir='ltr'>He-</span> 
     </span>
     <span class='ocr_line' id='line_1_64' title="bbox 966 975 1662 1017; baseline -0.009 -6"><span class='ocrx_word' id='word_1_352' title='bbox 966 981 1038 1011; x_wconf 89' lang='lat' dir='ltr'>rod.</span> <span class='ocrx_word' id='word_1_353' title='bbox 1070 980 1117 1011; x_wconf 85' lang='lat' dir='ltr'>ait</span> <span class='ocrx_word' id='word_1_354' title='bbox 1146 979 1299 1010; x_wconf 87' lang='lat' dir='ltr'>Croesum</span> <span class='ocrx_word' id='word_1_355' title='bbox 1327 986 1461 1017; x_wconf 85' lang='lat' dir='ltr'>semper</span> <span class='ocrx_word' id='word_1_356' title='bbox 1485 975 1546 1006; x_wconf 86' lang='lat' dir='ltr'>sub</span> <span class='ocrx_word' id='word_1_357' title='bbox 1572 975 1662 1015; x_wconf 88' lang='lat' dir='ltr'>Cyro</span> 
     </span>
     <span class='ocr_line' id='line_1_65' title="bbox 965 1023 1663 1070; baseline -0.011 -8"><span class='ocrx_word' id='word_1_358' title='bbox 965 1029 1084 1069; x_wconf 86' lang='lat' dir='ltr'>fuisse,</span> <span class='ocrx_word' id='word_1_359' title='bbox 1098 1039 1137 1061; x_wconf 84' lang='lat' dir='ltr'>ac</span> <span class='ocrx_word' id='word_1_360' title='bbox 1154 1032 1232 1070; x_wconf 88' lang='lat' dir='ltr'>post</span> <span class='ocrx_word' id='word_1_361' title='bbox 1248 1027 1328 1069; x_wconf 82' lang='lat' dir='ltr'>Cyri</span> <span class='ocrx_word' id='word_1_362' title='bbox 1343 1031 1485 1057; x_wconf 85' lang='lat' dir='ltr'>mortem</span> <span class='ocrx_word' id='word_1_363' title='bbox 1502 1023 1663 1064; x_wconf 86' lang='lat' dir='ltr'>Cambysi</span> 
     </span>
     <span class='ocr_line' id='line_1_66' title="bbox 967 1074 1663 1116; baseline -0.011 -4"><span class='ocrx_word' id='word_1_364' title='bbox 967 1080 1192 1112; x_wconf 86' lang='lat' dir='ltr'>commissum.</span> <span class='ocrx_word' id='word_1_365' title='bbox 1219 1079 1369 1109; x_wconf 80' lang='lat' dir='ltr'>Glarean.</span> <span class='ocrx_word' id='word_1_366' title='bbox 1414 1076 1496 1107; x_wconf 84' lang='lat' dir='ltr'>Mss.</span> <span class='ocrx_word' id='word_1_367' title='bbox 1526 1074 1663 1116; x_wconf 85' lang='lat' dir='ltr'>quidam</span> 
     </span>
     <span class='ocr_line' id='line_1_67' title="bbox 966 1127 1665 1162; baseline -0.009 0"><span class='ocrx_word' id='word_1_368' title='bbox 966 1131 1039 1162; x_wconf 86' lang='lat' dir='ltr'>urbs</span> <span class='ocrx_word' id='word_1_369' title='bbox 1053 1140 1124 1162; x_wconf 80' lang='lat' dir='ltr'>vero</span> <span class='ocrx_word' id='word_1_370' title='bbox 1139 1138 1293 1161; x_wconf 82' lang='lat' dir='ltr'>concessa:</span> <span class='ocrx_word' id='word_1_371' title='bbox 1309 1127 1363 1159; x_wconf 91' lang='lat' dir='ltr'>alii</span> <span class='ocrx_word' id='word_1_372' title='bbox 1376 1136 1445 1158; x_wconf 80' lang='lat' dir='ltr'>vero</span> <span class='ocrx_word' id='word_1_373' title='bbox 1460 1129 1489 1157; x_wconf 87' lang='lat' dir='ltr'>et</span> <span class='ocrx_word' id='word_1_374' title='bbox 1505 1134 1644 1156; x_wconf 86' lang='lat' dir='ltr'>concessa</span> <span class='ocrx_word' id='word_1_375' title='bbox 1654 1135 1665 1156; x_wconf 82' lang='grc'><strong>.-</strong></span> 
     </span>
     <span class='ocr_line' id='line_1_68' title="bbox 967 1175 1665 1219; baseline -0.01 -8"><span class='ocrx_word' id='word_1_376' title='bbox 967 1181 1022 1211; x_wconf 90' lang='lat' dir='ltr'>alii</span> <span class='ocrx_word' id='word_1_377' title='bbox 1034 1181 1184 1219; x_wconf 83' lang='lat' dir='ltr'>Baragon</span> <span class='ocrx_word' id='word_1_378' title='bbox 1196 1188 1295 1210; x_wconf 86' lang='lat' dir='ltr'>cessa:</span> <span class='ocrx_word' id='word_1_379' title='bbox 1317 1177 1459 1217; x_wconf 85' lang='lat' dir='ltr'>vulgata</span> <span class='ocrx_word' id='word_1_380' title='bbox 1473 1175 1576 1206; x_wconf 84' lang='lat' dir='ltr'>lectio</span> <span class='ocrx_word' id='word_1_381' title='bbox 1590 1183 1665 1215; x_wconf 86' lang='lat' dir='ltr'>pro·</span> 
     </span>
     <span class='ocr_line' id='line_1_69' title="bbox 967 1224 1663 1270; baseline -0.011 -9"><span class='ocrx_word' id='word_1_382' title='bbox 967 1230 1041 1261; x_wconf 86' lang='lat' dir='ltr'>bari</span> <span class='ocrx_word' id='word_1_383' title='bbox 1066 1239 1132 1261; x_wconf 90' lang='lat' dir='ltr'>non</span> <span class='ocrx_word' id='word_1_384' title='bbox 1161 1231 1293 1270; x_wconf 86' lang='lat' dir='ltr'>potest:</span> <span class='ocrx_word' id='word_1_385' title='bbox 1318 1230 1371 1258; x_wconf 89' lang='lat' dir='ltr'>est</span> <span class='ocrx_word' id='word_1_386' title='bbox 1394 1226 1483 1256; x_wconf 91' lang='lat' dir='ltr'>enim</span> <span class='ocrx_word' id='word_1_387' title='bbox 1508 1225 1611 1255; x_wconf 85' lang='lat' dir='ltr'>Barce</span> <span class='ocrx_word' id='word_1_388' title='bbox 1631 1224 1663 1254; x_wconf 93' lang='lat' dir='ltr'>in</span> 
     </span>
     <span class='ocr_line' id='line_1_70' title="bbox 968 1275 1666 1322; baseline -0.011 -10"><span class='ocrx_word' id='word_1_389' title='bbox 968 1280 1156 1322; x_wconf 87' lang='lat' dir='ltr'>Cyrenaica</span> <span class='ocrx_word' id='word_1_390' title='bbox 1181 1277 1357 1320; x_wconf 87' lang='lat' dir='ltr'>provincia</span> <span class='ocrx_word' id='word_1_391' title='bbox 1383 1276 1464 1308; x_wconf 85' lang='lat' dir='ltr'>urbs</span> <span class='ocrx_word' id='word_1_392' title='bbox 1493 1275 1666 1315; x_wconf 85' lang='lat' dir='ltr'>Pentapo-</span> 
     </span>
     <span class='ocr_line' id='line_1_71' title="bbox 968 1324 1666 1371; baseline -0.013 -9"><span class='ocrx_word' id='word_1_393' title='bbox 968 1331 1050 1371; x_wconf 83' lang='lat' dir='ltr'>leos,</span> <span class='ocrx_word' id='word_1_394' title='bbox 1083 1339 1147 1371; x_wconf 89' lang='lat' dir='ltr'>quo</span> <span class='ocrx_word' id='word_1_395' title='bbox 1177 1329 1360 1359; x_wconf 85' lang='lat' dir='ltr'>Persarum</span> <span class='ocrx_word' id='word_1_396' title='bbox 1391 1335 1483 1356; x_wconf 86' lang='lat' dir='ltr'>arma</span> <span class='ocrx_word' id='word_1_397' title='bbox 1513 1324 1666 1355; x_wconf 86' lang='lat' dir='ltr'>victricia</span> 
     </span>
     <span class='ocr_line' id='line_1_72' title="bbox 969 1374 1665 1420; baseline -0.011 -8"><span class='ocrx_word' id='word_1_398' title='bbox 969 1380 1119 1412; x_wconf 89' lang='lat' dir='ltr'>nondum</span> <span class='ocrx_word' id='word_1_399' title='bbox 1148 1380 1385 1420; x_wconf 84' lang='lat' dir='ltr'>pervenerant.</span> <span class='ocrx_word' id='word_1_400' title='bbox 1444 1374 1575 1406; x_wconf 89' lang='lat' dir='ltr'>Herod.</span> <span class='ocrx_word' id='word_1_401' title='bbox 1605 1374 1665 1405; x_wconf 89' lang='lat' dir='ltr'>lib.</span> 
     </span>
     <span class='ocr_line' id='line_1_73' title="bbox 970 1426 1666 1465; baseline -0.011 -3"><span class='ocrx_word' id='word_1_402' title='bbox 970 1440 1025 1462; x_wconf 91' lang='lat'>111.</span> <span class='ocrx_word' id='word_1_403' title='bbox 1051 1431 1126 1461; x_wconf 85' lang='lat' dir='ltr'>init.</span> <span class='ocrx_word' id='word_1_404' title='bbox 1172 1427 1359 1459; x_wconf 86' lang='lat' dir='ltr'>Absurdius</span> <span class='ocrx_word' id='word_1_405' title='bbox 1375 1431 1428 1457; x_wconf 89' lang='lat' dir='ltr'>est</span> <span class='ocrx_word' id='word_1_406' title='bbox 1444 1426 1569 1462; x_wconf 73' lang='lat' dir='ltr'>Beroea,</span> <span class='ocrx_word' id='word_1_407' title='bbox 1586 1434 1666 1465; x_wconf 87' lang='lat' dir='ltr'>quo-</span> 
     </span>
     <span class='ocr_line' id='line_1_74' title="bbox 969 1476 1668 1514; baseline -0.01 -3"><span class='ocrx_word' id='word_1_408' title='bbox 969 1480 1070 1511; x_wconf 89' lang='lat' dir='ltr'>modo</span> <span class='ocrx_word' id='word_1_409' title='bbox 1086 1479 1254 1511; x_wconf 88' lang='lat' dir='ltr'>Asulanus</span> <span class='ocrx_word' id='word_1_410' title='bbox 1273 1477 1397 1508; x_wconf 79' lang='lat' dir='ltr'>edidit:</span> <span class='ocrx_word' id='word_1_411' title='bbox 1423 1480 1477 1507; x_wconf 89' lang='lat' dir='ltr'>est</span> <span class='ocrx_word' id='word_1_412' title='bbox 1501 1476 1589 1506; x_wconf 87' lang='lat' dir='ltr'>enim</span> <span class='ocrx_word' id='word_1_413' title='bbox 1609 1484 1668 1514; x_wconf 93' lang='lat' dir='ltr'>op-</span> 
     </span>
     <span class='ocr_line' id='line_1_75' title="bbox 971 1524 1667 1570; baseline -0.006 -9"><span class='ocrx_word' id='word_1_414' title='bbox 971 1530 1086 1570; x_wconf 85' lang='lat' dir='ltr'>pidum</span> <span class='ocrx_word' id='word_1_415' title='bbox 1098 1528 1324 1563; x_wconf 75' lang='lat' dir='ltr'>Macedoniae‚</span> <span class='ocrx_word' id='word_1_416' title='bbox 1336 1524 1667 1566; x_wconf 61' lang='lat' dir='ltr'>PtolemaeoBe&#39;fifioia.</span> 
     </span>
     <span class='ocr_line' id='line_1_76' title="bbox 972 1576 1667 1611; baseline -0.006 0"><span class='ocrx_word' id='word_1_417' title='bbox 972 1580 1103 1611; x_wconf 86' lang='lat' dir='ltr'>Ctesias</span> <span class='ocrx_word' id='word_1_418' title='bbox 1134 1578 1252 1610; x_wconf 88' lang='lat' dir='ltr'>urbem</span> <span class='ocrx_word' id='word_1_419' title='bbox 1288 1578 1404 1608; x_wconf 87' lang='lat' dir='ltr'>Croeso</span> <span class='ocrx_word' id='word_1_420' title='bbox 1434 1577 1521 1607; x_wconf 92' lang='lat' dir='ltr'>dono</span> <span class='ocrx_word' id='word_1_421' title='bbox 1552 1576 1667 1608; x_wconf 86' lang='lat' dir='ltr'>datam</span> 
     </span>
     <span class='ocr_line' id='line_1_77' title="bbox 972 1625 1669 1666; baseline -0.004 -5"><span class='ocrx_word' id='word_1_422' title='bbox 972 1631 1116 1661; x_wconf 74' lang='lat' dir='ltr'>Bar-enen</span> <span class='ocrx_word' id='word_1_423' title='bbox 1148 1633 1249 1660; x_wconf 84' lang='lat' dir='ltr'>vocat</span> <span class='ocrx_word' id='word_1_424' title='bbox 1278 1627 1366 1659; x_wconf 82' lang='grc' dir='ltr'>πόλιν</span> <span class='ocrx_word' id='word_1_425' title='bbox 1394 1625 1543 1665; x_wconf 70' lang='grc' dir='ltr'>μεγάλην,</span> <span class='ocrx_word' id='word_1_426' title='bbox 1574 1625 1669 1666; x_wconf 78' lang='grc' dir='ltr'>ἐγγὺς</span> 
     </span>
     <span class='ocr_line' id='line_1_78' title="bbox 970 1677 1669 1719; baseline -0.003 -9"><span class='ocrx_word' id='word_1_427' title='bbox 970 1677 1177 1718; x_wconf 80' lang='grc' dir='ltr'>Ἐκβατάνων,</span> <span class='ocrx_word' id='word_1_428' title='bbox 1191 1679 1231 1709; x_wconf 88' lang='lat' dir='ltr'>de</span> <span class='ocrx_word' id='word_1_429' title='bbox 1248 1688 1314 1719; x_wconf 88' lang='lat' dir='ltr'>qua</span> <span class='ocrx_word' id='word_1_430' title='bbox 1327 1682 1363 1709; x_wconf 89' lang='lat' dir='ltr'>et</span> <span class='ocrx_word' id='word_1_431' title='bbox 1379 1678 1497 1718; x_wconf 87' lang='lat' dir='ltr'>Steph.</span> <span class='ocrx_word' id='word_1_432' title='bbox 1511 1678 1669 1717; x_wconf 76' lang='lat' dir='ltr'>Bongars.</span> 
     </span>
     <span class='ocr_line' id='line_1_79' title="bbox 971 1728 1671 1762; baseline -0.004 -1"><span class='ocrx_word' id='word_1_433' title='bbox 971 1730 1007 1762; x_wconf 93' lang='lat' dir='ltr'>Si</span> <span class='ocrx_word' id='word_1_434' title='bbox 1020 1731 1075 1761; x_wconf 85' lang='lat' dir='ltr'>vel</span> <span class='ocrx_word' id='word_1_435' title='bbox 1089 1739 1175 1760; x_wconf 87' lang='lat' dir='ltr'>unus</span> <span class='ocrx_word' id='word_1_436' title='bbox 1191 1728 1352 1759; x_wconf 86' lang='lat' dir='ltr'>librorum</span> <span class='ocrx_word' id='word_1_437' title='bbox 1368 1729 1451 1759; x_wconf 85' lang='lat' dir='ltr'>Mss.</span> <span class='ocrx_word' id='word_1_438' title='bbox 1464 1728 1671 1758; x_wconf 80' lang='lat' dir='ltr'>emendatio-</span> 
     </span>
     <span class='ocr_line' id='line_1_80' title="bbox 973 1777 1669 1818; baseline -0.004 -8"><span class='ocrx_word' id='word_1_439' title='bbox 973 1780 1007 1810; x_wconf 95' lang='lat' dir='ltr'>ni</span> <span class='ocrx_word' id='word_1_440' title='bbox 1022 1778 1163 1818; x_wconf 81' lang='lat' dir='ltr'>faveret,</span> <span class='ocrx_word' id='word_1_441' title='bbox 1185 1778 1404 1809; x_wconf 80' lang='lat' dir='ltr'>rescriberem</span> <span class='ocrx_word' id='word_1_442' title='bbox 1431 1777 1505 1808; x_wconf 84' lang='lat' dir='ltr'>urbs</span> <span class='ocrx_word' id='word_1_443' title='bbox 1533 1778 1669 1817; x_wconf 80' lang='lat' dir='ltr'>Barerw,</span> 
     </span>
     <span class='ocr_line' id='line_1_81' title="bbox 974 1828 1666 1871; baseline -0.003 -11"><span class='ocrx_word' id='word_1_444' title='bbox 974 1840 1073 1871; x_wconf 87' lang='lat' dir='ltr'>quam</span> <span class='ocrx_word' id='word_1_445' title='bbox 1088 1829 1214 1860; x_wconf 83' lang='lat' dir='ltr'>Mediae</span> <span class='ocrx_word' id='word_1_446' title='bbox 1235 1828 1363 1868; x_wconf 86' lang='lat' dir='ltr'>urbem,</span> <span class='ocrx_word' id='word_1_447' title='bbox 1385 1828 1480 1868; x_wconf 87' lang='lat' dir='ltr'>cujus</span> <span class='ocrx_word' id='word_1_448' title='bbox 1496 1832 1531 1858; x_wconf 90' lang='lat' dir='ltr'>et</span> <span class='ocrx_word' id='word_1_449' title='bbox 1547 1828 1666 1868; x_wconf 77' lang='lat' dir='ltr'>Stepli.</span> 
     </span>
     <span class='ocr_line' id='line_1_82' title="bbox 973 1878 1671 1919; baseline -0.004 -8"><span class='ocrx_word' id='word_1_450' title='bbox 973 1880 1138 1919; x_wconf 90' lang='lat' dir='ltr'>meminit,</span> <span class='ocrx_word' id='word_1_451' title='bbox 1155 1879 1273 1910; x_wconf 88' lang='lat' dir='ltr'>Croeso</span> <span class='ocrx_word' id='word_1_452' title='bbox 1289 1878 1376 1909; x_wconf 88' lang='lat' dir='ltr'>dono</span> <span class='ocrx_word' id='word_1_453' title='bbox 1392 1878 1504 1909; x_wconf 83' lang='lat' dir='ltr'>datam</span> <span class='ocrx_word' id='word_1_454' title='bbox 1520 1878 1671 1909; x_wconf 84' lang='lat' dir='ltr'>ostendit</span> 
     </span>
     <span class='ocr_line' id='line_1_83' title="bbox 975 1929 1671 1970; baseline -0.004 -8"><span class='ocrx_word' id='word_1_455' title='bbox 975 1940 1016 1962; x_wconf 88' lang='lat' dir='ltr'>ex</span> <span class='ocrx_word' id='word_1_456' title='bbox 1033 1930 1148 1962; x_wconf 86' lang='lat' dir='ltr'>Ctesia</span> <span class='ocrx_word' id='word_1_457' title='bbox 1163 1930 1272 1969; x_wconf 86' lang='lat' dir='ltr'>Bong.</span> <span class='ocrx_word' id='word_1_458' title='bbox 1317 1929 1406 1961; x_wconf 87' lang='lat' dir='ltr'>Nam</span> <span class='ocrx_word' id='word_1_459' title='bbox 1432 1938 1542 1970; x_wconf 82' lang='lat' dir='ltr'>neque</span> <span class='ocrx_word' id='word_1_460' title='bbox 1569 1929 1671 1960; x_wconf 81' lang='lat' dir='ltr'>Barce</span> 
     </span>
     <span class='ocr_line' id='line_1_84' title="bbox 975 1979 1672 2022; baseline -0.006 -9"><span class='ocrx_word' id='word_1_461' title='bbox 975 1981 1204 2022; x_wconf 89' lang='lat' dir='ltr'>Pentapoleos</span> <span class='ocrx_word' id='word_1_462' title='bbox 1219 1979 1300 2011; x_wconf 88' lang='lat' dir='ltr'>urbs</span> <span class='ocrx_word' id='word_1_463' title='bbox 1322 1980 1356 2010; x_wconf 90' lang='lat' dir='ltr'>in</span> <span class='ocrx_word' id='word_1_464' title='bbox 1373 1979 1550 2020; x_wconf 85' lang='lat' dir='ltr'>provincia</span> <span class='ocrx_word' id='word_1_465' title='bbox 1566 1980 1672 2019; x_wconf 84' lang='lat' dir='ltr'>Cyre-</span> 
     </span>
     <span class='ocr_line' id='line_1_85' title="bbox 975 2028 1673 2068; baseline -0.004 -6"><span class='ocrx_word' id='word_1_466' title='bbox 975 2031 1074 2062; x_wconf 89' lang='lat' dir='ltr'>naica</span> <span class='ocrx_word' id='word_1_467' title='bbox 1094 2030 1166 2061; x_wconf 88' lang='lat' dir='ltr'>h.l.</span> <span class='ocrx_word' id='word_1_468' title='bbox 1189 2029 1359 2068; x_wconf 88' lang='lat' dir='ltr'>convenit,</span> <span class='ocrx_word' id='word_1_469' title='bbox 1387 2039 1462 2060; x_wconf 91' lang='lat' dir='ltr'>cum</span> <span class='ocrx_word' id='word_1_470' title='bbox 1487 2038 1528 2060; x_wconf 90' lang='lat' dir='ltr'>eo</span> <span class='ocrx_word' id='word_1_471' title='bbox 1553 2028 1673 2060; x_wconf 85' lang='lat' dir='ltr'>Persa-</span> 
     </span>
     <span class='ocr_line' id='line_1_86' title="bbox 976 2079 1673 2120; baseline -0.003 -8"><span class='ocrx_word' id='word_1_472' title='bbox 976 2091 1049 2112; x_wconf 87' lang='lat' dir='ltr'>rum</span> <span class='ocrx_word' id='word_1_473' title='bbox 1065 2090 1159 2111; x_wconf 88' lang='lat' dir='ltr'>arma</span> <span class='ocrx_word' id='word_1_474' title='bbox 1174 2079 1332 2111; x_wconf 88' lang='lat' dir='ltr'>victricia</span> <span class='ocrx_word' id='word_1_475' title='bbox 1347 2079 1493 2111; x_wconf 90' lang='lat' dir='ltr'>nondum</span> <span class='ocrx_word' id='word_1_476' title='bbox 1510 2088 1673 2120; x_wconf 84' lang='lat' dir='ltr'>pervene-</span> 
     </span>
     <span class='ocr_line' id='line_1_87' title="bbox 976 2129 1673 2171; baseline -0.004 -8"><span class='ocrx_word' id='word_1_477' title='bbox 976 2132 1058 2171; x_wconf 85' lang='lat' dir='ltr'>rint,</span> <span class='ocrx_word' id='word_1_478' title='bbox 1091 2135 1129 2162; x_wconf 90' lang='lat' dir='ltr'>ut</span> <span class='ocrx_word' id='word_1_479' title='bbox 1156 2134 1301 2171; x_wconf 85' lang='lat' dir='ltr'>apparet</span> <span class='ocrx_word' id='word_1_480' title='bbox 1331 2139 1374 2160; x_wconf 83' lang='lat' dir='ltr'>ex</span> <span class='ocrx_word' id='word_1_481' title='bbox 1402 2129 1532 2161; x_wconf 88' lang='lat' dir='ltr'>Herod.</span> <span class='ocrx_word' id='word_1_482' title='bbox 1557 2138 1614 2161; x_wconf 89' lang='lat'>111.</span> <span class='ocrx_word' id='word_1_483' title='bbox 1642 2132 1673 2161; x_wconf 90' lang='lat'>1.</span> 
     </span>
     <span class='ocr_line' id='line_1_88' title="bbox 976 2179 1674 2219; baseline -0.004 -6"><span class='ocrx_word' id='word_1_484' title='bbox 976 2191 1040 2213; x_wconf 84' lang='lat' dir='ltr'>nec</span> <span class='ocrx_word' id='word_1_485' title='bbox 1057 2181 1136 2212; x_wconf 84' lang='lat' dir='ltr'>item</span> <span class='ocrx_word' id='word_1_486' title='bbox 1160 2180 1219 2211; x_wconf 89' lang='lat' dir='ltr'>illa</span> <span class='ocrx_word' id='word_1_487' title='bbox 1245 2180 1286 2211; x_wconf 94' lang='lat' dir='ltr'>ab</span> <span class='ocrx_word' id='word_1_488' title='bbox 1306 2179 1501 2211; x_wconf 88' lang='lat' dir='ltr'>Alexandro</span> <span class='ocrx_word' id='word_1_489' title='bbox 1524 2180 1674 2219; x_wconf 91' lang='lat' dir='ltr'>condita,</span> 
     </span>
     <span class='ocr_line' id='line_1_89' title="bbox 977 2229 1671 2272; baseline -0.004 -9"><span class='ocrx_word' id='word_1_490' title='bbox 977 2232 1020 2263; x_wconf 90' lang='lat' dir='ltr'>de</span> <span class='ocrx_word' id='word_1_491' title='bbox 1048 2241 1113 2272; x_wconf 85' lang='lat' dir='ltr'>qua</span> <span class='ocrx_word' id='word_1_492' title='bbox 1127 2229 1189 2262; x_wconf 89' lang='lat' dir='ltr'>inf.</span> <span class='ocrx_word' id='word_1_493' title='bbox 1206 2239 1273 2261; x_wconf 76' lang='grc' dir='ltr'><strong>ΧΠ.</strong></span> <span class='ocrx_word' id='word_1_494' title='bbox 1291 2233 1343 2261; x_wconf 92' lang='grc'>10.</span> <span class='ocrx_word' id='word_1_495' title='bbox 1369 2233 1401 2261; x_wconf 90' lang='grc'>6.</span> <span class='ocrx_word' id='word_1_496' title='bbox 1425 2230 1560 2260; x_wconf 86' lang='lat' dir='ltr'>minime</span> <span class='ocrx_word' id='word_1_497' title='bbox 1578 2239 1671 2270; x_wconf 89' lang='lat' dir='ltr'>vero,</span> 
     </span>
     <span class='ocr_line' id='line_1_90' title="bbox 977 2280 1671 2324; baseline -0.001 -11"><span class='ocrx_word' id='word_1_498' title='bbox 977 2281 1143 2324; x_wconf 91' lang='lat' dir='ltr'>quomodo</span> <span class='ocrx_word' id='word_1_499' title='bbox 1175 2280 1344 2312; x_wconf 87' lang='lat' dir='ltr'>Asulanus</span> <span class='ocrx_word' id='word_1_500' title='bbox 1383 2280 1504 2320; x_wconf 88' lang='lat' dir='ltr'>edidit,</span> <span class='ocrx_word' id='word_1_501' title='bbox 1543 2281 1671 2321; x_wconf 84' lang='lat' dir='ltr'>Beroea,</span> 
     </span>
     <span class='ocr_line' id='line_1_91' title="bbox 978 2329 1674 2372; baseline -0.003 -9"><span class='ocrx_word' id='word_1_502' title='bbox 978 2333 1166 2364; x_wconf 90' lang='lat' dir='ltr'>Ptolemaeo</span> <span class='ocrx_word' id='word_1_503' title='bbox 1181 2329 1316 2371; x_wconf 82' lang='grc' dir='ltr'>Βέρῤοια,</span> <span class='ocrx_word' id='word_1_504' title='bbox 1340 2330 1553 2362; x_wconf 73' lang='lat' dir='ltr'>Macedoniae</span> <span class='ocrx_word' id='word_1_505' title='bbox 1577 2332 1674 2372; x_wconf 87' lang='lat' dir='ltr'>oppi-</span> 
     </span>
     <span class='ocr_line' id='line_1_92' title="bbox 978 2381 1676 2422; baseline -0.003 -8"><span class='ocrx_word' id='word_1_506' title='bbox 978 2383 1068 2414; x_wconf 92' lang='lat' dir='ltr'>dum.</span> <span class='ocrx_word' id='word_1_507' title='bbox 1114 2383 1167 2413; x_wconf 89' lang='lat' dir='ltr'>Ex</span> <span class='ocrx_word' id='word_1_508' title='bbox 1197 2385 1289 2412; x_wconf 85' lang='lat' dir='ltr'>caett.</span> <span class='ocrx_word' id='word_1_509' title='bbox 1318 2390 1450 2422; x_wconf 87' lang='lat' dir='ltr'>quoque</span> <span class='ocrx_word' id='word_1_510' title='bbox 1472 2381 1568 2412; x_wconf 90' lang='lat' dir='ltr'>lectt.</span> <span class='ocrx_word' id='word_1_511' title='bbox 1592 2381 1676 2412; x_wconf 89' lang='lat' dir='ltr'>nihil</span> 
     </span>
     <span class='ocr_line' id='line_1_93' title="bbox 980 2430 1675 2471; baseline -0.003 -8"><span class='ocrx_word' id='word_1_512' title='bbox 980 2432 1052 2463; x_wconf 80' lang='lat' dir='ltr'>sani</span> <span class='ocrx_word' id='word_1_513' title='bbox 1068 2431 1140 2462; x_wconf 86' lang='lat' dir='ltr'>erui</span> <span class='ocrx_word' id='word_1_514' title='bbox 1167 2435 1300 2471; x_wconf 86' lang='lat' dir='ltr'>potest:</span> <span class='ocrx_word' id='word_1_515' title='bbox 1324 2430 1398 2460; x_wconf 83' lang='lat' dir='ltr'>urbs</span> <span class='ocrx_word' id='word_1_516' title='bbox 1421 2440 1492 2461; x_wconf 80' lang='lat' dir='ltr'>vero</span> <span class='ocrx_word' id='word_1_517' title='bbox 1517 2440 1675 2462; x_wconf 83' lang='lat' dir='ltr'>concessa.-</span> 
     </span>
     <span class='ocr_line' id='line_1_94' title="bbox 979 2481 1675 2520; baseline -0.006 -6"><span class='ocrx_word' id='word_1_518' title='bbox 979 2493 1051 2514; x_wconf 74' lang='lat' dir='ltr'>vero</span> <span class='ocrx_word' id='word_1_519' title='bbox 1078 2485 1108 2513; x_wconf 87' lang='lat' dir='ltr'>et</span> <span class='ocrx_word' id='word_1_520' title='bbox 1136 2490 1294 2512; x_wconf 85' lang='lat' dir='ltr'>concessa:</span> <span class='ocrx_word' id='word_1_521' title='bbox 1320 2481 1467 2519; x_wconf 83' lang='lat' dir='ltr'>Baragon</span> <span class='ocrx_word' id='word_1_522' title='bbox 1492 2490 1594 2511; x_wconf 84' lang='lat' dir='ltr'>cessa.-</span> <span class='ocrx_word' id='word_1_523' title='bbox 1629 2485 1675 2520; x_wconf 85' lang='lat' dir='ltr'>et,</span> 
     </span>
     <span class='ocr_line' id='line_1_95' title="bbox 981 2530 1676 2575; baseline -0.006 -11"><span class='ocrx_word' id='word_1_524' title='bbox 981 2533 1071 2575; x_wconf 88' lang='lat' dir='ltr'>quod</span> <span class='ocrx_word' id='word_1_525' title='bbox 1088 2531 1273 2563; x_wconf 88' lang='lat' dir='ltr'>Sabellicus</span> <span class='ocrx_word' id='word_1_526' title='bbox 1289 2530 1402 2570; x_wconf 87' lang='lat' dir='ltr'>habet,</span> <span class='ocrx_word' id='word_1_527' title='bbox 1413 2530 1486 2561; x_wconf 82' lang='lat' dir='ltr'>urbs</span> <span class='ocrx_word' id='word_1_528' title='bbox 1499 2531 1594 2562; x_wconf 86' lang='lat' dir='ltr'>Berse</span> <span class='ocrx_word' id='word_1_529' title='bbox 1606 2541 1676 2561; x_wconf 80' lang='lat' dir='ltr'>can-</span> 
     </span>
     <span class='ocr_line' id='line_1_96' title="bbox 981 2580 1676 2615; baseline -0.003 -1"><span class='ocrx_word' id='word_1_530' title='bbox 981 2593 1072 2615; x_wconf 86' lang='lat' dir='ltr'>cessa.</span> <span class='ocrx_word' id='word_1_531' title='bbox 1095 2583 1241 2613; x_wconf 84' lang='lat' dir='ltr'>Bernec.</span> <span class='ocrx_word' id='word_1_532' title='bbox 1287 2581 1364 2612; x_wconf 87' lang='lat' dir='ltr'>Non</span> <span class='ocrx_word' id='word_1_533' title='bbox 1381 2584 1433 2611; x_wconf 90' lang='lat' dir='ltr'>est</span> <span class='ocrx_word' id='word_1_534' title='bbox 1445 2580 1620 2612; x_wconf 87' lang='lat' dir='ltr'>dubitand.</span> <span class='ocrx_word' id='word_1_535' title='bbox 1633 2581 1676 2612; x_wconf 84' lang='lat' dir='ltr'>de</span> 
     </span>
     <span class='ocr_line' id='line_1_97' title="bbox 983 2630 1678 2670; baseline -0.004 -5"><span class='ocrx_word' id='word_1_536' title='bbox 983 2632 1219 2665; x_wconf 83' lang='lat' dir='ltr'>emendatione</span> <span class='ocrx_word' id='word_1_537' title='bbox 1246 2630 1440 2670; x_wconf 87' lang='lat' dir='ltr'>Bongarsii,</span> <span class='ocrx_word' id='word_1_538' title='bbox 1471 2631 1528 2670; x_wconf 89' lang='lat' dir='ltr'>qui</span> <span class='ocrx_word' id='word_1_539' title='bbox 1558 2636 1678 2662; x_wconf 87' lang='lat' dir='ltr'>censet</span> 
     </span>
     <span class='ocr_line' id='line_1_98' title="bbox 983 2680 1677 2724; baseline -0.003 -10"><span class='ocrx_word' id='word_1_540' title='bbox 983 2682 1120 2724; x_wconf 82' lang='lat' dir='ltr'>legend.</span> <span class='ocrx_word' id='word_1_541' title='bbox 1141 2691 1214 2713; x_wconf 81' lang='lat' dir='ltr'>esse</span> <span class='ocrx_word' id='word_1_542' title='bbox 1236 2681 1308 2711; x_wconf 81' lang='lat' dir='ltr'>urbs</span> <span class='ocrx_word' id='word_1_543' title='bbox 1330 2680 1466 2710; x_wconf 84' lang='lat' dir='ltr'>Barene.</span> <span class='ocrx_word' id='word_1_544' title='bbox 1512 2681 1566 2711; x_wconf 94' lang='lat' dir='ltr'>Sic</span> <span class='ocrx_word' id='word_1_545' title='bbox 1583 2681 1677 2712; x_wconf 80' lang='lat' dir='ltr'>Ctes.</span> 
     </span>
     <span class='ocr_line' id='line_1_99' title="bbox 985 2729 1679 2771; baseline -0.003 -7"><span class='ocrx_word' id='word_1_546' title='bbox 985 2732 1045 2764; x_wconf 80' lang='grc' dir='ltr'>Καὶ</span> <span class='ocrx_word' id='word_1_547' title='bbox 1068 2731 1157 2762; x_wconf 85' lang='grc' dir='ltr'>ἔδωκε</span> <span class='ocrx_word' id='word_1_548' title='bbox 1184 2731 1278 2771; x_wconf 81' lang='grc' dir='ltr'>Κῦρος</span> <span class='ocrx_word' id='word_1_549' title='bbox 1299 2730 1416 2770; x_wconf 80' lang='grc' dir='ltr'>Κροίσῳ</span> <span class='ocrx_word' id='word_1_550' title='bbox 1430 2729 1520 2760; x_wconf 86' lang='grc' dir='ltr'>πόλιν</span> <span class='ocrx_word' id='word_1_551' title='bbox 1538 2729 1679 2770; x_wconf 71' lang='grc' dir='ltr'>μεγάλην</span> 
     </span>
     <span class='ocr_line' id='line_1_100' title="bbox 984 2778 1679 2824; baseline 0 -11"><span class='ocrx_word' id='word_1_552' title='bbox 984 2782 1123 2824; x_wconf 78' lang='grc' dir='ltr'>Βαρήνην</span> <span class='ocrx_word' id='word_1_553' title='bbox 1149 2779 1242 2820; x_wconf 76' lang='grc' dir='ltr'>ἐγγὺς</span> <span class='ocrx_word' id='word_1_554' title='bbox 1263 2778 1469 2815; x_wconf 82' lang='grc' dir='ltr'><strong>Ἐκβατάνων.</strong></span> <span class='ocrx_word' id='word_1_555' title='bbox 1523 2781 1566 2811; x_wconf 81' lang='lat' dir='ltr'>Et</span> <span class='ocrx_word' id='word_1_556' title='bbox 1593 2782 1679 2813; x_wconf 74' lang='lat' dir='ltr'>dedit</span> 
     </span>
     <span class='ocr_line' id='line_1_101' title="bbox 989 2830 1680 2875; baseline -0.001 -11"><span class='ocrx_word' id='word_1_557' title='bbox 989 2835 1090 2875; x_wconf 84' lang='lat' dir='ltr'>Cyrus</span> <span class='ocrx_word' id='word_1_558' title='bbox 1108 2833 1211 2863; x_wconf 86' lang='lat' dir='ltr'>Croeso</span> <span class='ocrx_word' id='word_1_559' title='bbox 1234 2830 1340 2861; x_wconf 84' lang='lat' dir='ltr'>urbem</span> <span class='ocrx_word' id='word_1_560' title='bbox 1362 2839 1507 2868; x_wconf 75' lang='lat' dir='ltr'>maguam</span> <span class='ocrx_word' id='word_1_561' title='bbox 1534 2830 1680 2863; x_wconf 81' lang='lat' dir='ltr'>Barenen</span> 
     </span>
     <span class='ocr_line' id='line_1_102' title="bbox 983 2879 1678 2925; baseline -0.003 -10"><span class='ocrx_word' id='word_1_562' title='bbox 983 2893 1077 2925; x_wconf 86' lang='lat' dir='ltr'>prope</span> <span class='ocrx_word' id='word_1_563' title='bbox 1095 2882 1263 2913; x_wconf 82' lang='lat' dir='ltr'>Ecbatana.</span> <span class='ocrx_word' id='word_1_564' title='bbox 1296 2879 1337 2910; x_wconf 93' lang='lat' dir='ltr'>Iu</span> <span class='ocrx_word' id='word_1_565' title='bbox 1354 2879 1407 2910; x_wconf 91' lang='lat' dir='ltr'>ed.</span> <span class='ocrx_word' id='word_1_566' title='bbox 1421 2879 1517 2912; x_wconf 86' lang='lat' dir='ltr'>Junt.</span> <span class='ocrx_word' id='word_1_567' title='bbox 1534 2881 1678 2922; x_wconf 83' lang='lat' dir='ltr'>vestigia</span> 
     </span>
     <span class='ocr_line' id='line_1_103' title="bbox 986 2929 1677 2970; baseline -0.003 -4"><span class='ocrx_word' id='word_1_568' title='bbox 986 2944 1074 2966; x_wconf 84' lang='lat' dir='ltr'>verae</span> <span class='ocrx_word' id='word_1_569' title='bbox 1091 2933 1122 2964; x_wconf 87' lang='lat' dir='ltr'>h.</span> <span class='ocrx_word' id='word_1_570' title='bbox 1139 2933 1218 2963; x_wconf 86' lang='lat' dir='ltr'>lect.</span> <span class='ocrx_word' id='word_1_571' title='bbox 1234 2929 1490 2970; x_wconf 86' lang='lat' dir='ltr'>deprehendere</span> <span class='ocrx_word' id='word_1_572' title='bbox 1506 2930 1600 2962; x_wconf 90' lang='lat' dir='ltr'>licet.</span> <span class='ocrx_word' id='word_1_573' title='bbox 1635 2933 1677 2964; x_wconf 88' lang='lat' dir='ltr'>In</span> 
     </span>
     <span class='ocr_line' id='line_1_104' title="bbox 988 2980 1659 3016; baseline -0.006 0"><span class='ocrx_word' id='word_1_574' title='bbox 988 2995 1027 3016; x_wconf 86' lang='lat' dir='ltr'>ea</span> <span class='ocrx_word' id='word_1_575' title='bbox 1044 2984 1131 3016; x_wconf 87' lang='lat' dir='ltr'>enim</span> <span class='ocrx_word' id='word_1_576' title='bbox 1147 2980 1306 3014; x_wconf 87' lang='lat' dir='ltr'>scribitur</span> <span class='ocrx_word' id='word_1_577' title='bbox 1318 2980 1390 3012; x_wconf 79' lang='lat' dir='ltr'>urbs</span> <span class='ocrx_word' id='word_1_578' title='bbox 1405 2980 1526 3012; x_wconf 84' lang='lat' dir='ltr'>Beroea.</span> <span class='ocrx_word' id='word_1_579' title='bbox 1544 2981 1659 3015; x_wconf 82' lang='lat' dir='ltr'>Groev.</span> 
     </span>
    </p>
   </div>
  </div>
 </body>
</html>
