2101 3419
174 613 815 693 RECENSUS
849 615 1600 691 EDJTIONUM

658 774 903 832 JUST
922 775 954 830 I
973 774 1038 830 N
1058 775 1113 844 I,

180 935 419 973 AUCTIOR
450 936 1083 982 FABRICIO·ERNESTIANO‚
1113 936 1181 973 ET
1212 936 1267 972 IN
1300 935 1347 973 V.
1375 935 1596 972 AETATES

747 1036 1026 1073 DIGESTUS.

631 1190 711 1230 [Ex
726 1191 802 1222 ED.
818 1190 1015 1222 BIPONT.
1032 1191 1142 1231 1802]

440 1346 589 1384 AETAS
612 1347 642 1384 1.
664 1346 895 1383 NATALIS
922 1360 954 1384 s.
982 1348 1332 1386 ECTYPORUM.

756 1458 1028 1498 1470-1497.

160 1577 303 1627 (1470)
331 1568 509 1616 ED1T10
531 1577 711 1627 princeps
741 1590 770 1614 s.
803 1578 977 1615 Romana
999 1588 1026 1616 1.
1048 1577 1128 1615 sine
1148 1579 1235 1616 anni
1256 1585 1294 1617 et
1312 1580 1386 1618 loci
1406 1586 1509 1627 nota,
1530 1582 1608 1620 sine

166 1641 261 1690 sign.
281 1647 379 1678 cust.
397 1653 511 1690 pagg.
532 1646 569 1678 et
587 1640 645 1678 tit.
666 1646 703 1677 4.
723 1641 814 1689 maj.
834 1653 862 1677 s.
882 1639 947 1677 fol.
970 1641 1061 1678 min.
1094 1641 1209 1679 Initio
1238 1643 1366 1693 operis
1382 1643 1607 1694 impressum

166 1703 326 1752 legitur:
358 1707 368 1723 ‘
387 1703 527 1740 Justini
547 1703 716 1741 historici
735 1703 949 1752 politissimi
968 1704 1144 1753 Epitoma
1163 1705 1200 1741 in
1219 1706 1338 1755 Trogi
1354 1706 1514 1756 Pompei
1533 1707 1608 1744 his-

165 1765 281 1802 torias
316 1765 526 1814 proemium
556 1765 716 1815 incipit!
770 1765 915 1815 Singuli
947 1766 1133 1804 librorum
1165 1767 1267 1806 tituli
1297 1768 1351 1806 sic
1379 1769 1546 1807 liabent:
1577 1781 1606 1808 1.

165 1829 223 1865 Ex
254 1828 381 1864 Primo
412 1828 618 1865 uolumine.
649 1838 700 1865 11.
734 1827 790 1864 Ex
822 1827 994 1865 secundo
1027 1829 1220 1866 uolumine
1246 1830 1367 1879 Trogi
1397 1831 1535 1880 Pomp.
1568 1837 1609 1869 et

165 1891 224 1928 sie
245 1890 442 1940 deinceps.
498 1891 560 1928 Ad
593 1891 740 1928 calcem
775 1891 846 1929 tria
874 1891 960 1928 haec
989 1891 1166 1941 leguntur
1194 1891 1363 1930 disticha
1393 1894 1608 1941 (notissima

164 1953 228 1989 illa
249 1953 416 2002 quidem,
449 1953 714 2004 typographiae
747 1966 826 2003 prae
856 1954 1092 1992 calamorum
1114 1968 1184 1993 usu
1205 1955 1467 2005 praestantiam
1489 1956 1609 1994 extol-

165 2015 318 2062 lentia):

324 2080 446 2116 Anser
464 2078 605 2128 Tarpei
627 2085 757 2117 custos
780 2080 906 2118 Iouis:
937 2080 1060 2118 unde:
1091 2079 1196 2130 quod
1217 2080 1288 2117 alis

376 2142 674 2191 Constreperes:
705 2143 843 2180 Gallus
864 2143 1031 2181 decidit:
1064 2143 1172 2180 Vltor
1192 2143 1313 2181 adest.

320 2202 522 2241 Vdalricus
540 2205 699 2242 Gallus:
731 2218 777 2242 ne
797 2219 908 2255 quem
930 2213 1137 2256 poscantur
1157 2206 1194 2242 in
1217 2218 1325 2243 usum

374 2265 541 2303 Edocuit
562 2268 699 2316 pennis
719 2267 770 2304 nil
792 2281 890 2318 opus
911 2282 994 2307 esse
1013 2267 1103 2307 tuis.

322 2328 512 2376 Imprimit
530 2329 590 2366 ille
610 2329 671 2367 die
688 2343 698 2367 :
727 2337 913 2380 quantum
935 2344 1011 2369 non
1030 2330 1211 2368 scribitur
1229 2342 1330 2366 anno

376 2390 557 2439 Ingenio:
587 2392 689 2429 haud
711 2405 872 2430 noceas:
902 2393 1030 2431 omnia
1051 2392 1171 2430 uincit
1190 2393 1321 2429 homo.

167 2452 336 2490 Maittar.
357 2464 444 2501 pag.
467 2458 557 2497 292.
598 2455 745 2491 Panzer
775 2454 887 2492 Tom.
912 2465 962 2492 ΙΙ.
982 2468 1073 2505 pag⁶
1094 2460 1185 2493 422.
1242 2453 1372 2490 Editio
1393 2453 1546 2502 elegans
1565 2458 1605 2490 et

165 2514 360 2560 rarissima,
380 2527 515 2563 neque,
537 2522 722 2564 quantum
744 2517 895 2562 scimus,
926 2518 976 2554 ab
1000 2518 1077 2555 ullo
1097 2516 1350 2554 recentiorum
1373 2515 1601 2552 Criticorum

166 2577 352 2614 consulta.
409 2576 532 2614 Nobis
560 2578 645 2627 ejus
678 2579 920 2616 conserendae
948 2580 1096 2628 copiam
1116 2578 1209 2616 fecit
1227 2577 1523 2615 instructissima
1543 2577 1601 2614 bi-

165 2638 360 2677 bliotheca
390 2639 549 2689 publica
591 2641 936 2690 Argentoratensis,
964 2641 1052 2678 olim
1087 2639 1398 2689 Schoepfliniana.
1455 2639 1601 2676 Multas

166 2701 320 2750 quidem
339 2701 518 2739 lectiones
534 2714 621 2740 cum
638 2704 867 2742 Jensoniana
883 2710 923 2742 et
940 2705 1115 2741 Romana
1142 2713 1191 2739 11.
1215 2714 1438 2739 communes
1459 2701 1601 2744 habet3

167 2762 303 2800 multas
330 2775 419 2800 vero
445 2765 616 2814 proprias
651 2770 689 2802 et
720 2766 942 2815 exquisitas.
998 2767 1043 2803 E.
1065 2778 1102 2815 g.
1124 2776 1152 2802 1.
1176 2770 1212 2802 S.
1234 2768 1321 2813 post
1340 2763 1439 2800 satia
1459 2767 1493 2799 te
1513 2775 1600 2800 scm-

163 2826 285 2875 guz'ne
304 2838 380 2863 non
399 2828 570 2876 agnoscit
590 2841 625 2867 v.
648 2830 790 2881 inquit,
814 2830 916 2879 quod
950 2830 1062 2879 vulgo
1095 2828 1147 2866 ibi
1175 2827 1358 2865 intrusum
1378 2825 1527 2875 legitur.
1550 2835 1599 2862 11.
