2174 3424
542 338 627 381 788

537 443 763 484 proefrz'gidam,
778 445 903 476 nudum.
927 444 981 477 Id.

581 494 599 533 ς
632 496 651 524 4
684 493 856 525 Intercluso
883 495 967 535 voce]
1006 505 1073 528 ΧΠ.
1104 500 1155 528 15.
1183 500 1233 530 12.

538 544 729 584 ‘praeclusa
745 545 852 577 voce!
890 547 1022 579 Deinde
1048 549 1138 579 ‘non
1155 559 1231 589 spes

536 593 637 624 modo
654 595 810 626 remedii'
829 600 881 627 est
895 606 967 636 pro,
978 607 1044 628 non
1058 598 1154 629 modo
1165 608 1231 629 non

537 652 614 683 spes
637 645 787 676 remedii.
820 645 899 678 vid.
928 647 1011 679 Not.
1040 648 1080 678 ad
1097 656 1137 679 11.
1156 651 1184 679 l.
1200 651 1231 679 6.

542 694 644 726 Vorst.

579 745 597 784 ξ
620 748 638 775 5
664 744 843 777 Remedium
860 747 1067 788 polliceretur]
1091 749 1229 779 Mallem

531 794 706 834 pollicetur.
729 795 844 829 Schef.

579 844 795 876 Parmenionis
820 847 971 887 epistolae]
1007 848 1086 878 Sen.
1117 857 1157 879 11.
1188 847 1230 879 de

534 893 594 925 Ira
607 905 636 925 c.
649 897 702 926 23.
735 896 744 912 ‘
759 895 989 928 Alexandrum
1005 898 1147 937 epistola
1163 907 1230 928 ma-

535 944 598 974 tris
621 945 828 976 admonitum
852 945 968 986 fuisse,
993 952 1030 977 ut
1057 957 1076 977 a
1102 956 1229 977 veneno

534 992 684 1035 Philippi
702 995 824 1026 medici
849 995 1008 1036 caveret,’
1034 996 1093 1027 sed
1117 1001 1229 1027 tamen

534 1043 544 1060 ‘
562 1049 736 1084 acceptam
754 1045 923 1084 potionem
940 1055 1005 1076 nou
1028 1046 1229 1077 deterritum

534 1092 679 1125 bibisse'
700 1095 829 1125 scribit.
859 1095 961 1126 Vorst.

577 1145 593 1184 ᾗ
618 1147 639 1175 6
662 1145 788 1184 Ingenti
810 1145 951 1185 pecunia]
988 1146 1032 1176 Et
1059 1145 1229 1185 promissis

531 1193 612 1225 filiae
625 1195 762 1234 nuptiis.
788 1196 879 1226 Plut.
896 1194 996 1226 Alex.
1012 1205 1040 1225 c.
1055 1198 1107 1225 30.
1130 1196 1229 1227 Bern.

565 1245 594 1287 ς
618 1246 636 1274 7
661 1244 839 1275 Inclubituto
862 1244 979 1284 morbo]
1005 1245 1113 1275 Sebis.
1139 1245 1229 1276 indu-

532 1292 632 1324 bitata
647 1297 759 1325 morte:
776 1294 831 1324 vix
847 1294 948 1325 dubia
963 1294 1142 1326 correctio.
1172 1296 1228 1326 Sic

532 1343 621 1373 enim
651 1348 687 1374 et
716 1352 784 1374 ΧΠ.
815 1347 866 1375 15.
895 1347 924 1375 1.
963 1345 1098 1375 Bernec.
1148 1344 1228 1375 Am-

532 1393 665 1432 plector
695 1393 964 1424 emendationem
994 1393 1128 1425 Sebisii.
1171 1395 1228 1425 Sic

532 1450 599 1472 xn.
631 1445 682 1473 15.
715 1445 745 1473 1.
795 1443 1055 1474 ‘Indubitatam
1086 1450 1227 1475 mortem

532 1492 706 1523 sentiens.’
749 1492 853 1523 Vorst.
910 1493 1017 1525 Sebis.
1054 1494 1229 1525 indubitata

530 1545 637 1580 morte,
653 1541 742 1582 quod
768 1542 829 1572 viri
849 1542 989 1574 doctiss.
1011 1544 1228 1576 veliementer

531 1592 690 1632 probant.
751 1593 835 1623 Mihi
871 1598 983 1624 tamen
1021 1595 1111 1625 nulla
1145 1605 1227 1635 opus

531 1642 770 1673 emendatione
787 1643 932 1682 videtur,
948 1643 1025 1684 quia
1040 1645 1122 1675 illud
1139 1645 1228 1676 indu-

531 1691 629 1722 bitato
654 1702 720 1722 non
751 1697 804 1724 est
833 1693 1035 1733 adjectivum
1063 1695 1094 1726 h.
1120 1695 1142 1725 1.
1168 1695 1227 1725 sed

531 1741 742 1781 adverbium,
758 1752 820 1774 nec
840 1744 989 1774 cohaeret
1014 1754 1089 1775 cum
1113 1745 1228 1785 morbo,

531 1792 593 1823 sed
616 1797 624 1809 ‘
639 1793 775 1833 perire!
819 1794 926 1824 Porro
938 1795 1040 1834 perire
1056 1795 1228 1826 indubitato

530 1847 594 1882 est,
618 1847 712 1873 certo
736 1848 770 1873 et
794 1843 879 1874 citra
900 1844 1035 1875 dubium
1052 1845 1145 1876 mori.
1191 1845 1227 1876 Si

531 1893 607 1933 quis
627 1897 737 1923 tamen
763 1894 879 1924 mallet
903 1894 1088 1934 indubitate,
1110 1895 1226 1926 adver-

531 1952 603 1973 sum
620 1952 672 1972 me
688 1952 754 1973 non
771 1943 924 1974 haberet.
951 1944 1057 1981 Sclief.

574 1993 591 2032 ᾧ
611 1995 629 2023 8
659 1993 812 2032 Epistolas
826 1994 940 2024 medico
966 1994 1113 2034 tradidit]
1138 1995 1226 2026 Rec-

531 2041 597 2072 tius
627 2042 807 2081 epistolam
844 2043 942 2073 unica
971 2043 1058 2073 enim
1095 2048 1225 2075 tantum

531 2090 610 2128 fuit,
624 2100 688 2122 nec
703 2092 816 2131 plures
830 2091 942 2131 legere
960 2093 1070 2132 potuit
1084 2093 1226 2133 interea,

530 2140 610 2171 dum
623 2140 816 2172 Alexander
828 2141 975 2172 bibebat.
997 2142 1102 2180 Sclzef.
1134 2144 1224 2174 Cave

531 2191 711 2232 quicquain
725 2196 846 2222 mutes.
871 2193 959 2223 Nam
971 2193 1107 2232 epistoloe
1122 2193 1225 2224 Justi-

530 2250 574 2271 no
590 2243 712 2282 saepius
729 2241 909 2281 accipitur,
934 2247 971 2272 ut
993 2243 1127 2282 littei-ae,
1150 2252 1225 2282 pro,

529 2291 686 2331 epistola.
732 2291 772 2321 In
797 2300 871 2331 cap.
899 2294 949 2321 12.
979 2295 1031 2322 ter
1057 2292 1223 2323 occurrit:

530 2341 539 2357 ‘
558 2341 696 2380 Darius,
714 2351 788 2372 cuni
809 2341 1030 2381 Babyloniam
1056 2340 1225 2381 profugis-

530 2394 593 2429 set,
611 2400 671 2430 per
687 2391 844 2430 epistolas
861 2391 1087 2421 Alexandrum
1105 2391 1225 2431 depre-

530 2439 648 2470 catur!
693 2440 858 2480 Loquitur
881 2446 993 2470 autem
1016 2441 1058 2471 de
1080 2440 1225 2480 epistola

530 2489 650 2529 prima.
696 2490 797 2520 Mox:
834 2492 842 2506 ‘
857 2490 1047 2530 Interjecw
1071 2494 1223 2531 tempore

530 2539 604 2569 aliae
630 2539 784 2579 epistola>
810 2540 905 2570 Darii
929 2540 1125 2572 Alexandro
1149 2541 1223 2572 red-

529 2589 677 2619 duntur.’
715 2589 825 2620 Dein:
865 2590 1015 2621 ‘Scribit
1044 2591 1160 2632 itaque
1187 2596 1223 2623 et

529 2639 660 2677 tertias,
677 2644 711 2670 ct
728 2640 854 2679 gratias
872 2641 962 2681 egit‚'
989 2641 1020 2672 li.
1043 2651 1073 2672 e.
1090 2642 1223 2672 tertiam

529 2689 717 2728 epistolam.
756 2688 829 2720 Lib.
846 2699 866 2719 1.
891 2700 921 2721 c.
944 2692 975 2720 7.
1013 2693 1021 2707 ‘
1036 2690 1150 2721 Lectis
1166 2691 1222 2721 illc

527 2737 705 2777 epistolis.'
744 2737 850 2778 Atqui
864 2748 963 2769 unam
977 2743 1107 2769 tautum
1121 2738 1223 2770 fuisse

529 2787 704 2827 epistolam
715 2792 816 2826 caput
827 2797 929 2827 praec.
939 2787 1099 2820 ostendit.
1117 2789 1223 2820 Groev.

573 2837 660 2868 Inter
684 2836 858 2878 bibendum,
884 2838 954 2879 Era]
976 2837 1152 2879 Cogitand.
1180 2847 1222 2869 au

1005 353 1146 384 NOTAE
1180 354 1398 386 VAR10RU
1410 356 1442 385 M

1476 355 1527 386 IN

1285 458 1350 479 non
1377 448 1550 489 scripserit
1575 449 1666 481 Just.
1695 449 1779 480 inter
1806 448 1979 488 bibendum,

1282 500 1354 530 dum
1368 510 1413 530 oc.
1430 500 1462 530 in
1478 510 1506 531 v.
1524 500 1584 538 leg.
1600 500 1748 538 intendit,
1763 502 1797 529 ut
1809 509 1834 529 s.
1850 509 1877 530 e.
1921 498 1978 529 Ita

1283 549 1400 579 melius
1416 549 1573 579 videntur
1589 549 1770 579 cohaerere.
1809 548 1914 586 Schef.

1327 598 1438 628 Oculos
1461 598 1494 628 in
1524 599 1641 628 vultum
1670 599 1801 637 legentis
1828 597 1977 637 intendit]

1282 648 1366 679 Tac.
1384 647 1426 678 A.
1444 657 1500 678 111.
1518 651 1549 678 3.
1575 651 1603 679 1.
1639 648 1648 664 ‘
1663 649 1790 678 vultum
1815 646 1978 679 scrutari’

1282 697 1379 728 dixit.
1416 698 1513 728 Bern.

1324 748 1378 786 §9
1405 747 1459 785 Ut,
1473 745 1539 786 ξω]
1562 745 1732 776 Dissentit
1756 755 1775 776 a
1796 746 1887 777 Just.
1914 746 1978 776 Zo-

1281 805 1379 825 naras
1395 804 1443 826 1v.
1459 799 1489 826 9.
1527 794 1585 825 Καὶ
1606 796 1622 825 ὁ
1640 794 1696 833 μὲν
1710 794 1818 835 ἔπινεν,
1833 796 1849 825 ὃ
1865 795 1897 826 δὲ
1912 796 1980 826 ἆνε·

1280 843 1438 883 γίνωσκεν,
1450 845 1606 885 ἐνορῶντες
1616 844 1774 884 ἀλλήλοις,
1785 847 1801 875 ὃ
1809 844 1865 884 μὲν
1876 844 1980 884 Ἀλέξ-

1281 895 1385 934 ανδρος
1399 894 1430 924 ἐν
1443 894 1506 933 ὄψει
1519 892 1668 935 χαριέσσῃ
1681 895 1731 924 καὶ
1746 896 1846 936 ἱλαρᾷ,
1857 896 1872 925 ὁ
1885 894 1917 925 δὲ
1928 899 1979 925 Φι-

1280 949 1392 975 λιππος
1405 946 1535 984 περιδεεῖ
1545 943 1598 974 καὶ
1619 944 1850 986 τεθορυβημένῃ.
1881 946 1978 976 Curt.

1279 1003 1335 1024 111.
1351 997 1381 1025 6.
1396 994 1437 1024 de
1454 994 1613 1034 Philippo
1630 994 1757 1025 refert:
1793 996 1802 1012 ‘
1818 995 1894 1034 Ille,
1909 995 1979 1035 epi-

1280 1045 1365 1074 stola
1375 1044 1538 1084 perlecta,
1547 1045 1622 1083 plus
1631 1044 1867 1085 indignationis
1878 1054 1978 1085 quam

1280 1094 1412 1134 pavoris
1428 1093 1603 1125 ostendit!

1322 1144 1408 1174 CAP.
1437 1152 1488 1174 ix.
1542 1144 1559 1183 ᾧ
1589 1146 1605 1174 1
1634 1144 1712 1174 Cum
1740 1144 1977 1185 quadringentis

1278 1193 1428 1233 millibus]
1476 1196 1551 1225 600.
1566 1194 1616 1225 M.
1639 1194 1744 1225 habet
1769 1194 1928 1226 Arrianus
1950 1205 1977 1227 1.

1279 1252 1377 1283 quein
1407 1252 1579 1273 numerum
1606 1244 1726 1274 Persas
1758 1245 1868 1284 prima
1897 1254 1977 1275 con-

1279 1292 1450 1332 gressione
1476 1293 1634 1324 habuisse
1665 1294 1804 1334 scripsit
1831 1295 1919 1327 Just.
1943 1295 1975 1325 h.

1279 1342 1337 1373 lib.
1353 1352 1427 1383 cap.
1442 1346 1474 1374 6.
1500 1347 1552 1374 11.
1579 1353 1698 1375 vereor
1721 1349 1759 1375 ut
1781 1349 1894 1376 recte:
1919 1345 1977 1386 qui

1279 1394 1366 1423 enim
1380 1393 1450 1433 jam
1467 1399 1660 1425 moveretur
1677 1394 1886 1434 Alexander,
1902 1399 1976 1427 600.

1278 1443 1329 1474 Μ.
1360 1443 1468 1483 primo
1500 1445 1616 1484 praelio
1645 1446 1832 1485 superatis?
1865 1447 1976 1487 Vulgo

1278 1493 1333 1524 hic
1350 1494 1475 1534 legitur
1493 1495 1622 1525 CCCtis
1642 1495 1721 1525 mill.
1746 1495 1836 1537 quod
1854 1496 1977 1536 probat

1279 1544 1377 1575 Oros.
1406 1553 1462 1575 111.
1495 1547 1547 1576 16.
1581 1545 1738 1585 Bongars.
1783 1545 1899 1587 Atque
1929 1547 1977 1578 ita

1278 1593 1378 1624 etiam
1394 1594 1559 1634 expressit
1575 1595 1697 1635 interp.
1717 1595 1816 1636 Hisp.
1847 1596 1945 1628 Ber-n.

1321 1643 1360 1674 In
1385 1644 1481 1674 aciem
1503 1644 1658 1684 procedit]
1683 1645 1766 1676 Mss.
1790 1645 1916 1685 plures,
1943 1646 1976 1676 in

1277 1694 1352 1730 acie,
1370 1693 1459 1735 quod
1476 1692 1501 1724 f.
1518 1703 1583 1724 non
1605 1699 1658 1725 est
1680 1694 1874 1734 negligenti.
1911 1696 1919 1712 ⁴
1934 1694 1975 1725 In

1278 1743 1370 1774 acie'
1395 1744 1459 1783 vel,
1475 1745 1600 1775 omissa
1617 1754 1720 1785 praep.
1746 1746 1754 1762 ‘
1769 1744 1841 1775 acie
1857 1754 1976 1785 proce-

1277 1793 1382 1833 dere,’
1398 1799 1464 1834 est,
1482 1795 1666 1834 procedere
1679 1795 1785 1835 copiis
1799 1795 1974 1826 instructis

1277 1843 1519 1884 ordinatisque,
1531 1844 1573 1874 ad
1589 1843 1781 1875 conflictum
1794 1849 1889 1875 certo
1905 1855 1973 1876 mo-

1277 1892 1319 1922 do
1343 1892 1522 1933 dispositis.
1561 1894 1616 1924 Ita
1631 1894 1780 1933 suggredi
1799 1895 1864 1925 acie
1880 1904 1974 1925 usur-

1276 1943 1371 1983 pavit
1398 1944 1477 1975 Tac.
1507 1953 1558 1975 ιν.
1590 1944 1633 1975 Α.
1658 1947 1711 1975 47.
1761 1944 1875 1976 ‘Quos
1904 1945 1973 1976 dux

1276 1993 1461 2032 Romanus,
1476 1994 1546 2024 acie
1559 2003 1765 2035 suggressus,
1776 1994 1865 2025 haud
1881 2004 1973 2035 aegre

1275 2043 1430 2083 pepulit.⁷
1467 2043 1570 2081 Scires.

1308 2094 1325 2132 ᾧ
1341 2096 1360 2123 2
1386 2093 1630 2133 1ἰεε])εειυ,ὶ5”ε.]
1655 2093 1742 2123 Saxo
1757 2102 1830 2125 ΧΠ.
1848 2103 1880 2133 p.
1897 2096 1972 2125 374.

1275 2144 1328 2173 37.
1378 2143 1449 2173 ‘Ut
1475 2143 1600 2184 absque
1626 2153 1658 2183 p.
1680 2153 1705 2174 s.
1728 2152 1755 2174 r.
1781 2143 1814 2173 in
1841 2143 1973 2174 hostem

1275 2192 1545 2223 contenderent.’

1319 2240 1495 2279 Interdum]
1535 2240 1581 2272 H.
1612 2250 1642 2272 e.
1673 2241 1820 2280 interim,
1848 2244 1885 2272 ut
1915 2251 1971 2282 ap.

1274 2289 1362 2321 Vell.
1380 2298 1420 2320 11.
1436 2292 1488 2321 74.
1505 2293 1535 2320 2.
1561 2295 1598 2321 et
1619 2290 1653 2320 in
1677 2289 1822 2330 Apuleio
1839 2291 1973 2331 saepius.

1275 2339 1373 2370 Bern.

1316 2390 1333 2429 ᾧ
1350 2391 1368 2419 3
1395 2389 1443 2420 Ne
1457 2388 1630 2429 desperatio
1645 2389 1708 2420 suis
1722 2389 1884 2430 cresceret]
1910 2390 1971 2421 Lo-

1274 2448 1332 2470 cus
1354 2439 1406 2469 hic
1429 2439 1578 2470 nonnihil
1602 2444 1653 2470 est
1678 2444 1856 2480 suspectus
1880 2440 1959 2471 mihi

1275 2489 1377 2520 Certe
1389 2489 1415 2520 si
1431 2489 1571 2520 timebat
1582 2489 1790 2529 Alexander,
1800 2499 1842 2521 ne
1856 2490 1973 2531 despe-

1274 2539 1361 2570 ratio
1378 2543 1561 2579 cresceret,
1583 2548 1722 2570 necesse
1750 2545 1814 2580 est,
1838 2545 1876 2571 ut
1897 2541 1971 2580 jam

1274 2589 1385 2630 aliqua
1402 2589 1505 2620 suerit
1521 2599 1574 2630 ap.
1590 2589 1662 2629 ejus
1678 2590 1810 2621 milites.
1855 2590 1904 2621 At
1921 2590 1972 2621 di-

1273 2648 1405 2669 versum
1417 2648 1459 2669 ex
1472 2639 1611 2670 historia
1621 2639 1802 2680 colligitur.
1833 2640 1970 2672 Deinde

1273 2698 1316 2720 ne
1333 2689 1440 2720 oratio
1463 2689 1598 2730 quidem
1623 2689 1702 2720 satis
1729 2688 1867 2729 decens,
1892 2690 1971 2730 quia

1274 2738 1356 2769 illud
1380 2739 1442 2769 suis
1469 2743 1504 2769 et
1531 2748 1609 2769 mox
1633 2748 1702 2769 suos
1728 2739 1896 2779 repetitur
1921 2739 1971 2769 in-

1274 2792 1382 2829 grate.
1420 2789 1559 2819 Mallem
1573 2798 1654 2830 ergo
1670 2798 1730 2829 pro
1746 2789 1810 2820 suis
1823 2791 1970 2820 cresceret

1273 2838 1388 2879 legere
1399 2841 1608 2871 succresceret.
1642 2838 1777 2871 Dicitur
1797 2839 1807 2857 ⁴
1819 2847 1969 2871 succres-
