2101 3419
455 305 612 347 lxxxiv

455 413 515 442 diae
530 410 607 441 inter
621 410 739 450 aliquos
761 410 813 447 xii,
831 413 882 446 15,
900 412 936 442 11
965 410 1083 443 mittere
1099 411 1155 441 sul»

1095 312 1257 344 INDEX

1247 408 1385 440 Mollitia
1409 408 1544 451 corporis
1572 407 1710 440 soeminas
1739 409 1852 442 anteire
1879 409 1902 449 i,

449 455 560 495 jugum
596 453 720 488 xxxviii,
735 455 767 489 4,
785 456 825 485 12
848 453 966 483 mittere
980 453 1018 483 ad
1045 463 1160 493 corpus
1205 455 1236 489 3,
1249 455 1269 482 2
1291 451 1479 482 effoeminata
1493 451 1635 482 mollities
1656 452 1678 488 i,
1693 455 1726 488 7,
1741 455 1780 483 13

454 497 667 537 requirendum
690 495 761 531 xliv,
776 497 808 532 4,
825 498 843 527 3
873 496 966 525 mittit
990 506 1022 525 se
1047 501 1155 526 ventu-

454 549 520 568 rum
557 549 586 573 v,
617 541 648 573 3,
662 541 681 568 7
717 537 801 577 (pro,
830 537 884 579 qui
907 537 1096 576 nuntiarent,
1123 549 1156 569 se

454 580 632 620 venturum)
649 580 762 610 Scheff.
797 580 836 611 de
851 580 929 611 coelo
941 581 1048 611 missus
1071 591 1101 617 ν,
1122 583 1155 617 4,

455 627 497 654 10
534 624 572 653 ad
599 628 739 653 senatum
769 622 877 653 missus
903 624 984 659 xxxi,
1009 626 1041 659 4,
1068 626 1086 654 3
1124 623 1156 652 in

454 665 569 696 bellum
593 666 673 701 xxxi,
689 669 720 701 6,
735 668 755 696 7
791 670 940 696 scrutator
962 666 1045 706 regio
1074 675 1157 696 more

455 709 565 738 missus
582 707 703 743 xxxviii,
720 711 750 745 l,
761 711 782 740 9
803 718 866 748 quo
881 708 1015 739 decimas
1030 707 1157 738 Herculi

455 752 531 781 ferre
546 751 654 780 missus
667 756 731 781 erat
752 751 836 788 xviii,
852 753 884 787 7,
900 754 919 783 7
943 751 975 781 in
999 761 1066 781 eam
1094 761 1157 781 rem

457 793 540 823 missi
563 793 624 829 xxi,
640 796 671 829 2,
688 795 707 824 7

497 835 700 876 Mitylenaeus
715 834 894 865 Laomedon
909 835 972 871 xiii,
986 837 1018 871 4,
1033 838 1072 867 12

497 878 659 908 Mobilitas
673 878 802 908 militum
826 877 907 913 xxvi,
920 881 952 914 2,
968 880 1007 908 12

499 921 663 951 Moderate
703 920 913 950 administrare
947 930 1072 960 regnum
1105 919 1158 955 vii,

455 966 488 998 2,
514 966 532 994 5
570 964 726 994 moderate
752 972 847 1003 regna
874 961 1010 993 dividere
1046 962 1079 1000 ii,
1107 965 1160 998 10,

500 1047 677 1078 ΒΙοᾱοι-εῑῐίο
703 1047 863 1077 Ptolemaei
887 1057 937 1082 xv,
955 1049 985 1082 1,
1001 1049 1021 1077 7
1054 1046 1160 1077 mode-

456 1091 533 1120 ratio
545 1091 649 1120 similis
664 1090 779 1119 utinam
791 1089 915 1129 reliquis
928 1088 1103 1119 mortalibus
1113 1099 1159 1118 es-

457 1138 503 1162 set
513 1132 545 1168 ii,
559 1136 590 1168 2,
604 1136 639 1163 11
658 1132 705 1173 (in
719 1132 829 1171 quibus
843 1131 1093 1161 ‘moderatio‘est
1106 1142 1159 1172 pro

457 1176 667 1205 moderatione
678 1174 782 1204 animi.
805 1174 855 1204 Sic
866 1179 898 1204 et
909 1173 1049 1204 Valerius
1060 1174 1162 1204 Maxi-

458 1228 525 1247 mus
548 1218 589 1253 iv,
607 1221 635 1248 1.
652 1217 748 1246 etalii
764 1217 885 1257 saepius.
922 1216 1004 1247 Vide
1031 1221 1063 1246 et
1091 1227 1161 1246 nos-

458 1265 540 1289 trum
562 1260 584 1295 i,
603 1263 633 1295 1,
650 1260 686 1299 1)
701 1259 804 1289 Vorst.

502 1302 685 1332 Moderatus
701 1301 771 1342 (qui
782 1301 898 1341 justam
920 1301 1161 1331 mediocritatem

459 1344 574 1384 servat)
598 1344 650 1381 vii,
666 1347 698 1380 6,
715 1347 755 1375 16
779 1343 915 1374 Freinsh.
941 1344 1114 1373 moderatus
1130 1343 1161 1372 in

458 1387 586 1427 imperio
620 1387 703 1426 xxiii,
719 1389 751 1422 4,
768 1389 809 1419 14
841 1386 1000 1416 moderata
1024 1385 1161 1427 polliceri

461 1429 500 1465 xi,
520 1433 548 1464 l,
565 1432 585 1460 9

504 1471 662 1501 Modestia
677 1470 792 1512 aliquid
816 1470 954 1501 obtinere
977 1470 1030 1508 xii,
1052 1473 1104 1507 12,
1131 1472 1162 1502 7.

459 1514 551 1550 xxxii,
565 1518 597 1549 2,
610 1517 629 1545 4

502 1557 615 1586 Modia
629 1556 772 1586 frumenti
796 1555 838 1592 vi,
853 1558 885 1591 2,
902 1558 922 1587 2

504 1599 651 1629 Modicus
676 1599 748 1639 (pro
775 1597 906 1639 exiguo)
928 1597 961 1634 ii,
982 1600 1015 1633 3,
1036 1599 1088 1629 15.
1111 1596 1164 1633 vii,

462 1645 492 1677 1,
508 1645 528 1673 2
552 1642 655 1672 Vorst.
691 1641 819 1672 modicae
835 1642 924 1672 urbes
947 1640 988 1677 ix,
1006 1644 1036 1678 1,
1053 1643 1070 1671 1
1101 1650 1164 1670 non

461 1685 583 1714 modica
599 1684 707 1714 solatia
728 1683 788 1720 xix,
802 1687 833 1720 3,
849 1686 870 1714 4

504 1727 605 1757 :Modo
622 1737 781 1767 personam
797 1724 902 1762 occisi,
926 1725 1018 1755 modo
1039 1734 1165 1755 causam

461 1769 625 1800 occidendi
639 1769 836 1800 considerans
858 1769 912 1805 xii,
926 1771 958 1804 6,
974 1772 992 1798 5
1008 1767 1081 1808 (pro
1098 1772 1165 1797 tan-

462 1811 544 1849 tum)
568 1813 608 1848 xi,
634 1815 665 1848 8,
690 1815 721 1843 4.
749 1812 813 1849 xiii,
837 1813 870 1848 2,
898 1814 949 1842 11.
980 1809 1054 1847 xxii,
1080 1812 1113 1846 8,
1133 1812 1166 1841 6.

462 1854 584 1889 xxxviii,
600 1858 632 1890 7,
647 1858 668 1885 9

506 1897 665 1927 Modulari
676 1906 835 1926 nervorum
848 1895 1073 1927 oblectamenta
1096 1904 1165 1930 xxx,

466 1942 498 1975 1,
515 1942 535 1970 9

506 1981 624 2011 Modus
640 1980 764 2010 ultionis
789 1980 829 2016 ix,
854 1982 885 2017 8,
912 1981 951 2010 14
982 1978 1014 2009 in
1041 1979 1167 2009 modum

464 2021 610 2063 triumphi
634 2033 663 2056 v,
679 2026 710 2058 7,
725 2025 758 2054 2.
782 2022 842 2058 xvi,
856 2026 885 2058 5,
905 2025 923 2053 5
953 2022 1078 2051 modum
1106 2026 1167 2051 sta-

465 2072 551 2095 tuere,
566 2065 714 2095 sumtibus
732 2065 906 2105 nuptiarum
932 2063 993 2099 xxi,
1019 2066 1051 2100 4,
1076 2067 1094 2095 5
1136 2063 1168 2092 in

465 2108 590 2138 modum
606 2118 723 2137 reorum
747 2107 846 2143 xxxvi,
860 2109 892 2143 4,
906 2110 926 2138 2

511 2150 630 2180 Moenia
646 2151 778 2180 condere
802 2149 832 2184 ii,
851 2152 901 2185 12,
917 2151 937 2179 4
960 2152 1112 2178 exstruere
1138 2158 1167 2182 v,

467 2196 500 2228 7,
518 2196 557 2224 12
581 2193 678 2233 patria
692 2192 863 2232 municipes
878 2196 960 2227 sunt,
975 2201 1037 2220 non
1058 2190 1170 2220 moenia

467 2236 499 2271 ii,
517 2239 568 2270 12,
597 2238 635 2266 14
660 2235 770 2265 moenia
798 2233 913 2274 majora
944 2232 1107 2273 complecti
1136 2232 1169 2268 ii,

471 2282 522 2314 15,
538 2281 558 2308 2
582 2278 669 2307 urbes
685 2276 836 2307 moenibus
848 2276 969 2316 cingere
992 2275 1066 2312 xliii,
1081 2277 1113 2311 4,
1131 2278 1147 2305 l

510 2321 626 2350 Moeror
642 2319 705 2355 viii,
721 2324 751 2355 5,
769 2322 819 2350 10.
842 2318 896 2355 xii,
908 2322 940 2355 3,
954 2321 971 2349 1

511 2363 625 2392 Moesta
640 2362 747 2392 civitas
770 2362 830 2398 xix,
845 2364 877 2397 2,
891 2363 911 2392 8
941 2364 1046 2391 moesta
1073 2364 1173 2391 castra

471 2405 555 2440 xviii,
571 2408 602 2439 7.
621 2408 660 2435 10

512 2448 617 2477 Moles
632 2449 705 2487 (pro
721 2446 880 2487 aggeribus
889 2450 996 2476 contra
1007 2444 1067 2475 vim
1078 2455 1172 2485 aqua-

470 2490 552 2527 rum)
569 2490 600 2525 ii,
618 2493 648 2526 l,
665 2493 706 2520 *20
729 2490 797 2526 (Sic
820 2490 887 2520 Cic.
904 2489 937 2518 ii.
960 2488 1025 2519 Off.
1047 2491 1056 2505 ‘
1070 2488 1174 2518 Moles

470 2533 614 2563 fluctibus
629 2531 819 2573 oppositae’).
846 2531 952 2571 majori
982 2531 1062 2561 mole
1087 2540 1174 2570 repa·

470 2586 535 2605 rare
552 2575 663 2605 bellum
687 2574 757 2609 xxii,
771 2577 802 2610 3,
823 2578 844 2605 9
867 2574 969 2604 Vorst.
992 2574 1087 2604 moles
1113 2582 1175 2602 are-

474 2628 579 2648 narum
602 2618 643 2653 iv,
661 2620 723 2653 1,ss
746 2627 890 2657 aquarum
913 2616 992 2652 xxxi,
1008 2619 1072 2652 5,7

518 2660 625 2690 Moliri
640 2660 711 2700 (pro
727 2659 868 2699 aggredi)
880 2659 913 2696 ii,
927 2662 978 2694 15,
997 2662 1011 2690 1
1038 2658 1175 2689 Ἑῐθίιιείι.

473 2702 572 2732 moliri
587 2702 703 2742 aliquid
719 2702 750 2731 in
766 2702 898 2741 aliquem
926 2701 986 2737 xiv,
1001 2704 1034 2737 4,
1051 2704 1090 2733 11

518 2745 699 2774 Molitiones
712 2750 876 2774 castrorum
892 2743 944 2780 xii,
960 2747 992 2780 8,
1008 2747 1048 2774 16

516 2787 642 2817 Mollior
669 2787 753 2816 labor
778 2787 852 2828 (hoc
878 2791 937 2823 est,
974 2785 1176 2828 tolerabilior)

475 2829 528 2865 xii,
543 2832 575 2864 4,
590 2832 609 2859 4
634 2829 769 2858 Freinsh-

519 2871 636 2902 Molliri
652 2871 724 2902 vitia
741 2872 874 2902 locorum
891 2875 953 2901 arte
977 2871 1008 2907 ii,
1026 2873 1054 2906 1,
1070 2874 1090 2901 6

1247 495 1390 530 Molossi,
1404 494 1457 535 qui
1472 500 1580 534 postea.
1593 493 1728 534 Epirotae
1749 493 1821 530 xvii,
1837 497 1869 532 3,
1881 498 1903 527 2

1247 537 1444 567 Momentum
1458 537 1530 577 (pro
1545 538 1693 577 pondere,
1714 536 1839 576 robore)
1863 537 1904 573 xi,

1205 582 1237 615 4.
1254 582 1305 610 12.
1328 580 1393 615 xiii,
1408 583 1440 616 6,
1455 582 1507 610 12.
1530 578 1602 616 xvii,
1617 582 1649 615 2,
1666 582 1704 611 11
1749 589 1804 620 pro
1828 586 1905 610 tem-

1206 632 1280 662 pore
1315 621 1348 658 ii,
1365 624 1417 658 14,
1442 624 1464 652 9
1490 631 1544 662 pro
1590 621 1630 658 vi,
1652 622 1788 652 efficacia
1817 632 1848 658 v,
1871 623 1905 658 4,

1208 668 1247 696 12
1270 664 1404 704 ignobile
1427 665 1500 704 (pro
1526 674 1557 694 re
1580 674 1642 694 non
1666 665 1769 704 magni
1797 663 1908 694 laboris

1206 711 1260 736 aut
1289 706 1378 747 usus)
1413 706 1467 742 vii,
1490 709 1522 742 3,
1546 709 1564 737 1
1588 706 1725 737 Freinsh.
1761 706 1909 736 momenti

1208 754 1326 779 tantum
1341 749 1373 778 in
1389 759 1451 779 uno
1466 749 1529 779 viro
1552 760 1581 785 ν,
1593 751 1626 784 4,
1643 752 1683 781 12
1718 749 1818 779 brevis
1841 758 1907 778 mo-

1207 791 1302 822 menti
1316 791 1408 832 culpa
1429 790 1471 827 vi,
1487 794 1519 827 3,
1534 794 1554 822 8
1575 801 1639 821 non
1663 791 1818 821 modicum
1842 801 1908 821 mo-

1208 839 1344 864 mentum
1383 834 1518 864 victoriae
1555 833 1588 863 in
1624 833 1785 874 repentino
1824 838 1909 863 metu

1207 876 1303 906 hostis
1325 875 1397 912 xxii,
1412 879 1443 911 5,
1460 879 1478 907 7
1513 875 1583 916 plus
1607 876 1754 907 momenti
1778 884 1910 916 persona

1208 918 1262 949 filii
1278 928 1370 959 quam
1393 918 1558 949 auctoritas
1579 919 1674 960 patris
1687 918 1796 949 habuit
1816 918 1911 956 xxxii,

1208 964 1272 998 2,7

1251 1003 1384 1034 Monere
1399 1002 1532 1044 aliquem
1554 1002 1607 1040 xii,
1622 1005 1675 1039 11,
1690 1006 1722 1035 7.
1743 1003 1805 1040 xiv,
1820 1006 1853 1040 2,
1869 1005 1910 1035 12

1210 1046 1334 1076 summis
1348 1045 1609 1076 obsecrationibus
1623 1044 1704 1082 xxiv,
1716 1048 1748 1082 S,
1761 1049 1781 1076 7

1252 1089 1393 1119 Monitus
1409 1088 1594 1130 (substant.)
1617 1088 1701 1125 xviii,
1718 1092 1750 1126 5,
1765 1091 1796 1121 2.
1811 1088 1913 1126 xxxvi,

1210 1134 1242 1168 2,
1255 1134 1276 1162 9

1254 1173 1350 1203 Mons
1365 1182 1449 1203 sacer
1462 1173 1546 1213 apud
1560 1172 1681 1214 Nysam
1703 1173 1756 1210 xii,
1769 1176 1801 1209 7,
1816 1176 1836 1205 7
1852 1174 1914 1205 Pa-

1211 1215 1324 1246 latinus
1346 1215 1421 1251 xliii,
1444 1218 1473 1252 1,
1497 1217 1536 1247 ll
1575 1225 1683 1246 aureus
1703 1216 1736 1246 in
1761 1215 1915 1257 Hispania.

1212 1258 1284 1294 xliv,
1300 1260 1331 1294 3,
1342 1261 1362 1289 6
1377 1258 1589 1298 Zapaortenon
1603 1258 1636 1288 in
1650 1258 1771 1289 Parthis
1783 1259 1836 1295 xli,
1849 1263 1882 1296 5,
1894 1263 1913 1291 l

1212 1305 1331 1331 montes
1347 1299 1472 1330 Daedali
1492 1300 1544 1336 xii,
1560 1304 1592 1336 7,
1605 1303 1626 1332 9
1648 1299 1773 1341 Rhipaei
1797 1301 1831 1338 ii,
1845 1304 1877 1338 2,
1894 1305 1912 1334 l

1213 1347 1332 1373 montes
1346 1342 1379 1372 in
1394 1342 1487 1383 plana
1502 1342 1629 1373 deducti
1642 1353 1660 1373 a
1674 1343 1772 1374 Xerxe
1801 1343 1834 1380 ii,
1861 1346 1916 1380 10,

1212 1389 1255 1418 24
1278 1386 1427 1415 montium
1442 1385 1559 1425 refugia
1581 1385 1613 1422 ii,
1625 1388 1657 1421 6,
1672 1389 1711 1417 10
1729 1386 1808 1426 juga
1821 1385 1916 1422 xxxii,

1213 1431 1246 1464 3,
1262 1430 1303 1459 14
1326 1428 1419 1457 ardua
1442 1427 1494 1463 xli,
1510 1430 1540 1462 1,
1557 1430 1596 1459 11
1625 1428 1751 1458 diversis
1765 1428 1916 1459 montium

1214 1469 1387 1511 regionibus
1403 1474 1582 1510 pernoctare
1602 1471 1714 1507 xxxvii,
1728 1473 1759 1506 2,
1775 1473 1795 1502 8

1257 1513 1400 1543 Monstra
1413 1513 1444 1541 in
1459 1512 1536 1542 freto
1551 1512 1655 1543 Siculo
1683 1512 1725 1549 iv,
1743 1516 1772 1548 l,
1790 1515 1829 1544 13

1258 1555 1453 1585 Mousti-are:
1483 1560 1618 1586 monstro
1647 1554 1740 1586 alicui
1764 1565 1848 1586 arare
1882 1553 1919 1592 ii,

1215 1600 1246 1633 6,
1260 1602 1278 1629 5
1310 1597 1372 1637 regi
1400 1601 1566 1628 monstrata
1589 1598 1622 1628 in
1644 1598 1779 1629 remedia
1804 1597 1918 1629 veneni

1215 1641 1308 1671 herba
1323 1644 1370 1670 est
1391 1638 1444 1675 xii,
1462 1642 1512 1676 10,
1528 1643 1547 1671 3

1258 1683 1497 1713 Monumentum
1513 1682 1733 1723 suppliciorum
1754 1681 1827 1719 xxii,
1841 1685 1874 1719 7,
1896 1685 1917 1714 8

1216 1725 1248 1756 in
1276 1730 1475 1755 monumenta
1501 1735 1600 1755 rerum
1625 1731 1777 1767 gestarum
1812 1725 1919 1756 urbem

1216 1768 1349 1799 condere
1371 1767 1424 1804 xii,
1440 1771 1492 1804 10,
1512 1770 1534 1799 6
1555 1768 1697 1800 Herculis
1721 1772 1920 1799 monumenta

1215 1820 1356 1851 superare
1378 1809 1439 1845 xiv,
1454 1813 1485 1846 2,
1502 1813 1523 1841 9

1258 1853 1381 1883 Moram
1395 1853 1494 1883 facere
1513 1851 1588 1894 (hoc
1614 1857 1672 1890 est,
1688 1851 1808 1883 morari.
1836 1851 1919 1883 Vide

1215 1894 1358 1936 Facere).
1375 1906 1429 1934 pro
1443 1894 1579 1926 resistere
1591 1906 1621 1931 v,
1637 1898 1669 1932 6,
1695 1898 1715 1927 4
1731 1895 1822 1937 (Non
1838 1894 1920 1925 absi-

1215 1937 1328 1968 militer
1360 1937 1527 1978 Virgilius:
1565 1943 1573 1956 ‘
1598 1948 1711 1979 pugnae
1740 1938 1919 1977 nodumque

1217 1980 1420 2020 11101·amque')
1462 1979 1599 2011 Freinsh.
1660 1980 1783 2010 Moram
1819 1979 1920 2010 facere

1217 2023 1305 2052 rebus
1335 2022 1462 2062 agendis
1497 2022 1540 2058 vi,
1569 2025 1600 2058 2,
1625 2025 1666 2054 16
1698 2022 1769 2063 (pro
1798 2022 1920 2052 differre

1216 2074 1286 2104 qllae
1302 2065 1422 2105 agenda
1436 2064 1536 2104 suut).
1559 2075 1621 2095 non
1642 2074 1783 2104 magnam
1806 2074 1919 2094 [noran]

1216 2107 1316 2137 facere
1345 2106 1424 2136 bello
1447 2117 1477 2142 v,
1491 2109 1523 2143 6,
1549 2109 1569 2138 4
1594 2107 1667 2147 (pro
1696 2107 1795 2137 facere
1823 2106 1922 2136 imbe-

1217 2149 1344 2179 cillitate
1373 2159 1439 2184 sua,
1468 2153 1502 2178 ut
1530 2149 1613 2180 brevi
1641 2149 1754 2180 bellum
1788 2148 1922 2179 finiatur.

1219 2191 1323 2221 Simile
1339 2190 1415 2221 illud
1431 2191 1564 2231 Virgilii,
1580 2196 1588 2209 ¹
1605 2202 1719 2232 pugnae
1743 2191 1923 2231 nodumque

1218 2233 1423 2274 moramque’)
1442 2233 1542 2264 Vorst.
1578 2245 1636 2265 nee
1659 2244 1742 2264 mora
1754 2233 1924 2275 congressi-

1220 2276 1272 2305 oni
1287 2276 1345 2305 fuit
1367 2276 1490 2312 xxxviii,
1506 2279 1558 2312 10,
1574 2279 1594 2308 6
1622 2286 1684 2307 una
1697 2277 1764 2306 haec
1779 2286 1863 2307 mora
1876 2281 1925 2306 est

1220 2318 1298 2348 illia
1314 2317 1434 2349 Graecia
1461 2319 1540 2355 xxix,
1556 2322 1588 2354 2,
1604 2322 1626 2350 9

1263 2361 1403 2391 Moratur
1417 2371 1455 2391 ea
1469 2371 1514 2392 res
1529 2361 1686 2392 victoriam
1707 2360 1729 2397 i,
1746 2363 1798 2396 10,
1813 2363 1834 2392 6
1865 2370 1925 2391 nec

1221 2403 1307 2434 dicta
1320 2414 1365 2434 res
1387 2409 1504 2434 morata
1525 2403 1558 2440 ii,
1573 2407 1605 2441 3,
1621 2407 1662 2436 13
1685 2403 1793 2434 morari
1819 2403 1851 2434 in
1876 2413 1926 2433 ra-

1222 2446 1291 2476 dice
1320 2447 1432 2476 montis
1469 2446 1542 2487 (pro
1578 2446 1733 2487 habitare)
1765 2445 1818 2481 xii,
1846 2449 1877 2482 6,
1903 2448 1925 2476 9

1222 2489 1325 2518 Vorst.
1358 2499 1416 2519 nec
1431 2488 1572 2526 facultas,
1587 2499 1645 2520 nec
1671 2488 1778 2530 inopia
1792 2493 1927 2519 moratur

1223 2532 1328 2571 sugam
1350 2532 1431 2567 xxxi,
1447 2534 1479 2567 2,
1495 2535 1515 2563 4

1267 2574 1371 2604 Morbi
1387 2584 1479 2604 causa
1501 2573 1553 2609 xii,
1567 2576 1620 2610 13,
1637 2576 1677 2604 10
1700 2572 1745 2603 vis
1768 2571 1851 2609 xxiii,
1863 2576 1925 2609 2,3

1224 2627 1295 2647 cura
1318 2616 1400 2652 xxiii,
1416 2619 1448 2653 2,
1463 2619 1483 2647 6
1513 2617 1650 2646 morbum
1665 2626 1702 2646 ex
1717 2615 1796 2646 Solis
1810 2615 1928 2646 fervore

1224 2660 1401 2690 contrahere
1425 2658 1524 2694 xxxvi,
1540 2661 1572 2694 4,
1588 2662 1606 2689 5

1268 2701 1350 2731 Mori
1374 2702 1431 2742 (de
1452 2706 1547 2732 morte
1572 2705 1690 2731 tantum
1714 2697 1861 2740 naturali)
1883 2699 1929 2736 xi,

1226 2747 1278 2780 11,
1302 2746 1323 2775 9
1345 2743 1480 2774 Freinsh.
1505 2743 1635 2774 moriens
1661 2743 1767 2783 (morti
1795 2742 1930 2778 vicinus,

1225 2786 1356 2816 animam
1383 2786 1495 2827 agens)
1517 2786 1561 2822 iii,
1587 2789 1618 2821 3,
1645 2788 1684 2817 12
1721 2785 1825 2815 Vorst.
1862 2795 1929 2814 mo-

1224 2828 1324 2859 riendi
1350 2828 1490 2858 voluntas
1513 2828 1565 2864 xii,
1590 2832 1622 2863 6,
1646 2831 1666 2858 9
1698 2827 1846 2867 patientia
1875 2827 1928 2862 xii,

1227 2874 1277 2906 11,
1294 2874 1314 2902 9
1345 2876 1449 2911 parato
1475 2871 1513 2901 ad
1545 2871 1732 2901 moriendum
1759 2869 1860 2900 animo
1895 2869 1929 2901 ii.
