2174 3424
450 332 534 374 Sti-2

449 446 514 469 vn.
529 442 558 470 5.
573 441 626 469 62.
654 437 822 469 Ammian.
840 445 930 469 xxx.
945 438 1017 468 227.
1047 435 1146 466 Facit

449 489 514 519 huc
540 487 680 520 historia
710 487 840 529 Zopyri
867 497 942 529 sup.
968 496 994 519 1.
1018 489 1071 517 10.
1096 489 1147 517 15.

450 539 582 570 Bemec.

492 590 578 621 CAP.
595 598 657 621 xv.
681 589 699 630 ξ
718 592 728 620 l
749 588 778 620 A
793 588 932 628 cognatis
944 586 1020 627 suis]
1043 587 1148 618 Besso

449 643 485 672 et
501 640 714 671 Nabarzane.
740 641 835 672 Curt.
853 649 887 670 v.
903 642 953 670 10.
975 639 1026 669 Id.

492 689 608 721 Aureis
621 689 826 730 compedibus]
866 688 946 720 Vid.
968 692 1085 718 uotam
1106 685 1148 717 ad

450 749 485 772 v.
503 743 599 772 ll.4.
630 740 726 772 Idem.

493 791 533 821 In
562 791 627 821 vico
653 790 841 821 Parthorum
867 790 972 821 Timeo
998 783 1149 824 vincitur]

451 840 548 872 Curt.
564 850 613 871 vr.
630 841 678 871 ait
693 841 836 872 Darium
853 845 931 880 post
951 838 992 869 ad
1015 837 1150 877 Gauga-

449 890 538 920 mela
554 900 700 930 pugnam
718 890 894 921 Ecbatana
909 887 1061 919 venisse:
1092 886 1150 916 (le-

449 939 527 970 inde
540 940 605 971 iter
621 940 773 971 molitum
785 940 817 970 in
828 940 969 970 Bactra.
1016 936 1150 967 Arrian.

451 990 500 1020 ait
524 999 585 1030 per
607 989 749 1030 Caspias
772 995 888 1029 portas
913 988 948 1018 in
976 985 1150 1016 Parthiam

450 1041 585 1071 venisse
601 1050 693 1071 eum:
719 1039 876 1072 Justiuus
900 1038 932 1068 in
948 1036 1151 1067 Parthorum

451 1093 526 1125 vico
539 1094 653 1124 Tanea
671 1093 837 1123 vinctum.
881 1088 1079 1120 Alexander
1095 1096 1151 1117 au-

451 1148 521 1174 tem
537 1153 612 1174 cum
637 1142 788 1173 audisset
803 1140 942 1171 Darium
967 1136 1153 1169 Ecbatanis

452 1203 540 1232 esse,
551 1203 593 1223 ex
608 1192 785 1232 Persepoli
798 1190 942 1231 primum
954 1188 988 1219 in
1001 1186 1152 1218 Mediam

451 1249 594 1282 motum,
610 1253 688 1273 mox
713 1243 779 1272 iter
795 1245 944 1271 mutasse
960 1238 1002 1268 ad
1027 1235 1151 1267 famam

451 1292 542 1332 fugae
561 1293 672 1330 Darii,
695 1301 733 1322 ac
759 1291 890 1321 venisse
916 1289 1062 1327 Rhagas,
1077 1295 1153 1317 011111

452 1343 599 1375 Arriano
616 1343 736 1374 scribit
751 1340 900 1372 Curtius,
935 1337 1042 1369 Addit
1055 1338 1153 1368 Curt.

454 1395 591 1434 Rliagas
605 1393 767 1433 oppidum
780 1400 858 1421 esse
881 1390 914 1420 in
927 1388 1153 1418 Paraetacene

452 1445 593 1479 Ultima,
605 1443 665 1474 sed
677 1444 769 1473 locus
781 1439 892 1472 Curtii
901 1437 1153 1477 corruptissime

451 1497 589 1535 legitur.
614 1495 685 1525 Nos
698 1494 730 1524 in
743 1489 1016 1523 annotationibus
1030 1487 1154 1518 nostris

452 1546 534 1576 satis
565 1546 754 1575 luculenter
776 1550 924 1573 errorem
951 1538 1153 1579 aperuimus.

452 1596 509 1627 De
529 1596 630 1626 Tanea
645 1594 710 1625 rz'co
734 1592 815 1624 nihil
840 1591 954 1621 dicere
977 1597 1153 1629 possumus

452 1655 507 1687 ap.
522 1646 605 1676 alios
622 1646 749 1676 lectum
766 1646 933 1674 auctores.
959 1638 1109 1669 Glurean.

498 1696 536 1727 In
566 1696 632 1726 vico
665 1693 854 1724 Parthorum
893 1688 1011 1728 Thura]
1067 1688 1154 1718 Dura

453 1746 588 1777 omnino
606 1743 774 1775 scribend.
787 1747 848 1772 est.
894 1739 1043 1780 Etymol.
1056 1739 1153 1777 Mag-

454 1806 532 1827 num
546 1806 553 1826 ε
580 1793 681 1835 Δέρας
696 1793 778 1833 παρὰ
791 1791 829 1822 τὸ
842 1792 875 1822 ἐν
893 1791 938 1829 τῷ
954 1790 1034 1828 αὐτῷ
1054 1787 1154 1827 χωρίῳ

454 1847 668 1884 συλληφθῆναι
694 1844 822 1883 Δαρεῖον
860 1841 917 1871 ὑπὸ
945 1838 1154 1878 Ἀλεξάνδρου·

455 1896 512 1926 ὑπὸ
527 1895 558 1926 δὲ
572 1893 779 1925 Ἀναστασίου
790 1891 926 1930 κτισθὲν,
937 1889 1050 1926 ἐκλήθη
1064 1888 1155 1918 Ἀνα-

453 1944 684 1977 στασιούπολις.
739 1940 942 1974 ‘Darieum'
979 1939 1092 1970 Plinio
1120 1942 1155 1969 et

456 1997 541 2028 aliis.
585 1995 652 2026 Sed
684 1997 776 2025 errat
805 1991 1038 2032 Etymologus‚
1064 1986 1154 2029 quod

454 2048 541 2080 hanc
571 2043 856 2084 Anastasiopolim
887 2042 1013 2072 dictam
1047 2043 1156 2079 putet,

455 2107 531 2129 cum
561 2097 619 2127 illa
645 2096 687 2126 sit
711 2095 786 2125 alia.
814 2093 898 2124 Voss.
947 2089 1086 2120 Memini
1103 2096 1156 2118 me

456 2146 637 2188 aliquando
650 2146 765 2184 legere
778 2153 830 2183 ap.
848 2142 945 2172 Petr.
961 2139 1157 2170 vallensem

456 2196 615 2228 Nobilem
644 2195 842 2232 Romanuin,
857 2192 946 2222 hunc
968 2191 1080 2220 vicum
1103 2188 1159 2218 110·

456 2248 579 2288 dieque
599 2254 721 2276 nomen
739 2244 906 2280 retinere;
929 2240 1054 2271 dicitur
1069 2238 1157 2268 enim

457 2296 699 2335 Darabghierd;
724 2293 831 2325 Dan-ab
853 2301 932 2322 vero
956 2299 1011 2330 ap.
1037 2288 1158 2318 Persas

456 2347 513 2378 ille
526 2347 598 2387 ipse
613 2351 674 2384 est,
687 2345 742 2385 qui
759 2344 852 2374 nobis
866 2341 990 2373 Darius
1004 2342 1156 2369 vocatur.

460 2397 519 2428 Ait
549 2400 662 2427 autem
689 2394 735 2426 id.
762 2393 908 2433 scriptor
929 2391 1015 2420 113110
1040 2397 1158 2418 vocem

458 2445 679 2485 Darabghierd
707 2442 899 2484 significare
921 2439 1039 2471 Darius
1054 2437 1159 2468 condi-

457 2500 515 2530 dit.
573 2498 706 2530 Abliinc
740 2506 806 2527 11110
837 2500 873 2526 et
906 2495 1012 2524 altero
1043 2490 1158 2521 seculo

458 2548 636 2580 dicebatur
649 2546 874 2584 Durab-Kera‚
886 2543 970 2582 urbs,
987 2546 1046 2573 aut
1061 2540 1158 2580 vicus,

459 2600 570 2632 Darii.
617 2599 698 2639 Ipse
716 2597 851 2634 viderit,
873 2605 947 2626 nam
973 2593 1059 2624 scire
1076 2592 1158 2622 l'er-

457 2651 526 2681 sice
544 2649 672 2681 debuit.
717 2648 794 2678 Vol.
814 2656 869 2677 111.
894 2645 1004 2685 Epist.
1025 2650 1100 2673 xvr.
1124 2643 1160 2670 et

461 2709 556 2732 xvxi.
580 2700 665 2730 Haec
678 2707 743 2729 non
757 2698 880 2728 invitus
896 2697 989 2735 leget
1005 2693 1047 2724 cl.
1060 2691 1159 2722 Voss.

460 2751 556 2781 Illius
587 2750 675 2780 enim
705 2746 907 2779 senteutiam
948 2742 1160 2779 confirmant,

460 2810 535 2831 011111
574 2799 659 2830 dicit
695 2798 800 2839 [l'lmru
837 2799 1036 2834 corruptum
1073 2800 1160 2830 esse,

459 2850 593 2890 legend.
610 2850 697 2880 euim
715 2849 817 2879 Dura.
864 2846 983 2877 Faber.

502 2900 517 2940 ἑ
540 2902 560 2930 2
581 2897 814 2937 Judicantibus]
851 2897 907 2928 Ita
930 2895 1013 2926 Mss.
1029 2899 1160 2930 omnes,

908 339 1049 370 NOTAE
1082 340 1305 371 VARIORU
1317 341 1347 370 M
1384 340 1434 371 IN

1197 434 1270 475 ipso
1291 438 1380 465 teste
1396 434 1504 473 Bong.
1519 432 1576 474 qui
1599 435 1713 463 tamen
1728 440 1804 462 eum
1819 430 1893 463 aliis

1197 484 1306 514 edidit
1330 483 1566 514 vindicantibus.
1609 481 1677 513 Sed
1706 480 1797 512 istud
1819 490 1895 511 ver·

1197 534 1275 565 bum
1290 535 1391 565 omini
1407 534 1450 564 de
1476 531 1680 564 successuris
1703 531 1735 560 in
1750 529 1895 570 imperio

1199 585 1311 615 Persis
1328 585 1435 624 magis
1459 583 1630 615 convenit.
1673 581 1824 612 Freinslt.
1846 581 1896 611 in·

1198 634 1382 665 dicantibus.
1406 635 1551 665 Bernec.
1589 635 1627 666 F.
1641 635 1769 674 Trogus
1792 631 1898 672 scrip-

1199 684 1243 715 sit
1265 684 1482 724 indicantibus,
1503 685 1556 725 qui
1577 683 1744 715 successuri
1767 680 1896 722 imperio

1198 738 1309 772 essent,
1321 744 1389 765 cum
1402 735 1434 764 in
1451 738 1535 765 terra
1549 744 1663 772 eorum,
1679 736 1730 773 35⁶·
1759 733 1809 763 Ut
1822 731 1897 762 Liv.

1200 794 1225 816 1.
1241 789 1294 816 55.
1332 786 1341 802 ‘
1360 785 1455 816 Inter
1472 784 1637 824 principia
1653 782 1821 814 condendi
1837 782 1896 812 bu-

1195 835 1252 876 jus
1276 836 1400 875 operis,
1428 836 1572 865 movisse
1594 843 1717 865 numen
1742 833 1783 863 ad
1810 831 1897 863 indi-

1200 886 1342 917 candam
1359 886 1447 916 tanti
1462 885 1596 925 imperii
1612 884 1730 914 molem
1748 882 1898 914 traditur

1199 935 1317 967 Deos!
1344 936 1481 966 Gronov.
1516 936 1606 974 Lego
1618 935 1663 965 ita
1677 932 1896 964 indicantibus.

1201 986 1230 1017 I.
1245 996 1274 1016 e.
1300 986 1347 1015 Ea
1359 995 1396 1015 re
1413 985 1495 1015 satis
1508 983 1743 1022 ostendebant,
1759 989 1794 1013 et
1811 981 1899 1012 indi-

1201 1035 1252 1066 cio
1270 1035 1350 1065 satis
1367 1034 1458 1064 claro
1474 1033 1725 1073 significabant,
1737 1031 1899 1070 Parthos,

1201 1086 1234 1116 in
1259 1095 1399 1127 quorum
1421 1084 1544 1115 finibus
1560 1084 1682 1114 Darius
1699 1093 1760 1113 rex
1776 1083 1900 1113 Persa-

1202 1146 1274 1167 rum
1292 1136 1454 1176 perierat‚
1470 1140 1547 1176 post
1555 1135 1679 1165 Persas
1694 1143 1766 1164 esse
1781 1141 1899 1172 regna·

1203 1191 1308 1217 turos.
1333 1185 1446 1216 Faber.
1491 1185 1567 1215 Hoc
1580 1183 1796 1223 judicantibus
1818 1181 1900 1212 mihi

1202 1237 1301 1267 valde
1338 1242 1532 1275 suspectum
1571 1239 1636 1266 est.
1686 1234 1770 1265 Vult
1807 1238 1902 1264 certe

1204 1288 1331 1319 Noster
1379 1285 1573 1323 ostendere,
1626 1294 1728 1325 quare
1775 1283 1901 1314 Darius

1203 1339 1334 1369 vinctus
1349 1336 1455 1367 fuerit
1471 1336 1503 1366 in
1519 1334 1670 1371 Parthis,
1686 1339 1721 1365 et
1739 1343 1804 1364 non
1820 1331 1902 1363 alibi

1202 1389 1364 1419 1000111111.
1409 1385 1458 1416 At
1473 1386 1534 1416 1100
1546 1394 1610 1415 11011
1623 1383 1727 1415 efficit
1742 1393 1805 1413 vox
1813 1382 1902 1421 jndi-

1203 1439 1265 1474 cii‚·
1297 1436 1418 1468 deinde
1441 1435 1633 1467 addendum
1662 1433 1794 1473 fuisset,
1819 1432 1902 1474 quid

1204 1488 1263 1519 Dii
1280 1486 1510 1528 judicaverint
1526 1497 1534 1523 ;
1560 1494 1622 1516 nec
1639 1484 1727 1515 enim
1741 1493 1856 1514 seusus
1867 1483 1902 1513 in

1203 1538 1274 1568 his:
1298 1537 1353 1567 Dii
1378 1537 1426 1567 ita
1443 1536 1655 1576 judicabant,
1670 1544 1751 1574 ergo
1768 1534 1902 1564 vinctus

1205 1588 1299 1619 estin
1313 1587 1460 1619 Parthis.
1483 1587 1597 1618 Quare
1611 1585 1743 1615 mallem
1754 1583 1902 1615 dictitan-

1205 1639 1297 1679 tilms,
1327 1639 1379 1669 vel
1407 1636 1621 1668 incitantibus.
1681 1635 1739 1666 Dii
1773 1634 1904 1665 incitare

1204 1690 1326 1722 crebro
1343 1689 1503 1719 dicuntur
1518 1697 1571 1727 ap.
1594 1686 1691 1716 Vett.
1707 1685 1815 1715 Porro
1830 1693 1851 1714 n
1867 1687 1906 1715 et

1203 1752 1235 1780 u,
1246 1742 1325 1772 item
1339 1750 1355 1771 c
1365 1744 1400 1771 et
1410 1743 1434 1779 t,
1447 1739 1479 1769 in
1492 1739 1574 1768 Mss.
1587 1737 1697 1767 literae
1713 1734 1903 1773 simillimae,

1205 1799 1255 1832 ut,
1285 1793 1340 1834 qni
1375 1791 1459 1831 legit
1480 1788 1704 1829 jucicantibus,
1739 1786 1837 1817 facile
1868 1785 1904 1817 id

1204 1841 1414 1873 emendando
1440 1849 1488 1870 sc.
1514 1838 1662 1869 formare
1688 1836 1840 1876 potuerit
1868 1835 1903 1866 in

1196 1891 1424 1933 judicantibus.
1448 1888 1560 1921 Schef.
1605 1887 1709 1918 Varie
1731 1887 1784 1917 hie
1810 1886 1903 1916 locus

1206 1943 1408 1974 sollicitatur
1429 1950 1448 1971 a
1464 1940 1542 1970 viris
1560 1937 1682 1969 doctis.
1727 1936 1839 1967 Nolim
1857 1940 1906 1966 ta-

1206 2002 1280 2024 men
1295 1993 1377 2023 Mss.
1390 1990 1490 2022 fidem
1504 1987 1702 2028 impugnari.
1726 1985 1907 2016 Sententia

1205 2045 1279 2075 haec
1296 2048 1367 2074 est:
1392 2042 1449 2073 Ita
1473 2040 1531 2071 Dii
1550 2036 1904 2077 immortalesjudica-

1207 2098 1329 2124 verunt
1360 2102 1386 2124 s.
1418 2091 1658 2128 decreverunt,
1684 2092 1721 2118 ut
1748 2086 1906 2117 finiretur

1207 2144 1385 2176 Persicum
1421 2150 1559 2181 regnum
1592 2140 1626 2170 in
1657 2145 1750 2169 terra
1776 2145 1906 2175 eorum,

1209 2195 1265 2235 qui
1282 2192 1471 2225 successuri
1487 2195 1582 2221 eraut
1599 2188 1752 2228 imperio.
1788 2186 1907 2217 Fuisse

1208 2255 1253 2276 sc.
1269 2245 1332 2275 1100
1349 2243 1519 2282 singulare
1534 2238 1780 2278 Deijudicium
1799 2242 1832 2267 et
1849 2235 1907 2267 de·

1208 2300 1354 2332 cretum,
1368 2299 1405 2324 ut
1421 2292 1544 2323 Darius
1560 2291 1593 2320 in
1608 2289 1810 2320 Parthorum
1827 2295 1907 2328 agro

1208 2343 1470 2375 interficeretur.
1509 2342 1616 2371 Groev.

1253 2397 1271 2436 ς
1294 2399 1311 2426 5
1337 2396 1443 2425 Multa
1469 2391 1581 2431 millia]
1624 2391 1708 2421 Mss.
1725 2398 1808 2430 quos
1824 2387 1909 2419 vidit

1211 2447 1320 2486 Bong.
1338 2445 1464 2475 habeut
1478 2444 1570 2483 plura
1588 2442 1700 2480 millia,
1714 2439 1805 2480 quod
1823 2448 1907 2479 prae·

1210 2496 1298 2535 fero,
1309 2495 1386 2536 quia
1402 2492 1567 2534 praecedit
1582 2489 1732 2529 ι11111113,’
1749 2488 1838 2530 quod
1854 2488 1909 2519 hic

1210 2547 1341 2587 ingrate
1359 2543 1537 2584 repetitur.
1567 2542 1612 2572 Et
1626 2542 1730 2581 plura,
1750 2548 1811 2579 pro
1822 2537 1909 2569 ’111111-

1212 2596 1268 2633 tis,
1297 2594 1455 2634 frequens
1486 2602 1540 2632 ap.
1572 2591 1679 2622 bonos
1709 2589 1908 2629 scriptores.

1212 2646 1301 2677 Plin.
1319 2653 1370 2675 ix.
1387 2653 1417 2674 c.
1430 2646 1462 2674 2.
1486 2644 1495 2659 ‘
1512 2641 1719 2682 Aquatilium
1737 2642 1911 2678 tegmenta

1212 2696 1306 2737 plura
1320 2693 1421 2725 sunt.'
1455 2694 1509 2723 Sic.
1523 2693 1624 2732 plnres
1641 2700 1702 2731 pro
1719 2689 1833 2720 multis
1857 2691 1911 2719 est

1213 2756 1267 2786 ap.
1286 2745 1422 2776 Phaedr.
1441 2748 1588 2774 nostrum
1606 2751 1657 2772 ιν.
1678 2744 1727 2771 19.
1761 2742 1770 2756 ‘
1787 2739 1909 2779 Vulpis

1211 2796 1323 2827 cubile
1353 2795 1499 2832 fodiens,
1538 2793 1615 2823 dum
1655 2796 1780 2822 terram
1810 2789 1911 2828 eruit,

1210 2846 1363 2886 Agitque
1407 2845 1521 2886 plures
1564 2842 1664 2874 altius
1709 2837 1910 2872 cuniculos!

1211 2895 1313 2934 Schef.
