2101 3419
711 371 758 402 ΙΝ
790 369 1062 403 JUS‘HNUM.

176 467 272 504 ν11,2,
287 470 303 498 1
327 465 399 508 (pro
415 467 586 504 reformare,
602 472 633 499 et
642 468 727 509 quasi
739 479 774 499 ex
789 469 868 499 inte·

177 521 230 550 gro
254 509 403 540 condere:
429 515 463 540 ut
477 516 580 541 noster
603 511 635 547 ii,
652 515 704 547 15,
721 514 737 541 1
769 511 869 552 loqui-

176 552 242 591 tur)
258 553 341 588 xviii,
355 555 388 588 4,
405 555 435 583 1.
459 553 521 588 xix,
538 555 568 589 1,
584 555 601 584 1
625 553 683 594 (ita
697 553 869 594 accipiend.

173 594 258 625 Plin.
276 595 316 631 vi,
334 597 384 626 14.
401 595 449 635 p.)
472 595 609 626 Freinsh.
631 596 763 626 condere
778 606 870 636 regna

175 637 210 672 ii,
227 640 258 673 l,
274 640 293 668 3
317 637 406 667 urbes
420 637 452 673 ii,
468 640 501 674 4,
516 640 554 669 15
585 638 743 668 conditum
758 638 870 668 dicitur

177 689 274 720 genus
296 680 453 710 hominum
477 690 496 710 a
518 680 711 711 Deucalione
732 680 766 716 ii,
781 684 813 716 6,
829 683 868 712 11

177 722 261 752 velut
272 731 382 752 novam
394 722 550 753 civitatem
561 722 678 763 legibus
692 723 823 753 condere
838 723 871 759 ii,

177 767 210 799 7,
225 766 244 795 4
268 765 400 795 condere
414 765 527 795 moenia
548 765 580 800 ii,
597 767 649 800 12,
664 768 685 796 4
715 765 819 795 urbem
834 776 871 795 ex

177 805 296 847 integro
311 807 344 843 ii,
360 809 412 842 15,
429 811 446 838 1
470 808 602 838 0011ᾰο10
617 817 726 847 corpus
741 807 872 847 alicujus

178 848 211 878 in
233 849 348 889 templo
370 848 423 885 xii,
441 852 492 886 15,
506 853 526 880 7
554 849 707 881 coloniam
729 850 789 885 xvi,
805 853 836 885 3,
851 853 871 881 7

178 891 321 921 conditur
336 901 431 932 genus
452 892 534 922 urbis
548 902 584 922 ex
600 892 719 932 integro
742 892 825 928 xviii,
840 895 872 928 3,

179 935 220 964 19
249 934 381 964 condere
395 934 555 974 imperium
576 934 740 965 Poenorum
762 934 824 970 xix,
842 938 872 971 l,

180 979 198 1007 1
250 977 383 1006 condere
418 976 653 1017 intelligentiam
689 958 873 1007 somnioruni

180 1018 281 1054 xxxvi,
297 1021 329 1054 2,
344 1021 364 1049 8

222 1060 394 1092 Condicere
409 1060 547 1091 inducias
562 1058 634 1102 (pro
649 1060 767 1101 facere)
781 1061 825 1098 iii,
841 1064 874 1098 7,

179 1105 221 1135 14
245 1102 381 1134 Freinsh.
405 1108 536 1145 tempus,
552 1104 653 1135 locum
669 1104 805 1136 coeundi
824 1115 874 1141 xv,

179 1149 212 1182 2,
229 1148 270 1176 16

223 1187 495 1229 Condiscipulatus
511 1187 564 1225 xii,
579 1191 610 1225 6,
629 1191 668 1220 17

223 1230 371 1262 Conditio
393 1230 466 1271 (pro
487 1235 579 1267 statu,
601 1231 718 1262 ratione
734 1230 875 1272 vivendi)

180 1272 223 1308 vi,
247 1275 278 1307 3,
302 1275 342 1304 12
366 1272 501 1303 freinsh.
531 1274 740 1304 conditionem
764 1283 876 1314 propo-

180 1315 290 1351 nerei,
305 1318 337 1351 6,
353 1318 374 1346 6
401 1315 538 1346 conditio
560 1316 718 1356 regionum
740 1316 771 1352 ii,
788 1319 817 1352 1,
835 1319 875 1348 12

181 1357 319 1388 conditio
333 1358 480 1388 naturalis
494 1358 625 1389 fatorum
647 1359 680 1394 ii,
697 1363 729 1394 2,
746 1362 785 1390 13
815 1363 877 1388 sta-

181 1400 255 1430 tutis
271 1400 500 1431 conditionibus
518 1400 621 1442 (pacis
635 1401 728 1442 puta)
751 1402 791 1437 vi,
809 1403 840 1438 l,
855 1404 875 1433 3

183 1453 253 1473 cum
267 1443 495 1473 conditionibus
509 1443 594 1484 pacis
609 1444 741 1484 aliquem
758 1444 877 1475 mittere

183 1485 289 1526 aliquo
313 1485 378 1522 viii,
400 1489 432 1522 4,
454 1488 474 1517 2
503 1486 713 1517 conditionem
736 1486 877 1527 accipere

182 1528 266 1563 xviii,
289 1531 320 1563 5,
344 1531 364 1560 4
399 1527 594 1559 conditiones
615 1529 701 1571 pacis
723 1539 877 1570 exponere

182 1581 252 1606 xxx,
268 1572 300 1606 3,
315 1573 335 1601 8

227 1613 379 1645 Conditor
392 1612 477 1653 regni
492 1612 651 1644 Persarum
662 1613 763 1655 Cyrus
777 1614 812 1651 ii,
825 1617 877 1650 10,

183 1657 214 1686 7.
244 1655 367 1692 xxxviii,
382 1658 449 1691 7,1
478 1656 652 1686 conditores
668 1656 878 1687 Romanorum

183 1698 256 1734 xliv,
269 1700 302 1734 4,
315 1700 356 1729 12
379 1698 587 1729 Phocaeenses
601 1699 776 1729 conditores
791 1700 878 1729 Mas-

183 1740 352 1771 «iliensium
367 1741 479 1776 xxxvii,
496 1744 525 1776 1,
543 1745 560 1772 l
591 1741 789 1772 conditores
781 1752 879 1783 impe-

183 1783 220 1813 rii
233 1782 435 1814 Macedonici
447 1783 568 1819 xxxviii,
583 1786 616 1820 7,
632 1787 649 1815 l

228 1825 410 1856 Conduceie
422 1825 549 1856 militem
562 1836 626 1862 1111
639 1829 670 1862 1,
682 1829 703 1857 9
725 1826 879 1857 conducta

186 1868 372 1899 mercenaria
386 1878 477 1898 manu
502 1879 571 1904 xxv,
587 1871 619 1905 3,
633 1872 653 1900 7
683 1869 782 1899 bubus
804 1879 879 1899 con-

185 1910 287 1941 ductis
306 1920 389 1942 arare
411 1911 453 1948 xi,
467 1913 500 1947 7,
516 1915 534 1942 5
566 1912 720 1941 conducto
744 1911 879 1943 exercitu

186 1964 256 1989 xxx,
273 1956 303 1990 1,
318 1956 339 1984 6

229 1995 377 2027 Conferre
390 1995 423 2025 in
436 1995 593 2025 historiam
616 1996 692 2037 (hoc
708 2001 765 2032 est,
783 1995 879 2027 histo-

185 2038 247 2069 rice
260 2038 478 2078 conscribere),
489 2038 580 2068 Praef.
594 2041 609 2069 1
634 2039 769 2069 conferre
781 2050 812 2069 se
824 2040 880 2069 ali-

186 2091 249 2122 quo
273 2081 351 2122 (hoc
374 2085 431 2117 est,
459 2080 629 2121 proficisci)
655 2081 699 2117 iii,
721 2084 753 2117 4,
778 2084 818 2113 12
847 2082 880 2112 111

186 2124 320 2164 aliquem
348 2122 467 2164 aliquid
495 2124 572 2162 (hoc
601 2128 657 2160 est,
687 2124 760 2154 dare
789 2124 881 2155 alicui

185 2166 279 2207 quid)
301 2177 331 2201 x,
355 2169 386 2202 l,
402 2169 421 2197 3
447 2165 584 2196 Freinsh.
612 2177 740 2208 regnum
762 2172 879 2207 septem

184 2208 317 2239 virorum
332 2208 443 2239 virtute
457 2209 618 2249 quaesitum
630 2209 662 2238 in
677 2219 771 2239 unum
787 2209 882 2240 colla-

186 2256 251 2281 tum
264 2251 347 2287 esti,
361 2253 465 2288 10,11
490 2251 608 2281 collatis
621 2251 731 2281 viribus
745 2252 881 2292 praelium

187 2303 346 2334 capessere
365 2292 400 2329 ii,
417 2297 468 2328 12,
483 2295 524 2324 21
554 2294 686 2334 pecunia
709 2294 822 2324 collata
843 2295 882 2325 ab

187 2336 330 2366 universa
344 2335 465 2366 Graeeia
485 2336 519 2365 in
540 2336 727 2376 stipendium
741 2337 815 2367 belli
837 2337 882 2373 iii,

189 2381 221 2414 6,
253 2380 275 2409 4
313 2377 451 2408 conferre
482 2378 597 2418 cupide
634 2379 673 2408 ad
708 2379 883 2419 praesidium

190 2419 296 2450 salutis
317 2431 380 2450 suae
402 2421 464 2456 xvi,
485 2423 517 2456 3,
532 2424 553 2451 9
581 2420 716 2451 studium
740 2421 884 2462 placendi

191 2473 209 2493 a
222 2462 338 2503 virgine
354 2463 385 2492 in
399 2467 526 2493 matrem
541 2463 621 2499 xxvi,
637 2466 668 2499 3,
683 2466 703 2494 4

233 2505 456 2536 Confertissimi
491 2505 566 2547 (hoe
599 2510 657 2541 est,
694 2504 884 2545 densissimi)

191 2546 255 2583 viii,
273 2550 303 2583 1,
320 2550 371 2579 13.
393 2547 435 2583 xi,
451 2549 503 2584 14,
520 2552 551 2579 5.
580 2547 633 2585 xii,
649 2550 680 2584 3,
696 2552 726 2579 5.
755 2549 834 2585 xxiv,
851 2551 882 2585 8,

192 2593 213 2620 9
235 2589 371 2620 Freinsb.

237 2632 397 2663 Confessio
412 2632 434 2669 i,
448 2635 481 2669 5,
496 2635 517 2665 4
539 2631 731 2664 confessione
747 2632 884 2663 contenti

193 2673 236 2711 vi,
251 2677 284 2710 6,
299 2677 340 2706 10

235 2716 406 2748 Confestim
421 2716 442 2753 i,
458 2719 510 2754 10,
525 2720 557 2748 9.
579 2717 620 2753 xi,
637 2720 689 2754 10,
702 2719 753 2749 12.
775 2717 838 2754 xiii,
853 2720 884 2754 2,

193 2762 245 2792 14.
268 2759 330 2795 xiv,
344 2762 376 2795 3,
392 2762 443 2791 11.
465 2760 546 2796 Χκίν,
562 2763 594 2796 7,
611 2763 629 2791 l

235 2801 397 2833 Conficere
420 2802 533 2833 bellum
556 2802 632 2842 (hoc
647 2807 703 2837 est,
727 2801 829 2842 finire)
852 2802 886 2839 ii,

195 2846 247 2880 14,
271 2847 311 2876 10
333 2844 469 2875 Freinsh.
497 2845 648 2876 conficere
669 2845 727 2876 iter
749 2844 801 2881 xii,
818 2847 848 2880 3,
864 2849 883 2875 5

195 2896 285 2917 0111110
299 2887 413 2917 bellum
427 2887 460 2917 in
474 2887 577 2929 aliquo
591 2887 683 2924 xxxii,
699 2891 729 2924 1,
745 2890 765 2918 7
788 2887 884 2918 confi·

194 2929 221 2962 ci
236 2929 316 2959 curis
330 2930 371 2965 xi,
387 2932 440 2966 13,
456 2932 469 2961 1

237 2971 401 3005 Confidere
429 2972 558 3016 propriis
583 2971 697 3005 viribus
733 2972 777 3010 iii,
803 2975 837 3014 2,
864 2975 884 3004 3

1497 357 1612 399 xxix

918 466 1080 503 moenibus,
1096 466 1184 498 armis
1200 467 1220 504 i,
1238 469 1292 507 10,
1305 470 1346 499 19

962 510 1124 550 Configere
1140 510 1201 540 telo
1217 510 1270 546 xii,
1285 514 1337 545 13,
1352 513 1372 542 8

962 551 1120 592 Confingit
1132 552 1255 582 insidias
1268 552 1324 582 sibi
1339 556 1458 593 paratas
1472 553 1565 590 xxxii,
1577 557 1610 591 2,

919 596 940 625 9
962 594 1102 624 confictae
1117 594 1256 643 epistolae
1272 595 1331 631 xiv,
1349 599 1379 632 l,
1397 599 1436 627 11

962 636 1101 667 Confinis
1115 636 1181 672 xiii,
1196 640 1227 673 4,
1243 639 1284 668 12

963 678 1150 709 Confirmare
1172 689 1227 709 sua
1240 689 1316 710 voce
1338 679 1471 720 aliquem
1493 679 1588 730 (pro⁸
1580 691 1614 711 m

920 720 1020 750 officio
1035 720 1210 762 continere)
1225 721 1286 758 xiv,
1303 723 1334 758 l,
1349 724 1368 753 7
1394 723 1422 752 V
1425 728 1496 753 orst.
1519 733 1551 753 se
1567 724 1614 754 in-

919 761 1019 793 vicem
1034 773 1083 798 xv,
1100 766 1132 799 2,
1148 767 1189 794 16

963 805 1112 836 Confiteri
1127 805 1312 836 dementiam
1327 805 1379 842 xii,
1396 809 1427 842 6,
1443 809 1462 837 8

964 847 1141 889 Conflagrat
1155 848 1266 878 coelum
1281 858 1371 879 omne
1385 849 1496 884 xxxvii,
1511 851 1544 885 2,
1559 851 1583 880 2

964 890 1138 931 Confiigere
1153 901 1223 921 cum
1238 891 1335 931 copiis
1351 891 1392 927 xi,
1408 893 1460 926 13,
1475 894 1494 922 3

963 932 1134 963 confluunt
1149 933 1263 963 auxilia
1277 933 1317 963 ad
1331 943 1494 964 commune
1509 932 1616 964 incen-

921 974 1005 1005 dium
1031 976 1274 1017 extinguendum
1299 976 1322 1011 i,
1347 979 1379 1012 7,
1401 979 1422 1007 9
1455 976 1619 1007 confluunt

921 1016 1014 1054 bella,
1043 1018 1130 1049 velut
1154 1018 1382 1058 conspiratione
1405 1018 1549 1060 quadarn,
1577 1019 1617 1048 ad

923 1061 1154 1101 opprimendam
1191 1061 1412 1091 Macedoniam
1448 1061 1501 1097 vii,
1535 1064 1568 1096 6,
1597 1063 1618 1091 4

922 1103 1110 1133 confluentia
1124 1103 1235 1134 auxilia
1250 1103 1339 1145 (sunt
1352 1103 1490 1144 undique
1506 1112 1620 1134 conve-

922 1145 1058 1186 nientia)
1087 1146 1108 1181 i,
1132 1150 1164 1182 7,
1186 1149 1208 1177 9
1243 1148 1333 1187 (sunt
1355 1147 1492 1188 undique
1514 1146 1618 1187 ingru-

923 1188 1025 1228 entia)
1042 1187 1094 1224 vii,
1110 1191 1142 1224 6,
1158 1191 1178 1219 4
1201 1188 1340 1219 Freinsh.

966 1230 1135 1261 Confluens
1149 1231 1287 1261 Danubii
1301 1236 1332 1261 ct
1347 1231 1416 1261 Savi
1433 1231 1524 1267 xxxii,
1538 1233 1571 1266 3,
1587 1234 1609 1262 8

968 1273 1144 1304 Confodere
1158 1273 1292 1314 aliquem
1313 1274 1373 1309 xiv,
1388 1277 1420 1310 6,
1436 1277 1487 1305 11.
1517 1274 1619 1310 xxxix,

924 1318 956 1351 3,
984 1319 1025 1347 10
1061 1316 1221 1347 confossus
1248 1316 1351 1346 multis
1373 1317 1550 1347 vulneribus
1577 1315 1620 1353 xi,

927 1361 981 1394 15,
996 1362 1015 1389 5

968 1400 1144 1441 Confugere
1169 1400 1241 1442 (pro
1256 1400 1380 1442 fugere)
1403 1401 1464 1437 xiv,
1478 1403 1511 1436 2,
1527 1403 1547 1432 2
1570 1400 1620 1441 (et

925 1443 984 1474 hoc
999 1443 1143 1484 frequens
1157 1449 1204 1473 est
1218 1443 1346 1480 Latinis,
1361 1444 1442 1474 adde
1458 1449 1488 1473 et
1503 1448 1622 1473 nostra-

926 1486 1019 1522 tibus,
1052 1486 1256 1527 compositum
1286 1497 1341 1526 pro
1371 1485 1502 1527 simplici
1536 1485 1621 1525 poni.

925 1527 1008 1559 Vide
1024 1529 1115 1559 etiam
1130 1529 1238 1559 Senec.
1254 1530 1344 1569 epist.
1356 1531 1408 1560 58.
1424 1529 1470 1569 p.)
1485 1528 1622 1559 Freinsh.

926 1571 1092 1611 confugere
1115 1571 1155 1602 ad
1178 1581 1261 1601 arma
1282 1571 1345 1608 viii,
1370 1575 1402 1607 5,
1427 1574 1442 1602 1
1479 1571 1517 1601 ad
1540 1581 1621 1602 aram

928 1613 1032 1649 xxviii,
1048 1617 1080 1650 3,
1095 1618 1114 1645 5

972 1656 1127 1687 Confusus
1155 1656 1244 1686 turba
1269 1656 1459 1697 querelarum
1487 1655 1537 1697 (id
1563 1661 1627 1692 est,

928 1698 1138 1739 perturbatus)
1161 1698 1253 1734 xxxii,
1273 1702 1304 1734 2,
1322 1702 1340 1730 3
1364 1698 1467 1728 Vorst.
1495 1699 1624 1729 confusa

928 1750 1089 1781 corporum
1104 1741 1289 1772 lineamenta
1304 1741 1403 1782 spatio
1420 1741 1564 1782 temporis
1578 1741 1623 1779 iii,

929 1787 962 1820 5,
979 1786 1016 1815 ll

970 1825 1127 1867 Congesta
1139 1826 1273 1867 pecnnia
1287 1826 1339 1862 xii,
1356 1829 1387 1862 1,
1401 1829 1419 1857 3
1443 1830 1623 1866 congestum

926 1868 987 1899 mel
1017 1869 1100 1905 xxiii,
1122 1871 1155 1906 4,
1177 1872 1197 1900 7
1234 1873 1381 1910 congesta
1409 1869 1531 1899 servitia
1558 1869 1623 1906 xiii,

927 1914 960 1947 6,
977 1913 996 1941 3

973 1952 1129 2002 Congredi
1153 1953 1257 1995 pra-lio
1281 1953 1322 1990 iv,
1345 1956 1377 1990 4,
1400 1956 1432 1985 9.
1464 1964 1515 1990 xv,
1537 1955 1569 1990 2,
1591 1956 1624 1985 6.

927 1996 1052 2032 xxxviii,
1077 1999 1110 2033 4,
1133 1999 1153 2027 3
1187 1996 1334 2060 congredi
1359 2007 1431 2027 cum
1456 1996 1543 2026 hoste
1572 1996 1624 2033 xii,

972 2080 1160 2122 Congregari
1175 2081 1214 2111 ad
1229 2085 1349 2122 portum
1365 2081 1426 2117 xix,
1441 2083 1473 2117 2,
1487 2084 1527 2113 10
1550 2091 1627 2112 con-

929 2125 1046 2164 gregati
1089 2129 1226 2165 pastores
1262 2124 1428 2154 admodum
1464 2124 1626 2165 quingenti

929 2166 1010 2202 xxiv,
1026 2169 1056 2202 1,
1073 2169 1094 2197 6

974 2209 1157 2250 Congressio
1170 2208 1243 2250 (pro
1255 2207 1376 2250 praelio)
1388 2207 1428 2245 vi,
1441 2211 1473 2245 4,
1486 2211 1538 2240 12.
1561 2209 1626 2245 viii,

931 2253 962 2287 1,
978 2254 1029 2282 12.
1058 2252 1110 2288 xii,
1127 2255 1179 2288 16,
1197 2255 1247 2283 10.
1277 2251 1349 2287 xxii,
1372 2255 1404 2288 3,
1420 2254 1452 2282 9.
1485 2250 1576 2287 xxvii,
1592 2254 1625 2287 3,

930 2296 963 2324 2.
987 2293 1093 2330 xxxiii,
1110 2297 1142 2330 1,
1156 2297 1177 2325 6
1207 2294 1381 2334 congressio
1397 2293 1515 2324 navalis
1530 2293 1628 2334 praelii

930 2335 963 2371 ii,
981 2339 1033 2372 12,
1051 2339 1070 2367 8
1093 2336 1209 2366 navalis
1225 2336 1397 2367 certaminis
1411 2336 1452 2371 iv,
1468 2339 1500 2372 5,
1517 2339 1534 2367 1
1565 2335 1627 2376 pri-

930 2388 981 2408 ma
1006 2378 1079 2409 belli
1105 2379 1320 2418 congressione
1345 2378 1421 2420 (hoc
1445 2383 1503 2413 est,
1529 2378 1626 2418 primo

931 2421 1032 2450 statim
1057 2420 1220 2461 conflictu)
1244 2432 1294 2457 xv,
1320 2423 1352 2457 l,
1375 2424 1406 2452 6.
1441 2420 1521 2456 xxxi,
1548 2423 1580 2457 6,
1606 2424 1627 2452 7

930 2462 1068 2493 Freinsh.

974 2505 1154 2546 Congruens
1198 2505 1385 2546 temporibus
1426 2505 1628 2546 expositionis

932 2552 1006 2578 aetas
1019 2548 1095 2583 xliii,
1111 2551 1143 2584 2,
1162 2550 1201 2578 10

973 2590 1005 2620 111
1033 2589 1232 2639 Conjectura
1245 2590 1358 2620 haerere
1387 2588 1421 2626 ii,
1446 2592 1498 2626 10,
1524 2592 1565 2621 16
1594 2589 1627 2620 111

932 2632 1117 2672 conjecturis
1133 2632 1428 2680 sagacissimusi,9,
1445 2634 1485 2663 14

976 2674 1139 2715 Conjicere
1172 2675 1304 2715 aliquem
1336 2674 1369 2705 in
1407 2684 1557 2706 carcerem
1593 2671 1628 2711 ii,

975 2759 1150 2800 Conjugem
1174 2759 1319 2789 amissum
1345 2758 1418 2789 flere
1440 2757 1544 2795 xxviii,
1559 2761 1591 2795 4,
1607 2761 1627 2790 4

933 2801 1082 2843 conjuges
1095 2813 1164 2832 cum
1180 2802 1280 2832 liberis
1296 2802 1464 2832 interfectae
1478 2812 1509 2838 x,
1523 2804 1556 2836 2,
1571 2804 1592 2832 6

978 2844 1167 2885 Conjunctio
1182 2846 1255 2886 (pro
1270 2844 1432 2883 affinitate)
1446 2844 1488 2881 vi,
1505 2847 1536 2880 3,
1552 2846 1572 2874 8

976 2887 1154 2936 Conjnrare-
1169 2888 1200 2917 in
1223 2887 1347 2929 tyranni
1369 2897 1475 2917 necem
1498 2886 1577 2922 xxvi,
1597 2889 1628 2922 l,

934 2932 975 2961 10
1004 2929 1155 2972 conjurati
1180 2930 1201 2968 i,
1223 2934 1256 2968 9,
1280 2933 1334 2963 21.
1364 2929 1385 2967 1,
1412 2932 1465 2968 10,
1486 2931 1518 2962 6.
1545 2927 1627 2966 xxvi,
