2174 3424
472 361 556 401 750

472 464 554 506 quid
581 464 689 505 cupit,
715 468 818 506 atque
844 464 877 495 in
904 474 1000 496 suum
1024 469 1171 507 vertere,

471 515 584 546 omnia
599 514 684 547 fecit
706 516 834 547 aliena:
860 520 908 554 et,
928 516 1033 547 multa
1049 525 1171 547 concu-

470 565 648 606 piscendo,
661 566 771 597 omnia
786 565 921 597 amisit.’
943 567 1043 597 Rern.

515 617 566 657 §3
592 617 622 647 E
648 618 770 658 specula
795 617 943 658 quadam]
971 617 1000 648 Ι.
1016 627 1046 648 8.
1062 627 1080 648 8
1097 618 1171 649 1080

472 666 554 706 alto,
569 671 607 698 ut
623 671 734 698 totum
750 677 868 708 agrum
885 667 1049 708 detegere
1065 667 1171 698 oculis

471 722 603 757 posset,
641 718 732 749 unde
767 718 962 750 occasiones
1000 722 1170 759 peterent.

470 768 648 801 Quomodo
677 769 751 800 haec
781 769 932 810 loquutio
963 769 1067 800 etiam
1094 769 1167 800 aliis

470 818 614 859 placuit,
640 823 678 850 ut
703 819 775 850 Cic.
798 828 849 850 lx.
871 818 914 850 ad
939 818 1014 850 Att.
1032 822 1083 852 10.
1105 820 1114 837 ‘
1128 819 1170 850 In

472 868 620 907 speculis
644 867 743 900 esse.'
788 868 842 900 Id.
869 878 932 909 pro
949 868 1062 899 Deiot.
1085 878 1115 900 c.
1137 871 1168 900 8.

468 917 638 959 ‘Reliqua
668 928 746 959 pars
782 918 1006 950 accusationis
1042 918 1170 959 duplex

469 967 553 999 fuit:
578 978 655 1009 una,
670 978 783 1010 regem
807 979 941 1010 semper
960 969 995 999 in
1021 969 1169 1009 speculis

469 1017 584 1058 fuisse,
600 1029 675 1051 cum
697 1030 717 1050 a
739 1023 774 1051 te
798 1020 907 1051 animo
931 1023 1022 1050 esset
1037 1019 1170 1050 alieno.’

471 1069 547 1101 Liv.
564 1078 695 1101 xxxiv.
708 1073 762 1101 26.
788 1071 797 1087 ‘
810 1071 909 1101 Diem
926 1070 1048 1101 deinde
1065 1080 1168 1101 unum

469 1119 503 1149 iu
537 1121 685 1160 speculis
722 1119 799 1152 fuit.
815 1120 824 1134 ’
883 1120 1028 1153 Quintil.
1066 1121 1168 1152 Decl.

469 1178 637 1202 ccnxxxn
659 1171 669 1188 ‘
685 1171 723 1201 In
740 1171 854 1212 aliqua
873 1181 932 1202 vos
951 1171 1078 1211 positos
1094 1181 1169 1212 spe·

469 1220 548 1250 cula
564 1225 708 1260 putate:
732 1221 789 1251 illa
812 1231 886 1262 quae
912 1220 1006 1252 facta
1022 1225 1101 1252 sunt
1123 1221 1170 1251 vi-

469 1268 572 1301 dete!
618 1270 737 1302 Claud.
760 1272 801 1302 B.
817 1271 897 1302 Get.
913 1274 987 1302 570.
1011 1272 1022 1288 ‘
1036 1270 1168 1302 Gentes

468 1319 620 1360 pendere
642 1326 779 1360 paratas
796 1321 834 1351 In
851 1321 1022 1361 speculis.’
1047 1321 1148 1352 Gron.

512 1369 678 1400 Auxilium
702 1371 905 1409 inferioribus
930 1371 1079 1411 ferendo]
1114 1370 1169 1401 Ita

468 1429 542 1460 sup.
573 1429 604 1450 v.
636 1423 666 1451 2.
693 1423 743 1451 12.
773 1425 809 1451 et
839 1421 1019 1461 Philippus
1035 1429 1089 1452 111.
1114 1430 1168 1461 ap.

468 1471 542 1501 Liv.
560 1479 697 1502 xxxlx.
713 1474 766 1502 23.
784 1474 835 1502 ll.
854 1472 954 1504 Rern.

510 1521 559 1561 §4
586 1520 738 1561 Thebani]
763 1521 840 1552 Hoc
866 1526 920 1552 est
936 1521 1069 1552 initium
1086 1520 1167 1552 belli

466 1570 563 1602 Sacri
587 1581 645 1602 seu
663 1571 817 1612 Phocici,
841 1572 929 1613 quod
945 1572 978 1603 in
996 1582 1118 1603 annum
1134 1575 1166 1603 9.

467 1621 613 1653 duravit.
659 1622 762 1653 Diod.
778 1631 851 1653 XVI.
877 1625 931 1654 21.
949 1623 1010 1653 sub
1032 1631 1120 1653 anno
1133 1625 1166 1653 6.

467 1672 642 1713 Philippi:
669 1673 869 1704 decennium
896 1673 1033 1704 durasse
1049 1672 1167 1704 scribit

466 1722 568 1754 Paus.
595 1723 627 1754 in
654 1723 818 1754 Boeoticis
841 1727 876 1754 et
898 1722 1066 1755 PhociciS.
1088 1722 1166 1754 Vid.

465 1778 502 1805 et
540 1773 683 1805 Gemist.
721 1774 878 1813 Bongars.
922 1773 1063 1804 Initium
1093 1773 1164 1813 ejus

467 1822 589 1854 incidit
606 1823 638 1854 in
664 1823 802 1865 Olymp.
831 1827 903 1855 105.
928 1833 1051 1854 annum
1067 1833 1165 1865 quar-

467 1878 550 1905 tum.
576 1874 674 1906 Rern.

509 1923 680 1955 Secundum
706 1923 882 1964 fortunam,
911 1923 980 1964 ἔξω]
1013 1923 1163 1964 Thucyd.

466 1982 523 2004 ιιι.
539 1976 569 2004 6.
583 1977 635 2006 25.
656 1975 665 1990 ⁴
682 1975 794 2014 Prope
819 1973 952 2005 facilius
970 1984 1046 2005 esse
1070 1974 1164 2004 dixe-

465 2025 527 2054 rim
545 2024 742 2064 propulsare
766 2024 920 2062 adversa,
945 2034 1044 2065 quam
1060 2023 1164 2054 tutari

466 2074 635 2105 secunda!
680 2075 763 2106 Tac.
786 2075 829 2105 H.
846 2084 869 2104 1.
888 2078 939 2105 15.
957 2077 988 2105 7.
1011 2074 1020 2091 ‘
1039 2075 1164 2105 Secun-

465 2124 518 2154 dae
545 2134 597 2155 res
624 2124 811 2155 acrioribus
841 2124 986 2155 stimulis
1016 2125 1164 2155 animum

466 2174 666 2213 explorant;
689 2174 768 2215 quia
791 2173 937 2204 miseriae
960 2174 1163 2213 tolerantur,

464 2223 630 2255 felicitate
655 2223 922 2264 corrumpimur.’
969 2224 1036 2254 Ov.
1054 2233 1094 2255 ιι.
1117 2224 1160 2255 (18

465 2276 550 2306 Arte
566 2278 640 2306 438.
666 2276 677 2293 4
690 2275 769 2305 Nou
781 2274 880 2306 t'acile
895 2279 946 2305 est
963 2285 1060 2316 aequa
1076 2285 1163 2306 com-

466 2325 567 2356 moda
584 2330 695 2356 mente
722 2325 816 2365 pati.'
862 2325 954 2357 Add.
979 2325 1058 2357 Sall.
1087 2326 1162 2358 Cat.

467 2380 517 2407 10.
534 2379 564 2408 2.
581 2377 659 2408 Scn.
678 2377 741 2416 Ep.
762 2379 814 2407 51.
832 2379 863 2407 8.
891 2376 1024 2407 Probus
1042 2386 1093 2417 pr.
1107 2377 1164 2408 Ti-

464 2427 544 2458 mol.
580 2428 589 2444 ‘
603 2427 643 2458 Id
682 2426 773 2468 quod
811 2426 981 2458 difficilius
1010 2431 1164 2468 putatur,

462 2479 570 2510 multo
584 2478 770 2519 sapientius
781 2477 859 2508 tulit
870 2477 1050 2508 secundam
1063 2488 1164 2519 quam

464 2529 639 2559 adversam
655 2527 849 2559 fortunam?
895 2527 949 2558 Id.
966 2527 1009 2558 de
1025 2527 1164 2559 Conone

464 2579 527 2610 sub
544 2578 601 2610 fin.
645 2579 654 2594 ‘
669 2577 807 2609 Accidit
833 2578 909 2608 huic
926 2577 1015 2618 quod
1039 2577 1163 2608 ceteris

464 2628 674 2667 mortalibus,
687 2632 725 2659 ut
743 2627 1048 2659 inconsiderantior
1063 2628 1097 2658 in
1113 2637 1163 2658 se·

464 2679 573 2710 cunda
589 2689 686 2720 (piam
701 2679 734 2710 iu
746 2679 889 2710 adversa.
899 2683 989 2710 esset
1003 2678 1164 2710 fortuna!

465 2731 562 2761 Idem.
608 2731 680 2760 Liv.
697 2738 746 2760 lx.
772 2732 780 2747 ‘
797 2730 984 2771 Loquimur
1000 2730 1042 2760 de
1059 2729 1162 2760 Alex-

464 2780 569 2810 andro
584 2780 730 2810 noudum
749 2789 859 2810 merso
874 2780 1032 2811 secundis
1049 2779 1162 2819 rebus,

463 2839 603 2871 quarum
620 2839 717 2861 nemo
734 2829 971 2861 intolerantior
986 2828 1075 2860 fuit!
1095 2829 1162 2860 Vo-

463 2884 585 2911 cantur
613 2881 696 2910 tales
725 2885 761 2911 et
790 2880 982 2920 impotentes.
1028 2880 1098 2911 Cic.
1128 2880 1161 2910 in

465 2931 554 2971 Epp.
577 2930 586 2948 ⁴
601 2931 763 2972 Victoria,
784 2940 873 2973 quae,
887 2930 1019 2963 etiamsi
1036 2930 1078 2962 ad
1096 2939 1163 2962 nic-

929 370 1067 401 NOTAE
1101 370 1369 403 VAR10RUM
1402 372 1453 403 ΙΝ

1221 466 1321 498 liores
1351 466 1456 506 venit,
1494 469 1606 497 tamen
1642 475 1698 497 eos
1736 463 1920 498 ferociores

1221 516 1547 556 impotentioresque
1564 515 1671 547 facit.’
1699 516 1767 546 Vor.

1267 566 1398 596 Graeciae
1413 566 1591 606 concilium]
1615 564 1917 606 Amphictyonum.

1220 616 1325 647 Diod.
1352 625 1428 648 xvr.
1454 620 1506 647 60.
1522 619 1575 647 61.
1614 617 1717 649 Pans.
1745 616 1916 648 Phocicis.

1220 665 1342 698 AElian.
1361 675 1428 697 xix.
1450 667 1493 697 V.
1510 666 1557 698 H.
1582 667 1689 705 Bong.

1265 717 1283 756 ξ
1299 720 1317 747 5
1340 716 1453 748 Arcem
1483 716 1672 756 Thebanam]
1694 716 1765 747 Lib.
1783 716 1842 747 VI.
1858 715 1914 748 hic

1220 765 1353 798 Auctor
1376 766 1385 783 ‘
1400 765 1595 797 Arcadum'
1622 767 1797 797 castellum
1821 775 1920 798 voca—

1223 817 1281 849 vit.
1306 817 1373 848 Hie
1389 817 1463 857 ejus
1476 817 1524 848 rei
1537 816 1660 848 oblitus
1680 815 1918 848 ‘Thebanam'

1220 873 1320 899 vocat
1341 868 1350 884 ‘
1363 867 1497 898 arcem.'
1528 868 1619 899 Glar-

1262 920 1312 960 §6
1335 919 1413 950 Post
1428 918 1530 958 arma]
1545 918 1814 959 Pro,postquam
1827 926 1921 949 arma

1213 968 1284 1009 jam
1313 973 1391 999 sunt
1414 974 1535 1000 sumta.
1580 968 1637 1000 Sic.
1659 977 1733 1008 sup.
1760 977 1784 999 1.
1806 970 1838 999 6.
1863 970 1917 1000 12.

1219 1019 1326 1050 ‘Post
1340 1019 1576 1049 necessitatem
1599 1016 1795 1058 pugnandi!
1838 1016 1919 1049 Vid.

1220 1074 1255 1101 et
1270 1069 1390 1100 Notas.
1437 1069 1508 1100 Cic.
1525 1078 1574 1099 1v.
1595 1068 1731 1099 Fam.4.
1753 1067 1763 1084 ‘
1777 1067 1836 1098 Sic
1859 1066 1917 1099 fac

1219 1120 1405 1159 existimes,
1433 1123 1511 1160 post
1536 1120 1594 1149 has
1618 1118 1783 1157 miserias,
1800 1117 1833 1148 id
1849 1121 1917 1158 est,

1219 1176 1397 1212 postquam
1424 1169 1523 1201 armis
1555 1168 1740 1208 disceptari
1767 1172 1918 1208 coeptum

1219 1226 1271 1253 est
1285 1222 1326 1252 de
1345 1221 1424 1261 jure
1449 1220 1597 1261 publico,
1615 1218 1696 1249 nihil
1711 1227 1787 1249 esse
1802 1222 1917 1249 actum

1220 1272 1309 1302 aliud
1328 1281 1404 1302 cum
1419 1268 1610 1311 dignitate!
1653 1268 1720 1300 Ubi
1744 1269 1753 1286 ‘
1765 1268 1914 1308 posthas

1218 1321 1393 1353 miserias'
1416 1321 1549 1352 concise
1573 1319 1700 1350 dictum
1726 1328 1799 1359 pro,
1821 1321 1918 1358 posti¹

1219 1381 1317 1412 quam
1334 1371 1368 1401 in
1388 1371 1448 1401 has
1473 1369 1622 1400 miserias
1646 1369 1843 1400 incidimus:
1867 1368 1917 1399 id-

1218 1431 1283 1462 que
1300 1420 1411 1451 verbis
1424 1420 1546 1450 deinde
1562 1419 1715 1460 pluribus
1731 1419 1915 1459 exponitur

1218 1472 1266 1502 sic
1281 1481 1290 1501 :
1314 1471 1506 1511 ‘postquam
1517 1469 1617 1500 armis
1629 1468 1814 1509 disceptari
1827 1478 1919 1510 coep-

1218 1525 1290 1552 tum
1306 1525 1359 1552 est
1374 1520 1503 1560 dejure
1518 1518 1678 1560 publico.'
1705 1519 1778 1550 Vor.

1262 1570 1412 1610 Legibus]
1437 1570 1475 1601 C.
1490 1569 1592 1600 Marii
1608 1568 1748 1607 dictum,
1771 1568 1825 1599 ‘se
1840 1577 1912 1609 prae

1219 1630 1385 1652 armorum
1403 1620 1547 1660 strepitu
1562 1621 1654 1659 leges
1669 1618 1830 1650 exaudire
1847 1628 1915 1650 non

1219 1669 1342 1711 posse.'
1386 1669 1482 1700 Plut.
1513 1667 1646 1709 Apoph.
1674 1669 1772 1700 Rom.
1803 1678 1833 1700 c.
1863 1670 1916 1701 29.

1217 1721 1263 1751 Et
1277 1720 1441 1752 Caesaris:
1466 1721 1475 1737 ⁴
1489 1719 1568 1750 Nou
1584 1719 1673 1750 idem
1689 1728 1856 1750 armorum
1873 1728 1914 1750 ac

1217 1771 1328 1811 legum
1341 1779 1415 1802 esse
1429 1768 1587 1811 tempus.'
1605 1769 1703 1801 1d.in
1717 1770 1804 1801 Caes.
1817 1778 1846 1801 c.
1858 1771 1912 1801 53.

1214 1821 1315 1853 Bern.

1258 1873 1276 1912 ς
1289 1875 1308 1903 8
1333 1871 1503 1902 Philomelo
1518 1871 1647 1911 quodam
1660 1869 1750 1910 duce]
1766 1869 1831 1910 Ap.
1844 1869 1913 1901 Po-

1214 1922 1318 1962 lyaen.
1348 1931 1381 1952 v.
1407 1921 1494 1951 male
1525 1921 1718 1960 appellatur
1745 1918 1914 1958 Φιλόμηδος

1216 1981 1278 2012 pro
1293 1970 1476 2009 Φιλόμηλος.
1498 1970 1584 2001 Voss.
1629 1970 1835 2001 Philomelus
1849 1970 1914 2001 iste

1214 2023 1384 2053 'l'heotimi
1400 2021 1446 2052 fil.
1463 2021 1515 2051 vir
1528 2021 1599 2051 sine
1612 2021 1716 2052 dubio
1731 2020 1860 2052 fortiss.
1872 2030 1911 2052 ac

1215 2073 1335 2113 patriae
1352 2072 1523 2103 amantiss.
1553 2072 1688 2102 nemine
1717 2072 1807 2102 inter
1833 2081 1911 2102 suos

1215 2123 1411 2154 Phocenses
1438 2122 1604 2162 dignitate
1632 2120 1783 2160 inferior,
1801 2125 1838 2152 ut
1855 2121 1914 2162 ait,

1214 2172 1274 2203 sed
1292 2173 1430 2211 Graece,
1446 2172 1546 2202 Paus.
1592 2172 1677 2204 Quae
1700 2181 1751 2202 res
1774 2171 1858 2202 facit
1874 2175 1912 2202 ut

1213 2233 1254 2254 eo
1270 2224 1374 2263 magis
1392 2224 1494 2254 mirer
1509 2223 1598 2255 istud
1622 2224 1630 2240 ‘
1645 2224 1812 2265 quodam,’
1830 2233 1913 2265 qua-

1213 2273 1240 2304 si
1267 2273 1308 2304 de
1335 2273 1481 2314 opilione
1513 2274 1626 2315 aliquo
1657 2280 1716 2305 aut
1752 2275 1912 2316 caprario

1214 2328 1383 2364 ageretur.
1409 2324 1488 2355 Ful).

1255 2375 1273 2414 ξ
1292 2376 1329 2405 12
1356 2374 1523 2413 Thebanos,
1537 2374 1606 2415 23⁴4]
1630 2375 1718 2406 Saxo
1742 2384 1792 2407 vl.
1810 2385 1844 2416 p.
1857 2377 1912 2407 99.

1212 2426 1266 2456 26.
1288 2425 1297 2442 ‘
1313 2424 1398 2455 Cum
1414 2434 1449 2455 se
1468 2425 1602 2464 gemina
1618 2429 1732 2466 strage
1757 2424 1911 2456 omnibus

1213 2473 1457 2515 propemodum
1472 2475 1579 2515 copiis
1596 2480 1734 2506 exutum
1753 2473 1912 2506 viderat.'

1255 2527 1329 2566 §13
1355 2526 1521 2557 Dimicans
1547 2525 1674 2565 cecidit]
1699 2526 1802 2557 Diod.
1831 2534 1908 2557 xvx.

1212 2579 1312 2607 31.et
1327 2576 1431 2607 Paus.
1453 2576 1621 2615 Phoeicis,
1643 2577 1856 2617 praecipitem
1873 2585 1910 2607 se

1212 2636 1237 2658 8-
1248 2636 1329 2667 rupe
1346 2626 1479 2657 dedisse
1494 2625 1659 2666 referunt,
1676 2635 1763 2657 anuo
1779 2625 1909 2667 Philip-

1212 2678 1247 2719 pi
1263 2678 1418 2718 septimo.
1442 2677 1546 2716 Bong.

1255 2729 1271 2768 ξ
1291 2730 1331 2758 14
1355 2725 1579 2766 Onomarclms]
1612 2725 1668 2756 Ita
1692 2725 1817 2757 Graeci.
1866 2725 1909 2756 In

1210 2778 1306 2810 Vett.
1323 2782 1376 2809 est
1402 2778 1624 2816 (Εηοιηειωιιε,
1649 2781 1707 2807 aut
1725 2777 1909 2816 OEnomaus,

1212 2834 1250 2859 ut
1274 2829 1307 2859 iu
1334 2827 1457 2859 Orosio
1484 2827 1551 2857 Ms.
1577 2827 1674 2857 Idem.
1729 2825 1909 2857 Sichardus

1215 2879 1409 2910 OEnomanus
1438 2877 1480 2907 ad
1519 2886 1610 2907 oram
1650 2875 1727 2906 libri
1762 2875 1907 2906 notavit.

1214 2930 1344 2961 Rornae.
1390 2927 1487 2962 Junt.
1508 2927 1678 2959 OEnomaus
1693 2935 1768 2958 cum
1783 2926 1907 2958 Orosio
