2101 3419
740 178 754 195 0

553 315 747 347 JUSTlNl
781 316 873 346 ΜΒ.
905 316 1037 347 xxu.
1069 318 1174 348 cAP.
1203 308 1243 349 6.

190 417 226 443 et
242 414 360 444 ν.3,4.
383 412 531 453 itemque
554 411 597 442 de
610 411 882 443 Lacedaemonio-

189 471 261 492 rum
274 470 325 492 lv.
341 464 393 492 ll.
410 464 460 493 10.
486 462 587 493 Bern.

231 511 314 541 odio
336 511 476 542 diuturni
499 510 637 551 imperii]
660 511 884 552 Βαρυνομένους

185 562 251 592 τοῖς
275 560 506 602 προστάγμασιν
534 561 568 592 ἐκ
595 563 721 593 πολλῶν
752 561 884 602 χρόνων,

186 610 334 652 λήψεσθαι
351 612 452 653 καιρὸν
465 614 521 650 τῆς
539 611 756 645 ἀποστάσεωςε
781 614 883 646 Diod.

185 672 222 695 x.
251 666 281 695 3.
318 665 470 704 Bngars.
524 665 533 682 ‘
551 665 637 706 Spes
664 665 796 706 cuique,
823 675 882 696 no·

186 713 286 744 vandi
303 723 358 745 res
380 724 469 753 suas,
483 714 573 745 omni
599 715 762 755 praesenti
788 719 881 746 statu

183 762 336 795 blandior
350 768 403 795 est
415 764 436 796 :’
452 765 524 796 Liv.
535 767 709 796 xxxv.l7.
725 767 757 796 8.
769 765 778 781 ‘
792 765 880 796 Mul-

183 812 208 843 ti
231 813 309 844 odio
332 814 564 854 praesentium,
580 818 614 845 et
630 814 791 855 cupidine
809 824 880 845 mu-

183 862 328 901 tationis,
343 863 410 894 snis
430 873 563 905 quoque
586 864 742 904 periculis
760 865 879 896 laetan-

183 911 261 943 tur!
281 913 360 944 Tac.
378 922 433 945 111.
447 915 499 944 44.
523 914 623 945 Bet-n.

224 963 241 1002 ς
258 965 276 993 5
302 962 375 993 Non
387 963 483 994 muris
497 963 613 1004 cincta]
636 964 677 995 In
695 964 780 996 Mss.
798 965 878 1005 legi-

182 1016 238 1043 tur
251 1013 365 1052 cincta,
387 1013 468 1044 item
487 1014 609 1054 posita.-
634 1014 722 1055 quod
742 1014 880 1045 videtur

179 1063 309 1095 melius.
354 1064 422 1095 Sed
446 1064 498 1095 ita
518 1074 595 1095 mox
617 1074 679 1106 pro
698 1075 773 1105 quas
796 1065 878 1096 scri-

180 1113 282 1145 bend.
299 1113 404 1146 fuerit
424 1125 503 1156 quoe,
519 1125 583 1147 nec
602 1114 628 1147 f.
649 1116 749 1147 aliter
764 1115 829 1147 fuit
844 1116 877 1147 in

179 1164 433 1204 vetustioribus,
450 1175 525 1196 cum
551 1166 584 1197 iu
611 1166 652 1197 iis
675 1166 877 1208 diphthongi

177 1212 302 1245 litteris
317 1215 481 1255 separatis
494 1216 662 1248 interdum
673 1217 877 1257 scribantur,

179 1273 254 1304 quae
279 1265 421 1305 scriptio
444 1265 546 1297 facile
570 1267 651 1298 illud
667 1277 756 1307 quas,
779 1277 876 1299 acce-

178 1314 282 1345 dente
319 1317 518 1348 correctoris
554 1317 734 1357 industria,
765 1318 877 1359 potuit

179 1373 355 1404 generare.
387 1365 494 1404 Schef.

225 1414 322 1446 Urbes
347 1416 380 1446 in
402 1416 502 1456 planis
522 1417 637 1457 campis
654 1418 797 1458 jaceant]
820 1418 876 1449 Ita

176 1463 360 1504 loquuntur
375 1466 495 1505 optimi
511 1467 644 1508 quique.
674 1468 792 1508 Virgil.
809 1478 874 1500 vn.

180 1513 253 1546 AEn.
269 1517 278 1531 ‘
297 1515 375 1546 Qua
396 1516 530 1548 Saturae
547 1517 645 1557 jacet
669 1522 743 1549 atra
759 1518 877 1558 palus!

178 1563 269 1604 Nep.
292 1565 392 1596 Eum.
425 1566 434 1583 ⁴
452 1565 542 1597 Asiae
571 1576 650 1607 pars
681 1577 756 1608 quae
787 1568 874 1598 inter

176 1612 453 1655 Taurumjacet!
475 1617 601 1647 Brutus
617 1617 650 1647 in
663 1618 727 1658 Ep.
743 1617 785 1648 ad
801 1618 872 1648 Cic.

175 1664 185 1682 ‘
202 1665 304 1698 Jacet
319 1667 411 1697 locus
425 1666 517 1698 inter
532 1667 748 1708 Apenninum
764 1673 800 1699 et
818 1667 874 1698 Al-

177 1714 259 1754 pes!
290 1716 367 1747 Vid.
385 1721 419 1747 et
431 1717 489 1750 lib.
505 1717 548 1748 de
566 1718 705 1749 Latinit.
723 1719 759 1749 F.
774 1719 872 1759 Susp.

175 1773 209 1804 p.
226 1767 296 1796 151.
326 1765 429 1798 Vorst.

191 1814 235 1857 ’ς
259 1819 279 1847 7
311 1818 352 1848 In
383 1818 543 1858 repentino
582 1819 743 1850 Poenorum
775 1818 873 1859 metu]

172 1865 318 1898 ‘Subita
358 1873 557 1900 conterrent
590 1869 716 1908 hostes,
747 1870 873 1901 usitata

173 1915 376 1947 vilescunt?
412 1918 536 1958 Veget.
567 1927 625 1950 111.
656 1922 708 1950 16.
746 1920 872 1960 Hujus-

172 1966 263 1997 modi
276 1967 431 2007 exempla
444 1968 583 2008 collegit
597 1969 772 2000 Piccartus
787 1969 870 2001 Obs.

172 2015 267 2047 Hist.
284 2025 333 2048 Vl.
350 2020 382 2048 9.
411 2018 509 2048 Rern.

217 2068 271 2108 §9
293 2066 449 2108 Sentient]
482 2068 564 2108 Leg.
587 2077 736 2100 sensuros.
781 2069 872 2100 Tota

175 2117 264 2147 enim
288 2117 361 2148 haec
379 2117 486 2149 oratio
511 2127 574 2157 per
592 2118 777 2149 infinitivus
794 2128 872 2159 pro-

172 2166 275 2197 cedit.
303 2168 388 2208 Cap.
405 2170 435 2198 3.
458 2168 467 2186 ⁴
483 2168 691 2208 Propediem
715 2179 870 2200 sensuros

173 2217 356 2257 quantum,'
382 2220 446 2249 ὅτε.
491 2219 538 2249 Et
565 2219 639 2249 Liv.
667 2227 788 2250 xxxv.
816 2222 868 2250 33.

172 2266 183 2282 ‘
200 2266 275 2299 Nec
300 2268 385 2299 ullos
409 2268 501 2308 prius
532 2268 663 2299 cladem
689 2269 760 2310 ejus
791 2269 871 2300 belli

172 2316 349 2348 sensuros!
373 2317 471 2350 Gran.

214 2367 288 2406 §ll
314 2368 414 2408 Capta
438 2368 645 2408 Carthagine]
668 2369 745 2400 Hoc
773 2378 870 2409 argu-

172 2420 285 2448 mento
299 2418 442 2449 Severus
464 2429 520 2459 ap.
539 2419 729 2450 Herodian.
748 2429 789 2450 11.
812 2420 871 2450 mi-

170 2467 247 2499 lites
261 2467 429 2508 hortatus,
452 2471 460 2486 ‘
481 2469 723 2510 Occupemu5‚'
748 2470 869 2510 inquit,

170 2516 182 2534 ‘
193 2526 290 2558 quam
302 2518 444 2558 primum
455 2518 612 2558 Romam,
626 2520 746 2550 Larem
759 2520 868 2559 ipsum

171 2566 324 2607 Imperii,
349 2569 477 2609 reliqua
501 2570 578 2600 dein
604 2568 706 2600 facile
729 2569 869 2610 expedi-

171 2618 262 2650 turi!
283 2619 374 2651 Add.
388 2621 459 2652 Liv.
477 2630 554 2652 ΧΧΙ.
569 2625 600 2652 5.
624 2624 654 2652 3.
678 2627 712 2652 et
736 2629 866 2652 xxxn'.

171 2669 224 2698 26.
241 2670 272 2699 3.
295 2670 374 2701 Tac.
402 2669 467 2711 Ag.
491 2674 543 2702 17.
563 2674 591 2702 2.
621 2672 708 2703 Flor.
727 2680 772 2702 11.
787 2674 818 2702 9.
835 2673 866 2702 3.

173 2716 270 2749 Rern.

214 2767 232 2805 ᾧ
258 2769 297 2796 12
327 2767 498 2800 Terminari
522 2771 603 2801 nullo
632 2774 766 2811 tempore
793 2770 868 2802 obli-

172 2815 273 2855 viane]
298 2817 379 2857 Leg.
395 2823 430 2849 et
445 2820 493 2850 ita
508 2829 549 2851 ex
564 2821 755 2852 imitatione
771 2822 867 2853 Cice-

172 2866 261 2897 mnis
282 2866 415 2906 scripsit
432 2868 596 2908 Justinus,
619 2872 701 2901 nulla
724 2872 868 2911 temporis

257 2919 376 2960 Delph.
393 2925 421 2952 et
443 2921 516 2953 Vur.
534 2924 616 2954 Clas.

829 2925 948 2957 Jusein.

1549 309 1635 350 913

934 411 1094 444 oblivione.
1123 413 1244 445 Faber.
1293 414 1464 445 Terminari
1486 414 1635 446 oblivione

935 467 1001 502 est,
1017 463 1185 495 oblivione
1210 463 1329 504 deleri,
1350 465 1520 497 oblivione
1545 467 1634 507 peri-

935 521 983 543 re.
1011 513 1113 544 Vorst.

981 562 1024 593 Ut
1041 562 1177 603 dicutur]
1201 564 1281 604 Leg.
1308 567 1338 595 et
1363 565 1423 596 dic.
1452 575 1528 596 nam
1552 569 1561 584 ‘
1576 566 1630 597 ut'

927 611 1000 652 jam
1024 617 1124 643 antea
1150 612 1308 652 positum.
1335 614 1447 645 Faber.
1492 615 1632 646 Mallem

932 665 963 692 et
978 663 1040 694 dic.
1064 661 1179 693 Schef.
1223 662 1319 694 Junt.
1346 665 1473 695 retinet
1499 668 1546 704 ut,
1572 666 1632 697 sed

932 712 1032 743 aliter
1059 712 1283 752 interpungit‚
1308 717 1344 744 et
1367 714 1494 745 rectius
1523 716 1634 754 posita

929 761 1034 803 τελείᾳ
1049 763 1167 803 στιγμῇ
1180 767 1255 803 post
1270 762 1306 793 τὸ
1321 764 1331 780 ‘
1346 764 1478 804 possit.’
1510 765 1618 797 Groev.

978 813 1118 853 Victique
1143 813 1274 844 victores
1300 814 1430 844 insecuti
1444 814 1524 854 sint]
1547 815 1631 846 Mss.

929 865 1058 903 utroque
1088 863 1228 894 victores.
1264 863 1339 895 Liv.
1364 872 1452 894 xxv.
1475 867 1528 896 26.
1555 864 1564 882 ‘
1583 866 1632 897 Ut

928 913 1019 943 ultro
1041 913 1190 954 undique
1206 917 1484 954 oppugnarentur
1508 914 1631 946 Roma-

929 963 986 995 ni)
1010 964 1146 995 Gronov.
1189 964 1302 1004 Magis
1329 964 1444 1004 placet
1459 965 1551 1006 quod
1573 975 1631 996 an-

931 1013 1091 1054 tiquiores
1106 1013 1197 1055 typis
1213 1023 1309 1054 expr.
1333 1014 1474 1054 habent,
1493 1015 1631 1055 ultroque

927 1062 1002 1093 vict.
1036 1062 1151 1104 Atque
1164 1064 1213 1094 ita
1229 1063 1263 1094 in
1283 1063 1382 1095 codd.
1397 1073 1530 1105 quoque
1544 1065 1630 1096 Mss.

928 1122 1003 1144 esse
1028 1117 1176 1144 testatur
1196 1114 1306 1154 Bong.
1337 1115 1440 1145 Vorst.
1485 1114 1526 1145 In
1544 1115 1630 1146 Mss.

928 1164 1100 1205 plerisque
1127 1164 1252 1205 legitur
1280 1166 1440 1204 ultroque.-
1473 1165 1508 1196 id
1539 1165 1630 1207 quod

928 1213 1075 1254 probant
1091 1213 1151 1244 viri
1166 1214 1271 1245 docti.
1309 1215 1431 1245 Putem
1448 1218 1629 1256 utrumque

929 1264 1080 1304 posuisse
1095 1265 1279 1304 Justinum,
1291 1275 1331 1296 ac
1349 1265 1524 1306 scripsisse
1535 1268 1629 1297 ultro-

927 1325 983 1355 que
996 1315 1070 1346 victi
1085 1315 1214 1346 victores
1227 1316 1284 1347 ins.
1300 1320 1382 1347 sunt.
1407 1317 1529 1348 Oratio
1546 1325 1626 1347 sane

926 1366 975 1396 ita
998 1366 1096 1405 longe
1113 1366 1303 1406 elegantior
1327 1371 1470 1407 propter
1491 1366 1626 1407 opposi-

927 1417 1074 1455 tionem;
1091 1420 1126 1447 et
1144 1416 1300 1447 vicinitas
1315 1416 1507 1447 litterarum
1524 1416 1625 1448 facile

927 1467 1039 1508 potuit
1052 1465 1200 1506 efficere,
1216 1471 1254 1497 ut
1274 1467 1477 1498 alterutrum
1494 1467 1627 1498 omitte·

926 1522 1030 1548 retur.
1057 1517 1163 1556 Schef.

969 1566 1057 1598 CAP.
1076 1576 1125 1598 vr.
1149 1567 1198 1607 §1
1224 1566 1289 1597 His
1310 1566 1441 1607 quidem,
1453 1566 1524 1607 ὅπη]
1547 1566 1624 1599 Hoc

925 1616 999 1657 ipso
1016 1617 1170 1657 exemplo
1187 1622 1223 1648 et
1238 1618 1402 1648 similibus
1421 1617 1493 1648 aliis
1512 1621 1626 1649 osten-

925 1666 1010 1697 dunt
1025 1667 1208 1697 Frontinus
1220 1676 1244 1698 1.
1259 1670 1311 1698 12.
1323 1671 1358 1698 et
1372 1667 1523 1699 Piccart.
1539 1668 1624 1700 Obs.

926 1724 962 1747 x.
978 1719 1009 1747 3.
1028 1716 1105 1747 boni
1122 1716 1216 1747 ducis
1233 1727 1318 1756 esse,
1336 1721 1462 1748 metum
1482 1717 1624 1749 militum

925 1775 968 1796 ex
984 1765 1135 1797 adversis
1152 1767 1318 1798 ominibus
1330 1772 1533 1808 conceptum
1548 1778 1625 1808 pru-

924 1816 1045 1847 denter
1060 1816 1211 1856 eludere,
1227 1821 1263 1848 et
1278 1817 1312 1847 in
1328 1818 1533 1848 contrarium
1551 1828 1624 1849 ver-

924 1869 1008 1897 tere.
1055 1865 1146 1897 Huic
1161 1872 1276 1897 nostro
1293 1867 1460 1906 geminum
1477 1868 1556 1908 quid
1572 1874 1625 1899 est

922 1914 956 1945 iu
970 1915 1066 1947 Curt.
1082 1925 1130 1947 1v.
1149 1919 1201 1949 10.
1224 1918 1322 1948 Rern.

964 1966 981 2005 ᾧ
998 1969 1018 1997 2
1042 1966 1241 1997 Crediturum
1254 1968 1415 1998 adversum
1429 1968 1623 2008 profecturos

919 2017 1099 2058 prodigium
1122 2017 1200 2057 esse]
1225 2018 1336 2050 Scrib.
1360 2019 1442 2050 cred.
1464 2020 1532 2050 adv.
1552 2029 1623 2060 pro-

913 2067 1048 2106 fecturis
1058 2068 1249 2108 prodigium,
1264 2072 1302 2099 ut
1316 2068 1326 2085 ‘
1338 2068 1535 2100 adversnm'
1550 2070 1583 2100 h.
1602 2071 1623 2100 l.

922 2118 964 2148 sit
988 2128 1121 2157 nomen,
1148 2127 1213 2148 non
1240 2118 1448 2158 praepositio.
1485 2119 1621 2149 Gronov.

923 2169 1062 2200 Nullum
1078 2169 1132 2200 hie
1148 2169 1182 2199 in
1197 2168 1290 2199 libris
1307 2168 1515 2209 praesidium.
1554 2169 1622 2199 Vix

922 2223 1033 2249 tamen
1060 2218 1179 2250 dubito
1204 2219 1336 2259 legend.
1363 2229 1436 2249 esse
1462 2220 1622 2250 adversum

916 2268 1114 2309 profecturis.
1162 2269 1251 2299 Nam
1269 2269 1447 2309 prodigium
1462 2270 1622 2300 adversum

916 2319 1111 2360 profecturos
1134 2319 1224 2359 sapit
1244 2320 1464 2359 pessimorum
1490 2324 1622 2359 tempo-

920 2379 994 2400 rum
1015 2369 1295 2400 consuetudinem
1312 2374 1347 2400 et
1363 2369 1494 2399 illorum
1516 2368 1620 2399 homi-

920 2428 1012 2458 num,
1036 2419 1092 2459 qui
1108 2419 1265 2449 meliores
1282 2418 1464 2459 scriptores
1480 2423 1538 2449 aut
1554 2427 1620 2449 non

920 2468 1088 2507 viderant,
1117 2473 1175 2499 aut
1202 2478 1268 2505 non
1296 2469 1450 2508 legerant
1474 2472 1619 2499 attente.

920 2518 1011 2549 Hinc
1037 2522 1071 2549 et
1096 2518 1129 2548 in
1156 2528 1253 2559 seqq.
1281 2517 1376 2557 dicit,
1401 2518 1409 2534 ‘
1428 2527 1516 2548 nunc
1541 2518 1620 2558 quia

919 2570 1064 2609 egressis
1082 2568 1262 2608 acciderit,
1284 2568 1347 2598 illis
1364 2567 1405 2598 ud
1424 2577 1505 2608 quos
1522 2573 1620 2599 eatur

919 2619 1147 2660 portendere‚’
1171 2630 1219 2650 sc.
1245 2619 1408 2650 adversa:
1442 2619 1504 2650 lioc
1528 2619 1618 2649 enim

918 2669 977 2700 ἀπὸ
993 2670 1093 2700 κοινοῦ
1109 2669 1290 2709 repetenti.
1336 2670 1425 2700 Nam
1452 2671 1460 2686 ‘
1480 2676 1618 2709 porten-

918 2719 1021 2751 dere'
1038 2720 1111 2750 sine
1129 2719 1264 2759 adjecto
1287 2719 1435 2757 nomine,
1456 2718 1534 2759 quid
1551 2719 1618 2758 sig-

917 2769 1046 2809 nificet⁷
1059 2780 1126 2800 non
1144 2774 1260 2809 potest
1275 2769 1433 2809 intelligi,
1456 2779 1530 2799 cnm
1549 2774 1617 2799 tani

917 2821 997 2852 laetu
1023 2830 1120 2861 quam
1151 2820 1298 2851 infausta
1324 2824 1361 2851 et
1385 2821 1492 2851 tristia
1515 2822 1524 2837 ‘
1542 2830 1617 2860 por-

918 2871 1011 2902 tendi
1022 2871 1029 2883 '
1045 2871 1212 2903 dicautur.
1234 2872 1386 2905 I'orroin
1398 2872 1492 2904 Junt.
1505 2872 1615 2911 paullo

1450 2927 1468 2955 3
1494 2925 1530 2955 M
