2174 3424
527 362 612 404 676

526 464 627 496 facile
642 465 802 497 omisisse.
826 465 934 505 Schef.
977 466 1074 499 Junt.
1097 469 1166 497 stat
1180 465 1222 496 ab

524 516 592 547 illis
608 517 848 549 vetustioribus
873 516 950 548 edd.
969 526 1051 558 quas
1074 515 1223 547 laudavit

522 566 640 598 Vorst.
666 567 773 599 Graev.

567 616 584 655 ξ
607 619 626 645 5
651 616 730 646 Post
745 616 916 647 vindictam
928 615 1104 656 pudicitiae]
1126 617 1221 647 Unus

523 664 625 706 Angl.
637 675 670 706 p.
684 666 872 698 vindicatam
884 666 1080 706 pudicitiam.
1104 666 1219 697 Graev.

565 718 583 756 ᾗ
607 719 627 747 6
650 716 766 755 Hujus,
794 716 863 756 ἐγω]
886 717 977 747 Saxo
1001 725 1035 747 v.
1059 725 1093 756 p.
1119 718 1170 746 78.
1194 713 1219 746 f.

520 767 530 784 ‘
545 767 622 799 Quo
639 765 732 797 dicto
745 767 866 798 Ericns
882 765 1117 807 propulsandae
1133 764 1220 796 frau-

521 816 573 847 dis
589 816 801 849 admonitus?

565 867 698 897 Tandem
726 867 865 907 Hippias
900 877 994 906 regno
1029 865 1149 907 pulsus]
1185 869 1215 897 3.

517 917 614 947 annis
631 920 707 956 post
731 916 947 948 interfectum
963 917 1104 948 fratrem
1132 916 1218 957 Hip-

518 967 680 1006 parchum
703 967 914 1007 tyrannidem
943 967 1073 1006 tenuit3
1096 972 1218 1007 quarto

517 1021 633 1048 autem
657 1022 799 1058 accepta
814 1016 880 1048 fide
906 1017 1045 1057 publica
1071 1017 1218 1057 Sigaeum

519 1072 556 1097 et
583 1067 662 1098 inde
689 1068 914 1108 Lampsacum
943 1067 985 1098 ad
1025 1065 1216 1097 AEantidem

514 1116 690 1157 profectus
705 1121 770 1157 est,
785 1122 821 1148 et
837 1117 930 1148 illinc
948 1116 989 1147 ad
1005 1116 1149 1147 Darium
1166 1125 1216 1146 re-

517 1176 593 1206 gem
619 1167 821 1205 Persarum;
857 1171 893 1198 ut
918 1176 961 1197 ex
986 1166 1140 1207 Thucyd.
1169 1175 1217 1196 Π.

513 1216 707 1248 scirelicet.
735 1216 835 1247 Vorst.

558 1266 575 1305 ξ
599 1267 618 1296 8
642 1266 806 1296 Auxilium
826 1276 845 1296 α
866 1265 1122 1306 Lacedoemoniis]
1147 1265 1216 1296 Per

514 1315 709 1353 Φειδιππίδην
745 1316 955 1357 ἡμερόδρομον.
1008 1317 1138 1348 Herod.
1165 1326 1215 1348 Vl.

515 1369 590 1397 105.
622 1366 757 1397 Probus
781 1367 815 1397 in
839 1366 1009 1398 Miltiade.
1054 1367 1215 1396 Meminit

514 1421 549 1447 et
565 1416 668 1447 Plato
683 1426 738 1449 111.
760 1417 803 1448 de
820 1418 925 1457 Legg.
969 1417 1024 1448 De
1041 1416 1214 1456 quatridui

511 1466 674 1506 religione
689 1467 836 1507 Lycurgi
847 1467 956 1506 legem
970 1470 1214 1497 commemorat

512 1517 652 1549 Lucian.
666 1517 708 1548 de
722 1517 930 1557 Astrologia.
953 1517 1033 1548 vid.
1050 1521 1086 1547 et
1100 1517 1212 1548 Strab.

510 1566 569 1598 lib.
583 1575 634 1598 ιΧ.
660 1566 713 1598 Cf.
731 1577 807 1598 cum
819 1566 971 1599 Auctore
984 1571 1098 1598 nostro
1112 1566 1212 1599 Oros.

510 1624 552 1647 11.
570 1619 602 1647 8.
626 1617 732 1656 Bong.

553 1666 753 1707 Petirerunt]
774 1667 858 1698 Mss.
875 1676 991 1697 omnes
1003 1665 1128 1697 habent
1141 1675 1212 1706 per·-

509 1717 711 1748 duraverunt.
757 1718 871 1749 Quare
897 1716 1059 1756 suspicor,
1083 1715 1211 1748 Justini

509 1775 581 1797 esse
595 1767 846 1806 postulaverunt.-
871 1767 961 1807 quod
975 1771 1134 1807 tanquam
1151 1766 1211 1796 mi-

508 1825 572 1846 nus
584 1816 744 1847 usitatum
761 1817 845 1847 alius
855 1816 1012 1856 exposuit
1023 1825 1083 1856 per
1096 1816 1211 1856 pelice-

505 1869 592 1897 runt.
637 1865 724 1896 Sane
752 1865 855 1896 verbo
879 1865 944 1896 isto
968 1865 1016 1896 sic
1033 1866 1210 1896 consuevit

507 1915 560 1945 uti
595 1915 712 1954 Nepos
740 1924 888 1955 quoque,
924 1915 1114 1955 praesertim
1151 1915 1208 1946 ubi

508 1963 633 2003 petitio
649 1969 700 1995 est
716 1964 909 2005 vehemens,
935 1964 1023 1996 sicut
1043 1964 1107 1996 fuit
1123 1965 1154 1996 h.
1173 1965 1207 1995 in

508 2014 529 2043 l.
552 2012 658 2051 Scires.

551 2063 568 2101 ξ
592 2065 613 2092 9
638 2063 721 2097 Quos
745 2062 797 2093 ubi
819 2063 962 2094 viderunt
978 2064 1137 2103 quatridui
1163 2067 1206 2094 te-

506 2112 575 2142 neri
595 2112 760 2151 religione]
793 2112 918 2144 Istliaec
940 2113 1057 2154 religio
1081 2123 1100 2143 a
1115 2115 1204 2145 lunae

507 2161 742 2193 observatione
769 2167 863 2202 erat;
888 2173 964 2193 nam
991 2163 1204 2203 quemadmo-

506 2211 586 2242 dum
624 2221 757 2252 semper
794 2217 871 2253 post
905 2218 1062 2243 exortum
1100 2215 1204 2245 solem

505 2263 622 2294 Persae
639 2272 759 2303 agmen
776 2263 969 2302 movebant,
986 2263 1032 2294 ita
1047 2268 1083 2295 et
1100 2265 1203 2296 Lace-

505 2312 665 2344 daemonii
705 2314 817 2344 lunam
862 2313 1107 2354 sequebantur,
1145 2319 1204 2346 aut

506 2368 727 2402 crescentem,
750 2367 808 2393 aut
835 2364 982 2403 plenam,
1006 2363 1062 2394 ubi
1089 2364 1204 2405 aliqua

504 2412 681 2452 expeditio
697 2412 912 2453 suscipienda
929 2418 1014 2444 erat.
1059 2414 1203 2444 Unicum

504 2461 650 2492 arbitror
687 2471 761 2492 esse
794 2462 863 2502 huj.
903 2462 949 2492 rei
987 2467 1123 2493 testem.
1168 2463 1203 2494 Is

503 2511 699 2542 Pausanias.
765 2512 800 2542 Si
831 2511 942 2549 fallor,
979 2512 1036 2542 ubi
1067 2513 1202 2544 unicum

504 2561 595 2600 dic0‚
611 2562 693 2593 alius
710 2571 763 2593 me
780 2568 927 2594 moneat.
952 2563 1031 2594 Fal).

547 2612 618 2642 Non
635 2615 808 2653 exspectato
823 2614 952 2648 auxilio,
975 2613 1138 2644 instructis
1151 2614 1202 2644 ‹Ie-

501 2671 565 2691 cem
578 2662 710 2692 millibus
725 2662 852 2702 citium]
878 2663 989 2694 Etiam
1008 2662 1089 2693 illud
1112 2663 1202 2693 auxi-

498 2711 541 2740 lio
559 2711 656 2742 abest
672 2712 714 2742 ab
726 2713 879 2743 omnibns
892 2717 960 2743 tam
978 2713 1086 2753 Boug.
1103 2722 1201 2754 quam

503 2761 586 2791 meis
618 2762 699 2792 Mss.
724 2766 759 2793 et
785 2763 874 2793 absit
898 2772 991 2802 sanc,
1015 2767 1053 2794 ut
1076 2762 1201 2793 dixerit

502 2810 590 2841 Just.
606 2820 664 2841 non
679 2815 864 2852 exspectato,
880 2814 902 2843 τ’.
925 2815 954 2843 d.
978 2823 1019 2845 m.
1036 2817 1072 2844 et
1088 2822 1201 2854 qnem-

504 2859 681 2891 admodum
706 2863 787 2894 Sall.
822 2864 831 2880 ‘
859 2862 988 2894 Audito
1028 2863 1200 2894 consulem

503 2908 537 2938 in
571 2909 725 2942 Ciliciam
756 2911 933 2943 teuderc:'
970 2922 1080 2954 neque
1112 2913 1199 2945 enim

982 373 1124 402 NOTAE
1159 371 1424 403 VARloRUM
1460 371 1510 402 IN

1275 474 1411 506 semper
1425 463 1628 505 Scriptores,
1651 461 1840 504 praesertim
1856 464 1895 493 ut
1915 471 1975 502 op-

1275 517 1374 548 timus
1404 517 1548 558 quisque
1588 519 1652 555 est,
1689 518 1827 546 servant
1857 515 1892 546 in
1920 514 1973 545 his

1274 566 1520 599 Grammaticos
1536 575 1692 597 canones.
1716 566 1805 596 Mod.

1315 616 1355 647 In
1381 626 1502 656 campos
1527 614 1758 655 Marathonios]
1795 614 1973 646 Maratho-

1271 675 1359 706 nem,
1378 665 1507 697 Atticae
1523 665 1656 705 urbem,
1671 665 1711 696 ad
1730 674 1828 706 quam
1845 674 1972 706 pugna·

1272 721 1341 747 tum
1359 720 1424 755 est,
1441 716 1562 757 Pomp.
1589 716 1684 746 Mela
1706 715 1764 747 lib.
1786 725 1829 747 11.
1852 717 1861 733 ‘
1879 725 1972 755 mag-

1270 777 1390 798 narum
1405 772 1440 798 et
1455 769 1637 799 multarum
1655 767 1817 798 virtutum
1834 766 1971 799 testem'

1270 818 1498 858 cognominat.
1543 818 1596 849 De
1614 827 1728 858 pugna
1751 817 1971 848 Marathonia

1269 869 1384 910 (quam
1411 869 1504 899 Plut.
1535 878 1554 898 a
1584 871 1658 899 300.
1689 867 1886 898 auctoribus
1913 866 1971 897 de-

1269 919 1428 959 scriptam
1455 916 1619 958 affirmat)
1644 926 1746 958 porro
1773 915 1971 947 consulendi

1270 968 1399 1000 Herod.
1417 977 1466 999 vr.
1484 968 1588 998 Paus.
1605 976 1631 998 1.
1647 967 1760 998 AEmil.
1784 965 1917 997 Probus
1934 967 1969 996 in

1268 1019 1435 1050 Themist.
1463 1023 1498 1049 et
1537 1018 1629 1049 Milt.
1672 1017 1764 1048 Gell.
1794 1025 1886 1047 xvn.
1913 1019 1967 1047 21.

1268 1069 1452 1100 Berneccer.
1496 1068 1577 1107 Pro,
1606 1067 1639 1098 in
1671 1075 1827 1106 campum
1855 1065 1972 1096 Mara-

1269 1119 1380 1158 thona,
1406 1122 1443 1148 ut
1472 1118 1562 1158 Nep.
1592 1116 1755 1157 loquitur.
1799 1114 1967 1146 Nimirum

1268 1177 1309 1198 ex
1335 1167 1523 1199 nominibus
1551 1166 1698 1208 propriis
1725 1165 1875 1196 locorum
1902 1163 1969 1195 for-

1267 1222 1401 1248 mantur
1427 1217 1612 1258 adjectiva,
1636 1225 1744 1256 eaque
1768 1215 1842 1246 aliis
1868 1223 1966 1245 voca-

1267 1267 1354 1298 bulis
1387 1267 1561 1298 latioribus
1588 1266 1803 1306 adjiciuntur.
1846 1263 1902 1296 Ad
1931 1264 1964 1295 h.

1265 1317 1401 1348 modum
1433 1317 1557 1348 dicitur
1586 1317 1596 1333 ‘
1621 1315 1803 1346 Parnassia
1842 1314 1966 1355 rupes'

1265 1376 1339 1407 pro,
1355 1376 1455 1407 rupes
1479 1367 1665 1397 Parnassus
1681 1376 1690 1405 ;
1716 1366 1724 1382 ‘
1741 1365 1820 1396 urbs
1843 1365 1966 1396 Roma-

1265 1417 1327 1448 na'
1350 1427 1422 1458 pro,
1438 1417 1518 1447 urbs
1535 1417 1665 1455 Roma;
1686 1416 1696 1433 ‘
1713 1414 1835 1446 flumen
1853 1415 1962 1446 Ache-

1264 1466 1392 1498 rusium
1403 1467 1410 1479 '
1426 1476 1500 1507 pro,
1513 1465 1640 1497 flumen
1655 1464 1827 1496 Acheron.
1859 1465 1963 1496 Vorst.

1263 1518 1347 1548 Mss.
1364 1517 1491 1548 habent
1505 1516 1623 1556 campis
1637 1515 1858 1556 Marathoniis,
1873 1514 1963 1556 quod

1262 1576 1329 1597 non
1351 1570 1542 1598 contemno,
1586 1565 1704 1596 Debet
1734 1569 1846 1596 autem
1872 1573 1962 1595 com-

1262 1620 1352 1648 mate
1369 1616 1533 1656 distingui
1550 1626 1569 1646 a
1582 1625 1677 1656 seqq.
1701 1619 1740 1646 ut
1759 1615 1803 1646 sit
1823 1620 1963 1646 senten-

1262 1666 1330 1698 tia:
1369 1667 1532 1707 Egressos
1558 1666 1718 1697 adversus
1750 1669 1803 1697 tot
1832 1665 1963 1703 hostes,

1262 1717 1318 1757 qui
1336 1721 1405 1747 tum
1422 1721 1519 1747 erant
1540 1716 1573 1747 in
1590 1716 1719 1757 campis
1735 1715 1961 1748 Marathoniis

1261 1766 1448 1797 constituti.
1481 1765 1588 1803 Schef.

1302 1817 1378 1856 §10
1401 1817 1480 1847 Dux
1496 1816 1582 1856 belli]
1615 1815 1805 1856 Στρατηγὸς,
1831 1825 1916 1847 unus
1939 1824 1959 1846 e

1260 1865 1389 1896 decern.
1428 1864 1631 1905 Πολέμαρχος
1647 1869 1759 1896 autem
1780 1870 1853 1896 erat
1877 1869 1961 1895 Καλ-

1258 1914 1392 1954 λίμαχος
1407 1916 1587 1955 Ἀφιδναῖος.
1612 1914 1744 1946 Herod.
1762 1923 1810 1946 VI.
1828 1917 1900 1947 109.
1922 1919 1958 1946 et

1258 1966 1359 1996 Paus.
1376 1966 1500 1997 Lacon.
1530 1965 1635 2004 Bong.

1300 2017 1430 2054 Auctor,
1453 2015 1522 2055 ‹ts-a]
1557 2015 1647 2050 Saxo
1673 2023 1708 2045 x.
1740 2023 1773 2054 p.
1802 2016 1876 2046 235.
1901 2017 1954 2046 35.

1255 2065 1264 2081 ‘
1282 2065 1526 2096 Committeudi
1540 2064 1647 2104 praelii
1663 2069 1835 2095 auctorem
1852 2073 1955 2105 agere

1256 2115 1468 2155 postulatus!
1492 2123 1570 2146 xvr.
1593 2124 1626 2155 p.
1653 2116 1727 2145 374.
1753 2116 1805 2145 35.
1832 2115 1840 2130 ‘
1856 2115 1957 2145 Eum-

1255 2174 1320 2205 que
1350 2165 1526 2196 dividendi
1559 2165 1649 2195 iuter
1680 2163 1827 2204 pupillos
1858 2164 1956 2205 regui

1255 2220 1427 2245 auctorem
1444 2214 1642 2246 habiturus?

1299 2265 1410 2304 Tanta,
1439 2264 1508 2304 ἐξα]
1556 2265 1646 2295 Saxo
1675 2273 1725 2295 lv.
1755 2273 1788 2304 p.
1816 2266 1870 2295 62.
1897 2266 1952 2296 49.

1252 2314 1262 2331 ⁴
1279 2314 1387 2345 Tanta
1409 2319 1523 2345 autem
1540 2312 1688 2344 Atislum
1711 2312 1835 2344 fiducia
1854 2323 1955 2353 cepe-

1254 2368 1318 2403 rat,
1335 2363 1397 2402 ut,’
1414 2366 1478 2395 διο.
1501 2372 1574 2394 xiv.
1598 2373 1632 2404 p.
1649 2365 1724 2393 312.
1743 2365 1796 2394 19.
1817 2363 1827 2380 ‘
1842 2363 1953 2395 Quem

1254 2418 1349 2444 tanta
1364 2412 1486 2444 fiducia
1500 2417 1651 2454 ceperat,
1666 2417 1703 2443 ut
1719 2413 1793 2453 plus
1810 2412 1954 2444 remedii

1254 2464 1288 2495 in
1304 2464 1482 2495 celeritate
1503 2473 1601 2504 quam
1618 2464 1651 2494 in
1669 2463 1770 2494 sociis
1786 2462 1953 2495 duceret.'

1296 2515 1313 2554 ᾧ
1333 2517 1369 2545 11
1398 2514 1504 2545 Citato
1519 2512 1623 2552 etwsu]
1640 2512 1694 2544 Sic
1713 2518 1748 2544 et
1762 2511 1820 2543 inf.
1838 2521 1888 2544 xi.
1901 2515 1953 2545 15.

1252 2567 1282 2596 3.
1305 2564 1455 2605 Parique
1473 2563 1571 2595 modo
1594 2565 1603 2580 ‘
1622 2563 1730 2594 citato
1748 2562 1874 2604 gradu’
1898 2572 1951 2596 xi.

1251 2618 1283 2646 2.
1308 2618 1340 2645 5.
1366 2615 1375 2631 ‘
1393 2615 1501 2646 citato
1531 2613 1682 2654 impetu’
1714 2623 1763 2645 iv.
1796 2616 1824 2646 1.
1852 2617 1884 2645 9.
1915 2619 1952 2646 et

1250 2665 1259 2680 ‘
1276 2664 1380 2695 citato
1409 2663 1550 2695 itinere’
1573 2672 1608 2695 v.
1624 2666 1654 2694 8.
1674 2666 1723 2694 13.
1757 2664 1820 2694 Est
1837 2668 1949 2695 autem

1251 2715 1260 2731 ‘
1279 2713 1404 2745 citato'
1427 2714 1473 2745 id.
1492 2712 1594 2754 quod,
1609 2712 1758 2743 incitato.
1807 2712 1883 2744 Qua
1899 2722 1951 2744 ra·

1251 2764 1343 2795 tione
1358 2763 1431 2795 Liv.
1447 2764 1455 2780 ‘
1469 2764 1574 2794 citato
1590 2771 1676 2803 equo
1693 2761 1818 2793 vadere
1829 2761 1838 2775 ’
1849 2762 1950 2802 dicit,

1250 2817 1287 2844 et
1302 2813 1389 2845 Caes.
1417 2814 1426 2830 ‘
1444 2813 1552 2843 citare
1580 2812 1718 2853 equum’
1741 2821 1815 2853 pro,
1831 2811 1949 2844 incita·

1251 2873 1298 2895 re.
1330 2863 1404 2894 Vor.

1294 2912 1387 2953 Eius]
1411 2912 1493 2945 Suus
1519 2911 1604 2954 legit
1632 2910 1766 2944 Acidal.
1793 2910 1836 2943 ad
1862 2911 1946 2943 Vell.
