2174 3424
632 385 828 415 JUS'rlNl
864 386 954 417 [ΑΒ.
988 387 1058 416 xi.
1090 388 1195 418 CAP.
1228 378 1294 420 12.

240 487 291 510 xx.
307 479 401 510 Fam.
417 481 470 510 26.
491 477 501 495 ‘
516 477 615 510 Quod
632 482 668 509 tu
685 487 786 508 unum
808 476 931 517 ζήτημα

239 529 344 560 Dioni
358 528 552 569 philosopho
566 527 705 567 posuisti
715 527 737 558 :’
753 532 787 558 et
795 527 931 558 Phaedr.

238 579 320 611 Fab.
333 582 385 609 53.
406 579 415 596 ⁴
426 578 500 608 Nec
514 577 708 618 quaestionis
720 577 840 617 positae
854 587 931 608 cau-

238 638 308 660 sam
330 627 514 667 intelligit.'
546 628 680 659 Gronov.
726 627 864 657 Tertiam
883 626 931 657 in-

237 679 477 718 terrogationem
507 680 655 718 poscenti,
688 688 763 719 pro,
793 678 931 709 tertiam

235 729 539 769 interrogationem
567 728 803 769 interroganti.
845 729 931 759 Ver-

236 779 289 810 bis
325 778 533 819 adjiciuntur
577 788 646 809 non
683 788 760 809 raro
796 779 932 810 nomina

236 828 344 869 ejusd.
373 828 533 868 originis3
566 833 605 859 ut
639 829 648 845 ‘
667 827 775 858 ridere
805 827 932 866 risum‚'

231 879 242 895 ⁴
256 887 406 918 pugnare
419 888 564 918 pugnam
577 877 598 909 ε’
623 877 791 908 interdum
803 882 838 908 et
851 887 930 918 cog-

234 933 324 959 natae
341 928 440 959 modo
462 927 740 968 significationi53
763 932 803 958 ut
824 930 833 945 ‘
847 938 931 968 pug—

234 987 317 1009 nare
334 977 476 1018 praelia‚'
499 977 508 994 ‘
524 977 651 1018 garrire
667 976 797 1017 nugas!
842 979 929 1011 Quae

234 1027 370 1066 Latina,
386 1032 421 1058 et
436 1027 544 1068 ejusd.
557 1027 689 1067 generis
705 1027 840 1067 Graeca,
851 1028 931 1069 quid

235 1077 429 1118 discrepent
445 1087 463 1108 a
479 1078 590 1118 phrasi
612 1078 657 1110 N.
672 1078 710 1108 T.
734 1076 851 1118 χαίρειν
871 1089 930 1117 χα-

234 1127 290 1168 ρὰν
306 1126 458 1166 μεγάλην,
474 1132 510 1158 et
524 1127 557 1158 id
574 1137 678 1168 genus
695 1128 781 1167 aliis,
797 1128 830 1158 in
852 1137 928 1169 cap.

234 1180 287 1209 35.
310 1178 387 1208 libri
409 1177 450 1208 de
476 1177 685 1209 Hebraismis
702 1178 746 1209 N.
760 1179 798 1210 Τ.
813 1178 928 1209 docui-

234 1237 320 1258 mus.
356 1228 456 1259 Vorst.
507 1228 549 1259 In
575 1229 642 1259 Ms.
667 1228 793 1269 legitur
822 1230 929 1260 Tertia

233 1278 488 1318 interrogatione,
503 1279 592 1320 quod
609 1279 679 1310 sine
696 1279 797 1310 dubio
814 1281 930 1311 rectis-

235 1329 366 1360 simum.
409 1329 476 1360 Sed
499 1329 547 1360 sic
564 1329 725 1360 mutanda
745 1329 846 1361 etiam
864 1332 929 1362 dis-

235 1380 371 1419 tinctio,
398 1380 558 1420 locusque
587 1384 679 1411 totus
703 1380 751 1411 ita
780 1380 930 1411 scriben-

237 1429 300 1460 dus
313 1441 320 1461 ε
349 1430 454 1460 Tertia
465 1430 706 1469 interrogatione
719 1431 855 1470 poscenti
868 1431 928 1461 vic-

235 1481 346 1511 toriam
357 1481 490 1511 omnium
505 1480 646 1510 bellorum
658 1480 930 1520 possessionemque

233 1533 399 1568 terrarum,
412 1531 483 1560 dari
495 1531 703 1570 respondetur.
733 1530 928 1570 Eleganter.

234 1580 314 1611 Non
342 1580 507 1620 poscebat
529 1579 841 1620 interrogationem,
870 1581 928 1611 sed

232 1629 498 1671 interrogatione
545 1630 711 1671 poscebat
750 1630 928 1661 victoriam

233 1679 411 1713 bellorum.
456 1682 520 1712 Est
549 1685 659 1711 autem
686 1681 929 1719 interrogatione

230 1740 353 1770 poscere
374 1731 417 1761 id.
435 1740 486 1769 ac,
504 1739 655 1771 quaerere
674 1734 784 1760 utrum
801 1740 865 1760 non
882 1731 927 1762 sis

232 1781 408 1811 habiturus
419 1781 607 1811 victoriam.
654 1780 790 1811 Curtius
808 1780 855 1811 sic
870 1790 928 1811 ex-

234 1833 330 1863 tulit:
356 1833 365 1849 ‘
379 1831 432 1862 An
459 1831 563 1862 totius
579 1830 669 1861 orbis
686 1831 863 1870 imperium
878 1830 928 1862 fa-

233 1881 276 1912 tis
292 1881 356 1912 sibi
371 1881 561 1912 destinaret
577 1880 697 1920 pater.'
719 1880 825 1918 Schef.

276 1931 348 1970 §11
376 1929 548 1960 Comitibus
576 1939 690 1970 quoque
715 1930 780 1960 suis
805 1940 927 1970 respon-

231 1980 314 2020 sum]
338 1980 420 2021 Leg.
435 1980 533 2020 ipsius
546 1990 605 2021 pro
620 1980 693 2012 suis.
716 1980 799 2012 Fab.
844 1981 926 2020 Pro,

233 2031 419 2062 Comitibus
436 2031 523 2071 ejus.
568 2031 672 2071 Cujus
689 2032 821 2072 generis
835 2032 927 2063 varia

229 2079 264 2110 in
280 2090 355 2121 cap.
371 2084 402 2112 5.
418 2081 460 2112 de
478 2081 553 2112 Lat.
571 2079 646 2111 fals.
662 2090 755 2122 susp.
785 2091 925 2122 conges-

230 2131 346 2162 simus.
373 2132 444 2163 Vor.

274 2183 291 2222 ᾗ
310 2184 347 2212 13
370 2181 595 2213 Alexandriam
605 2181 759 2222 condidit]
783 2182 926 2213 Eodem-

231 2241 297 2273 que
312 2237 466 2272 tempore
479 2232 721 2262 Paraetonium.
766 2231 832 2263 Adi
850 2234 926 2263 Sca-

229 2282 289 2323 lig.
319 2282 498 2313 Animadv.
526 2282 559 2312 in
589 2282 712 2313 Euseb.
741 2292 776 2322 p.
790 2286 863 2315 117.
893 2283 924 2315 b.

231 2332 366 2364 Annum
393 2331 609 2363 Alexandriae
639 2333 786 2364 conditae
812 2333 926 2373 prodit

231 2383 304 2415 Liv.
316 2392 399 2414 vm.
414 2386 466 2414 24.
484 2386 514 2413 l.
537 2383 636 2413 Bern.

275 2434 320 2464 Et
343 2433 492 2464 coloniam
515 2431 732 2472 BIacedonum]
767 2433 926 2465 Coloniam

231 2483 445 2514 BIacedoniam
457 2487 510 2513 est
524 2482 557 2512 in
572 2483 656 2513 Mss.
671 2487 706 2513 et
717 2487 821 2514 recte.
843 2484 923 2514 Vid.

230 2534 402 2564 Vechneri
417 2533 631 2564 Hellenolex.
648 2532 682 2572 p'.
693 2534 746 2563 54.
763 2542 806 2564 m.
825 2537 860 2563 et
873 2536 925 2565 86.

231 2593 275 2616 rn.
297 2584 428 2615 Bernec.
471 2583 555 2614 Mss.
581 2592 696 2613 omnes
715 2593 798 2623 quos
814 2584 923 2624 Bong.

231 2633 330 2672 vidit,
353 2636 501 2672 excepto
518 2641 597 2671 uno,
619 2632 764 2662 coloniam
780 2633 925 2664 Macedo-

232 2683 328 2714 niam.
371 2683 481 2724 quue
495 2683 662 2713 Bernecc.
678 2682 711 2712 in
729 2682 829 2713 Notis
853 2693 927 2723 pos-

235 2733 415 2765 terioribus
442 2737 573 2763 rectum
596 2736 706 2772 putat.
751 2733 856 2764 Foret
871 2743 925 2764 au-

236 2789 306 2815 tem
336 2783 443 2814 simile
470 2782 502 2813 ei
530 2782 617 2823 quod
641 2782 807 2813 Salustius
831 2783 926 2823 dicit,

233 2834 409 2866 ‘mulieres
426 2832 568 2871 Galliae:
585 2837 620 2863 et
635 2833 749 2863 multis
771 2833 804 2864 id
821 2843 925 2874 genus

237 2885 323 2925 aliis,
347 2894 421 2926 quae
450 2883 616 2915 vechner.
643 2882 814 2915 Hellenol.
840 2893 864 2915 1.
893 2887 923 2915 8.

1591 380 1676 421 795

979 477 1130 517 collegit.
1158 478 1229 510 Vor.

1023 528 1124 567 Caput
1140 527 1290 568 AEgypti]
1310 528 1366 560 Sic
1383 537 1433 560 XI.
1455 532 1506 561 14.
1533 533 1583 562 10.
1602 531 1674 564 Liv.

980 587 1067 610 xmr.
1083 582 1136 610 47.
1166 583 1217 610 11.
1240 581 1249 597 ‘
1266 581 1377 621 Caput
1402 582 1584 614 Thessaliae
1612 585 1676 615 La·

979 629 1084 661 rissa.’
1106 630 1201 661 Curt.
1219 639 1252 661 v.
1270 633 1301 661 8.
1327 634 1357 662 1.
1391 631 1400 649 ‘
1419 631 1594 664 Ecbatana
1620 644 1675 665 ca-

979 683 1043 719 put
1058 679 1209 710 Mediae.'
1232 680 1331 711 Bern.

1023 728 1112 760 CAP.
1136 738 1203 760 ΧΠ.
1249 731 1266 769 ξ
1290 732 1306 759 l
1341 729 1545 770 Babyloniam
1567 732 1675 771 profu-

977 780 1090 820 gisset]
1104 781 1188 811 Mss.
1204 780 1327 811 habent
1341 781 1465 821 persug.
1478 782 1567 822 quod
1583 783 1675 814 vide-

981 835 1036 861 tur
1067 832 1207 870 rectius,
1236 831 1391 871 quoniam
1427 833 1436 848 ‘
1467 830 1673 872 profugere'

979 880 1085 920 magis
1103 880 1243 921 respicit
1259 880 1367 911 locum
1387 890 1428 911 ex
1455 891 1533 922 quo,
1556 886 1676 914 contra

980 933 988 946 ‘
1005 929 1206 970 perfugere’
1230 930 1340 961 locum
1356 931 1397 961 ad
1413 941 1524 972 quem.
1546 932 1652 970 Schef.

1023 981 1039 1021 ᾗ
1077 983 1097 1011 2
1135 981 1175 1011 In
1205 979 1354 1020 pretium]
1391 981 1458 1012 Ms.
1494 982 1675 1021 Bongarsii

979 1041 1085 1072 praep.
1100 1032 1246 1072 ignorat,
1263 1041 1361 1073 quam
1377 1036 1412 1063 et
1424 1032 1541 1064 melius
1557 1033 1674 1065 abesse

979 1081 1104 1121 opinor.
1131 1081 1230 1112 Gron.

990 1149 994 1153 ·
1021 1133 1038 1172 ξ
1062 1134 1082 1162 4
1106 1131 1171 1162 Sua
1192 1132 1252 1163 sibi
1266 1131 1351 1172 dori]
1373 1132 1460 1163 Xen.
1478 1142 1513 1163 v.
1530 1132 1572 1163 de
1588 1133 1675 1166 Inst.

979 1181 1059 1220 Cyr.
1081 1181 1091 1198 ‘
1107 1182 1177 1212 Lex
1201 1186 1256 1213 est
1279 1182 1484 1222 sempiterna
1506 1182 1595 1214 inter
1616 1183 1674 1215 ho—

978 1230 1095 1270 mines,
1109 1235 1212 1271 capta
1225 1231 1371 1262 hostium
1383 1232 1478 1270 urbe,
1491 1233 1674 1264 eorundem

980 1288 1035 1309 res
1061 1284 1163 1320 atque
1190 1281 1349 1320 pecunias
1377 1280 1499 1312 victori
1527 1281 1675 1313 cedere!

979 1328 1124 1361 Aristot.
1149 1329 1254 1360 Polit.
1280 1339 1304 1361 1.
1328 1331 1359 1361 4.
1383 1339 1434 1370 pr.
1458 1331 1467 1347 ‘
1485 1331 1557 1361 Lex
1580 1332 1675 1362 velut

978 1383 1115 1419 pactum
1132 1379 1298 1420 quoddam
1326 1389 1502 1410 commune
1529 1384 1593 1417 est,
1608 1391 1674 1422 quo

980 1427 1072 1459 bello
1088 1433 1190 1468 capta
1203 1429 1408 1468 capientium
1424 1427 1530 1459 fiunt.’
1552 1429 1652 1461 Bern.

1022 1479 1039 1518 ξ
1062 1482 1079 1508 5
1107 1479 1185 1508 Cum
1200 1479 1409 1518 qnadraginta
1432 1478 1566 1509 millibus
1586 1480 1673 1519 pedi-

980 1530 1057 1567 tum,
1073 1531 1102 1559 et
1118 1532 1239 1559 centum
1262 1529 1394 1559 millibus
1416 1529 1565 1569 equitnm]
1590 1531 1674 1563 Quis

978 1579 1095 1609 credat
1110 1579 1260 1619 equitum
1284 1588 1456 1610 numerum
1477 1580 1675 1621 sesquialte-

979 1637 1050 1659 rum
1078 1628 1183 1659 fuisse
1217 1629 1259 1659 ad
1290 1629 1442 1669 peditum
1475 1632 1674 1661 numerum?

978 1679 1052 1718 Ego
1081 1688 1144 1719 pro
1170 1687 1228 1710 XL.
1256 1679 1363 1718 legam
1387 1687 1484 1710 cccc.
1505 1679 1592 1719 quod
1620 1685 1674 1711 est

976 1727 1076 1768 longe
1092 1728 1324 1759 verisimilius:
1345 1738 1421 1759 cum
1437 1729 1598 1760 Arrianus
1613 1740 1672 1770 pe-

977 1777 1083 1808 ditum
1107 1788 1281 1809 numerum
1298 1777 1401 1810 faciat
1420 1779 1531 1810 decies
1557 1785 1672 1812 cente-

975 1837 1054 1859 num
1068 1829 1222 1869 millium,
1236 1828 1348 1868 πεζοὺς
1362 1828 1393 1859 δὲ
1406 1829 1436 1860 ἐς
1451 1830 1559 1860 ἑκατὸν
1571 1830 1673 1871 μυριά-

976 1879 1040 1909 δας.
1085 1879 1219 1910 Curtius
1236 1884 1348 1910 autem
1367 1879 1505 1920 duplum
1522 1881 1564 1911 ad
1585 1891 1674 1922 eum,

976 1931 1032 1972 qui
1048 1929 1114 1961 fuit
1128 1931 1169 1961 ad
1186 1930 1306 1962 Issum.
1333 1931 1422 1962 Glar.

1020 1980 1267 2019 Quadringentis
1301 1979 1449 2020 millibus]
1483 1981 1539 2012 Ita
1574 1983 1671 2014 Vett.

975 2039 1116 2062 omnes:
1160 2036 1262 2062 antea
1295 2031 1458 2062 mendose
1495 2032 1672 2072 legebatur

974 2079 1179 2120 quadraginta
1193 2091 1233 2111 m.
1270 2081 1315 2112 Et
1327 2081 1360 2111 iu
1373 2081 1437 2111 hoc
1452 2091 1589 2113 numero
1606 2082 1673 2113 dis-

974 2130 1126 2161 sentiunt
1151 2131 1348 2171 scriptores.
1392 2131 1568 2163 Videndus
1590 2133 1672 2164 Cur-

975 2180 1052 2212 tius,
1088 2181 1243 2220 Bongurs.
1288 2181 1376 2212 Nam
1404 2181 1611 2214 Plutarchus
1637 2184 1672 2214 in

976 2229 1182 2271 Alexandro,
1208 2235 1260 2264 54.
1290 2242 1334 2264 m.
1365 2233 1374 2250 ‘
1403 2234 1540 2265 millena
1570 2235 1673 2266 millia

975 2280 1140 2311 militum'
1176 2281 1297 2313 habet:
1333 2282 1536 2322 probabilius
1570 2294 1671 2325 quam

974 2331 1114 2362 Noster.
1160 2332 1249 2362 Nam
1277 2336 1312 2363 et
1339 2333 1473 2364 Curtius
1502 2344 1548 2365 1v.
1579 2338 1610 2367 9.
1638 2340 1671 2367 5.

974 2380 1114 2412 dimidio
1138 2380 1246 2413 ferme
1267 2383 1429 2423 majorem
1450 2383 1542 2414 Darii
1567 2384 1670 2416 fuisse

975 2430 1023 2461 ait
1035 2432 1233 2470 exercitum,
1247 2442 1346 2473 qnam
1360 2434 1392 2463 in
1405 2433 1528 2465 Cilicia
1540 2433 1670 2467 fuerat:

976 2481 1033 2520 (de
1049 2491 1114 2522 quo
1130 2491 1203 2522 sup.
1220 2491 1272 2513 xx.
1298 2486 1330 2513 9.
1347 2482 1394 2524 l.)
1410 2487 1445 2514 et
1466 2493 1545 2515 vero
1562 2485 1670 2516 credi-

972 2530 1040 2561 bile
1055 2541 1120 2562 non
1137 2536 1201 2569 est,
1223 2532 1404 2563 minoribus
1422 2534 1526 2573 copiis
1542 2534 1669 2566 instau-

972 2585 1122 2612 raturum
1147 2581 1250 2612 fuisse
1277 2592 1435 2623 pugnam,
1452 2584 1510 2624 qui
1535 2585 1670 2625 majori-

972 2633 1035 2664 bus
1051 2633 1160 2664 victus
1176 2637 1261 2664 erat.
1285 2634 1384 2665 Bern.

1016 2684 1033 2723 ξ
1067 2685 1087 2713 6
1126 2683 1262 2722 Ejusque
1290 2685 1418 2713 mortem
1443 2683 1670 2724 illacrymatum

973 2731 1201 2771 Alexandrum]
1237 2732 1338 2761 Morti
1366 2730 1391 2763 f.
1421 2733 1558 2764 rectius.
1613 2733 1670 2765 Ita

971 2781 1065 2813 Suet.
1083 2781 1223 2821 Vespas.
1248 2784 1299 2812 15.
1320 2785 1351 2813 4.
1374 2781 1383 2798 ⁶
1400 2782 1582 2822 Suppliciis
1598 2783 1670 2814 illa-

975 2831 1141 2871 crymavit
1164 2835 1200 2862 et
1223 2831 1408 2871 ingemuit‚'
1432 2837 1467 2863 et
1495 2833 1589 2865 Curt.
1611 2843 1668 2865 111.

977 2883 1028 2912 12.
1047 2883 1078 2912 8.
1101 2881 1110 2897 ‘
1127 2880 1256 2912 Pietati
1282 2890 1393 2912 earum
1421 2881 1670 2923 illacrymasse?
