<?xml version="1.0" encoding="UTF-8"?>
<!DOCTYPE html PUBLIC "-//W3C//DTD XHTML 1.0 Transitional//EN"
    "http://www.w3.org/TR/xhtml1/DTD/xhtml1-transitional.dtd">
<html xmlns="http://www.w3.org/1999/xhtml" xml:lang="en" lang="en">
 <head>
  <title>
</title>
<meta http-equiv="Content-Type" content="text/html;charset=utf-8" />
  <meta name='ocr-system' content='tesseract 3.04.00' />
  <meta name='ocr-capabilities' content='ocr_page ocr_carea ocr_par ocr_line ocrx_word'/>
</head>
<body>
  <div class='ocr_page' id='page_1' title='image "./historiaephilipp02just/historiaephilipp02just_0386.png"; bbox 0 0 2101 3419; ppageno 0'>
   <div class='ocr_carea' id='block_1_1' title="bbox 368 374 453 417">
    <p class='ocr_par' dir='ltr' id='par_1_1' title="bbox 368 374 453 417">
     <span class='ocr_line' id='line_1_1' title="bbox 368 374 453 417; baseline -0.012 0"><span class='ocrx_word' id='word_1_1' title='bbox 368 374 453 417; x_wconf 74' lang='lat'>988</span> 
     </span>
    </p>
   </div>
   <div class='ocr_carea' id='block_1_2' title="bbox 368 476 1082 1784">
    <p class='ocr_par' dir='ltr' id='par_1_2' title="bbox 368 476 1072 720">
     <span class='ocr_line' id='line_1_2' title="bbox 368 476 1068 520; baseline 0 -11"><span class='ocrx_word' id='word_1_2' title='bbox 368 477 511 520; x_wconf 89' lang='lat' dir='ltr'>aliisque</span> <span class='ocrx_word' id='word_1_3' title='bbox 535 476 769 510; x_wconf 77' lang='lat' dir='ltr'>&#39;monumentis</span> <span class='ocrx_word' id='word_1_4' title='bbox 796 481 939 510; x_wconf 85' lang='lat' dir='ltr'>vocatur</span> <span class='ocrx_word' id='word_1_5' title='bbox 981 478 1068 510; x_wconf 87' lang='lat' dir='ltr'>Per-</span> 
     </span>
     <span class='ocr_line' id='line_1_3' title="bbox 369 528 1067 570; baseline 0.001 -10"><span class='ocrx_word' id='word_1_6' title='bbox 369 539 498 570; x_wconf 87' lang='lat' dir='ltr'><strong>perna:</strong></span> <span class='ocrx_word' id='word_1_7' title='bbox 523 529 641 570; x_wconf 86' lang='lat' dir='ltr'>itaque</span> <span class='ocrx_word' id='word_1_8' title='bbox 657 533 693 560; x_wconf 90' lang='lat' dir='ltr'>et</span> <span class='ocrx_word' id='word_1_9' title='bbox 709 528 744 559; x_wconf 88' lang='lat' dir='ltr'>in</span> <span class='ocrx_word' id='word_1_10' title='bbox 765 529 842 560; x_wconf 82' lang='lat' dir='ltr'>Val.</span> <span class='ocrx_word' id='word_1_11' title='bbox 857 530 906 560; x_wconf 91' lang='grc' dir='ltr'>Μ.</span> <span class='ocrx_word' id='word_1_12' title='bbox 919 538 978 561; x_wconf 88' lang='lat'>111.</span> <span class='ocrx_word' id='word_1_13' title='bbox 991 532 1023 561; x_wconf 90' lang='grc'>4.</span> <span class='ocrx_word' id='word_1_14' title='bbox 1035 532 1067 560; x_wconf 90' lang='grc'>5.</span> 
     </span>
     <span class='ocr_line' id='line_1_4' title="bbox 369 580 1071 621; baseline -0.001 -9"><span class='ocrx_word' id='word_1_15' title='bbox 369 581 548 612; x_wconf 86' lang='lat' dir='ltr'>edidimus.</span> <span class='ocrx_word' id='word_1_16' title='bbox 580 580 683 612; x_wconf 82' lang='lat' dir='ltr'>Vorst.</span> <span class='ocrx_word' id='word_1_17' title='bbox 740 580 882 612; x_wconf 83' lang='lat' dir='ltr'>Rectius</span> <span class='ocrx_word' id='word_1_18' title='bbox 910 581 1071 621; x_wconf 82' lang='lat' dir='ltr'><em>Perperna</em></span> 
     </span>
     <span class='ocr_line' id='line_1_5' title="bbox 369 630 1072 673; baseline -0.001 -10"><span class='ocrx_word' id='word_1_19' title='bbox 369 632 496 673; x_wconf 78' lang='lat' dir='ltr'>legitur</span> <span class='ocrx_word' id='word_1_20' title='bbox 529 641 572 662; x_wconf 88' lang='lat' dir='ltr'>ex</span> <span class='ocrx_word' id='word_1_21' title='bbox 600 630 816 672; x_wconf 82' lang='lat' dir='ltr'>Capitolinis,</span> <span class='ocrx_word' id='word_1_22' title='bbox 845 634 884 662; x_wconf 91' lang='lat' dir='ltr'>ut</span> <span class='ocrx_word' id='word_1_23' title='bbox 911 630 1072 662; x_wconf 87' lang='lat' dir='ltr'>observat</span> 
     </span>
     <span class='ocr_line' id='line_1_6' title="bbox 370 680 617 720; baseline -0.008 -7"><span class='ocrx_word' id='word_1_24' title='bbox 370 683 486 714; x_wconf 86' lang='lat' dir='ltr'>Vorst.</span> <span class='ocrx_word' id='word_1_25' title='bbox 511 680 617 720; x_wconf 83' lang='lat' dir='ltr'>Schef.</span> 
     </span>
    </p>

    <p class='ocr_par' dir='ltr' id='par_1_3' title="bbox 370 731 1079 1432">
     <span class='ocr_line' id='line_1_7' title="bbox 414 731 1074 775; baseline -0.003 -10"><span class='ocrx_word' id='word_1_26' title='bbox 414 735 489 775; x_wconf 66' lang='lat'>§10</span> <span class='ocrx_word' id='word_1_27' title='bbox 513 733 563 765; x_wconf 88' lang='lat' dir='ltr'>M.</span> <span class='ocrx_word' id='word_1_28' title='bbox 575 732 734 773; x_wconf 77' lang='lat' dir='ltr'>Aquilius]</span> <span class='ocrx_word' id='word_1_29' title='bbox 758 731 1074 772; x_wconf 80' lang='lat' dir='ltr'>RescripsiMunz&#39;us</span> 
     </span>
     <span class='ocr_line' id='line_1_8' title="bbox 370 784 1074 827; baseline -0.006 -9"><span class='ocrx_word' id='word_1_30' title='bbox 370 786 434 827; x_wconf 84' lang='lat' dir='ltr'>Aq.</span> <span class='ocrx_word' id='word_1_31' title='bbox 456 796 497 817; x_wconf 87' lang='lat' dir='ltr'>ex</span> <span class='ocrx_word' id='word_1_32' title='bbox 515 785 625 817; x_wconf 86' lang='lat' dir='ltr'>Fastis</span> <span class='ocrx_word' id='word_1_33' title='bbox 639 784 821 825; x_wconf 89' lang='lat' dir='ltr'>Capitolin.</span> <span class='ocrx_word' id='word_1_34' title='bbox 847 785 956 816; x_wconf 82' lang='lat' dir='ltr'>Groev.</span> <span class='ocrx_word' id='word_1_35' title='bbox 1002 784 1074 814; x_wconf 88' lang='grc' dir='ltr'>Μα-</span> 
     </span>
     <span class='ocr_line' id='line_1_9' title="bbox 371 833 1074 876; baseline -0.003 -9"><span class='ocrx_word' id='word_1_36' title='bbox 371 837 442 867; x_wconf 77' lang='lat' dir='ltr'>nius</span> <span class='ocrx_word' id='word_1_37' title='bbox 464 835 610 876; x_wconf 77' lang='lat' dir='ltr'>Aquilius</span> <span class='ocrx_word' id='word_1_38' title='bbox 633 838 685 866; x_wconf 90' lang='lat' dir='ltr'>est</span> <span class='ocrx_word' id='word_1_39' title='bbox 710 834 744 865; x_wconf 89' lang='lat' dir='ltr'>in</span> <span class='ocrx_word' id='word_1_40' title='bbox 770 834 860 865; x_wconf 91' lang='lat' dir='ltr'>notis</span> <span class='ocrx_word' id='word_1_41' title='bbox 887 833 1074 865; x_wconf 86' lang='lat' dir='ltr'>doctissimi</span> 
     </span>
     <span class='ocr_line' id='line_1_10' title="bbox 373 884 1074 919; baseline -0.004 -1"><span class='ocrx_word' id='word_1_42' title='bbox 373 886 517 919; x_wconf 65' lang='lat' dir='ltr'>Graevii.</span> <span class='ocrx_word' id='word_1_43' title='bbox 561 887 608 917; x_wconf 87' lang='lat' dir='ltr'>Et</span> <span class='ocrx_word' id='word_1_44' title='bbox 636 890 730 917; x_wconf 84' lang='lat' dir='ltr'>recte</span> <span class='ocrx_word' id='word_1_45' title='bbox 761 895 857 916; x_wconf 88' lang='lat' dir='ltr'>sane.</span> <span class='ocrx_word' id='word_1_46' title='bbox 902 885 958 916; x_wconf 88' lang='lat' dir='ltr'>Sic</span> <span class='ocrx_word' id='word_1_47' title='bbox 984 884 1074 916; x_wconf 86' lang='lat' dir='ltr'>enim</span> 
     </span>
     <span class='ocr_line' id='line_1_11' title="bbox 372 935 1075 969; baseline -0.006 0"><span class='ocrx_word' id='word_1_48' title='bbox 372 938 499 969; x_wconf 87' lang='lat' dir='ltr'>dicitur</span> <span class='ocrx_word' id='word_1_49' title='bbox 524 937 565 969; x_wconf 88' lang='lat' dir='ltr'>ab</span> <span class='ocrx_word' id='word_1_50' title='bbox 595 936 748 967; x_wconf 83' lang='lat' dir='ltr'>omnibus</span> <span class='ocrx_word' id='word_1_51' title='bbox 778 935 919 967; x_wconf 90' lang='lat' dir='ltr'>Latinis.</span> <span class='ocrx_word' id='word_1_52' title='bbox 969 935 1075 966; x_wconf 88' lang='lat' dir='ltr'>Error</span> 
     </span>
     <span class='ocr_line' id='line_1_12' title="bbox 373 985 1074 1027; baseline -0.007 -7"><span class='ocrx_word' id='word_1_53' title='bbox 373 994 472 1020; x_wconf 86' lang='lat' dir='ltr'>natus</span> <span class='ocrx_word' id='word_1_54' title='bbox 503 992 557 1019; x_wconf 89' lang='lat' dir='ltr'>est</span> <span class='ocrx_word' id='word_1_55' title='bbox 588 997 631 1018; x_wconf 89' lang='lat' dir='ltr'>ex</span> <span class='ocrx_word' id='word_1_56' title='bbox 655 985 856 1027; x_wconf 89' lang='lat' dir='ltr'>compendio</span> <span class='ocrx_word' id='word_1_57' title='bbox 881 985 1074 1025; x_wconf 80' lang='lat' dir='ltr'>scripturae.</span> 
     </span>
     <span class='ocr_line' id='line_1_13' title="bbox 373 1036 1076 1076; baseline -0.009 -4"><span class='ocrx_word' id='word_1_58' title='bbox 373 1040 459 1072; x_wconf 89' lang='lat' dir='ltr'>Cum</span> <span class='ocrx_word' id='word_1_59' title='bbox 477 1039 567 1071; x_wconf 91' lang='lat' dir='ltr'>enim</span> <span class='ocrx_word' id='word_1_60' title='bbox 579 1038 734 1069; x_wconf 88' lang='lat' dir='ltr'>Manium</span> <span class='ocrx_word' id='word_1_61' title='bbox 744 1037 903 1068; x_wconf 91' lang='lat' dir='ltr'>volebant</span> <span class='ocrx_word' id='word_1_62' title='bbox 916 1036 1076 1076; x_wconf 87' lang='lat' dir='ltr'>scribere,</span> 
     </span>
     <span class='ocr_line' id='line_1_14' title="bbox 372 1087 1077 1127; baseline -0.009 -5"><span class='ocrx_word' id='word_1_63' title='bbox 372 1091 421 1122; x_wconf 82' lang='lat' dir='ltr'>sic</span> <span class='ocrx_word' id='word_1_64' title='bbox 436 1089 644 1127; x_wconf 80' lang='lat' dir='ltr'>scribebant,</span> <span class='ocrx_word' id='word_1_65' title='bbox 660 1087 723 1119; x_wconf 85' lang='grc' dir='ltr'><strong>Μ’.</strong></span> <span class='ocrx_word' id='word_1_66' title='bbox 741 1097 818 1119; x_wconf 87' lang='lat' dir='ltr'>cum</span> <span class='ocrx_word' id='word_1_67' title='bbox 834 1087 1005 1126; x_wconf 84' lang='lat' dir='ltr'>Marcum,</span> <span class='ocrx_word' id='word_1_68' title='bbox 1016 1095 1077 1126; x_wconf 87' lang='lat' dir='ltr'>per</span> 
     </span>
     <span class='ocr_line' id='line_1_15' title="bbox 376 1137 1078 1181; baseline -0.009 -9"><span class='ocrx_word' id='word_1_69' title='bbox 376 1139 653 1181; x_wconf 82' lang='lat' dir='ltr'>M.simp1iciter.</span> <span class='ocrx_word' id='word_1_70' title='bbox 677 1137 790 1169; x_wconf 82' lang='lat' dir='ltr'><strong><em>Faber.</em></strong></span> <span class='ocrx_word' id='word_1_71' title='bbox 835 1137 948 1177; x_wconf 83' lang='lat' dir='ltr'><strong>Vulgo</strong></span> <span class='ocrx_word' id='word_1_72' title='bbox 975 1137 1078 1176; x_wconf 91' lang='lat' dir='ltr'>plena</span> 
     </span>
     <span class='ocr_line' id='line_1_16' title="bbox 375 1187 1078 1227; baseline -0.01 -4"><span class='ocrx_word' id='word_1_73' title='bbox 375 1201 460 1223; x_wconf 88' lang='lat' dir='ltr'>voce</span> <span class='ocrx_word' id='word_1_74' title='bbox 476 1191 606 1222; x_wconf 83' lang='lat' dir='ltr'>Marcus</span> <span class='ocrx_word' id='word_1_75' title='bbox 626 1188 752 1220; x_wconf 79' lang='lat' dir='ltr'>editur.</span> <span class='ocrx_word' id='word_1_76' title='bbox 799 1187 864 1218; x_wconf 85' lang='lat' dir='ltr'>Sed</span> <span class='ocrx_word' id='word_1_77' title='bbox 883 1196 1078 1227; x_wconf 80' lang='lat' dir='ltr'>praenomen</span> 
     </span>
     <span class='ocr_line' id='line_1_17' title="bbox 375 1238 1078 1278; baseline -0.009 -6"><span class='ocrx_word' id='word_1_78' title='bbox 375 1240 481 1272; x_wconf 81' lang='lat' dir='ltr'>fuisse</span> <span class='ocrx_word' id='word_1_79' title='bbox 507 1240 651 1278; x_wconf 80' lang='lat' dir='ltr'>Manius,</span> <span class='ocrx_word' id='word_1_80' title='bbox 675 1248 693 1269; x_wconf 92' lang='lat' dir='ltr'>e</span> <span class='ocrx_word' id='word_1_81' title='bbox 716 1238 944 1269; x_wconf 83' lang='lat' dir='ltr'>monumentis</span> <span class='ocrx_word' id='word_1_82' title='bbox 964 1246 1078 1267; x_wconf 86' lang='lat' dir='ltr'>rursus</span> 
     </span>
     <span class='ocr_line' id='line_1_18' title="bbox 377 1287 1078 1332; baseline -0.01 -9"><span class='ocrx_word' id='word_1_83' title='bbox 377 1290 583 1332; x_wconf 81' lang='lat' dir='ltr'>Capitolinis</span> <span class='ocrx_word' id='word_1_84' title='bbox 598 1288 678 1320; x_wconf 87' lang='lat' dir='ltr'>sciri</span> <span class='ocrx_word' id='word_1_85' title='bbox 696 1292 825 1329; x_wconf 86' lang='lat' dir='ltr'>potest.</span> <span class='ocrx_word' id='word_1_86' title='bbox 859 1287 964 1319; x_wconf 83' lang='lat' dir='ltr'>Vorst.</span> <span class='ocrx_word' id='word_1_87' title='bbox 1021 1287 1078 1317; x_wconf 92' lang='lat' dir='ltr'>In-</span> 
     </span>
     <span class='ocr_line' id='line_1_19' title="bbox 376 1337 1079 1382; baseline -0.007 -9"><span class='ocrx_word' id='word_1_88' title='bbox 376 1347 476 1382; x_wconf 84' lang='lat' dir='ltr'>tegre</span> <span class='ocrx_word' id='word_1_89' title='bbox 503 1339 632 1371; x_wconf 82' lang='lat' dir='ltr'>Mum&#39;us</span> <span class='ocrx_word' id='word_1_90' title='bbox 655 1338 815 1378; x_wconf 81' lang='lat' dir='ltr'>Aquilius,</span> <span class='ocrx_word' id='word_1_91' title='bbox 841 1341 879 1368; x_wconf 89' lang='lat' dir='ltr'>ut</span> <span class='ocrx_word' id='word_1_92' title='bbox 902 1347 946 1368; x_wconf 85' lang='lat' dir='ltr'>ex</span> <span class='ocrx_word' id='word_1_93' title='bbox 968 1337 1079 1369; x_wconf 87' lang='lat' dir='ltr'>Fastis</span> 
     </span>
     <span class='ocr_line' id='line_1_20' title="bbox 377 1386 865 1432; baseline -0.008 -9"><span class='ocrx_word' id='word_1_94' title='bbox 377 1393 460 1432; x_wconf 93' lang='lat' dir='ltr'>Cap.</span> <span class='ocrx_word' id='word_1_95' title='bbox 478 1390 582 1421; x_wconf 90' lang='lat' dir='ltr'>docet</span> <span class='ocrx_word' id='word_1_96' title='bbox 598 1389 712 1420; x_wconf 84' lang='lat' dir='ltr'>Graev.</span> <span class='ocrx_word' id='word_1_97' title='bbox 758 1386 865 1425; x_wconf 81' lang='lat' dir='ltr'>Schef.</span> 
     </span>
    </p>

    <p class='ocr_par' dir='ltr' id='par_1_4' title="bbox 376 1438 1080 1573">
     <span class='ocr_line' id='line_1_21' title="bbox 420 1438 1078 1483; baseline -0.003 -11"><span class='ocrx_word' id='word_1_98' title='bbox 420 1444 437 1483; x_wconf 70' lang='grc' dir='ltr'>ξ)</span> <span class='ocrx_word' id='word_1_99' title='bbox 456 1444 493 1472; x_wconf 92' lang='grc'>11</span> <span class='ocrx_word' id='word_1_100' title='bbox 522 1441 770 1479; x_wconf 78' lang='lat' dir='ltr'>Contentionem,</span> <span class='ocrx_word' id='word_1_101' title='bbox 785 1438 853 1479; x_wconf 51' lang='grc' dir='ltr'>ἔγω]</span> <span class='ocrx_word' id='word_1_102' title='bbox 877 1438 968 1469; x_wconf 84' lang='lat' dir='ltr'>Saxo</span> <span class='ocrx_word' id='word_1_103' title='bbox 987 1447 1028 1470; x_wconf 86' lang='lat'>11.</span> <span class='ocrx_word' id='word_1_104' title='bbox 1043 1448 1078 1479; x_wconf 87' lang='lat' dir='ltr'>p.</span> 
     </span>
     <span class='ocr_line' id='line_1_22' title="bbox 376 1489 1080 1529; baseline -0.003 -7"><span class='ocrx_word' id='word_1_105' title='bbox 376 1494 430 1523; x_wconf 86' lang='lat'>21.</span> <span class='ocrx_word' id='word_1_106' title='bbox 454 1493 507 1522; x_wconf 84' lang='grc'><strong>36.</strong></span> <span class='ocrx_word' id='word_1_107' title='bbox 538 1491 548 1508; x_wconf 89' lang='lat'>‘</span> <span class='ocrx_word' id='word_1_108' title='bbox 567 1489 720 1521; x_wconf 88' lang='lat' dir='ltr'>Medium</span> <span class='ocrx_word' id='word_1_109' title='bbox 752 1498 874 1529; x_wconf 85' lang='lat' dir='ltr'>pugnae</span> <span class='ocrx_word' id='word_1_110' title='bbox 905 1493 1080 1520; x_wconf 88' lang='lat' dir='ltr'>certamen</span> 
     </span>
     <span class='ocr_line' id='line_1_23' title="bbox 376 1538 890 1573; baseline -0.006 -1"><span class='ocrx_word' id='word_1_111' title='bbox 376 1551 465 1573; x_wconf 84' lang='lat' dir='ltr'>nova</span> <span class='ocrx_word' id='word_1_112' title='bbox 482 1540 565 1571; x_wconf 85' lang='lat' dir='ltr'>facti</span> <span class='ocrx_word' id='word_1_113' title='bbox 582 1539 719 1570; x_wconf 85' lang='lat' dir='ltr'>diremit</span> <span class='ocrx_word' id='word_1_114' title='bbox 731 1538 890 1570; x_wconf 64' lang='lat' dir='ltr'>occasio?</span> 
     </span>
    </p>

    <p class='ocr_par' dir='ltr' id='par_1_5' title="bbox 379 1589 1082 1784">
     <span class='ocr_line' id='line_1_24' title="bbox 422 1589 1081 1632; baseline -0.003 -10"><span class='ocrx_word' id='word_1_115' title='bbox 422 1593 496 1632; x_wconf 80' lang='lat'>§12</span> <span class='ocrx_word' id='word_1_116' title='bbox 518 1590 612 1629; x_wconf 82' lang='lat' dir='ltr'>Asia,</span> <span class='ocrx_word' id='word_1_117' title='bbox 641 1589 710 1630; x_wconf 62' lang='lat' dir='ltr'>Sym]</span> <span class='ocrx_word' id='word_1_118' title='bbox 753 1589 818 1620; x_wconf 90' lang='lat' dir='ltr'>Dio</span> <span class='ocrx_word' id='word_1_119' title='bbox 850 1589 883 1620; x_wconf 92' lang='lat' dir='ltr'>in</span> <span class='ocrx_word' id='word_1_120' title='bbox 915 1590 1081 1630; x_wconf 86' lang='lat' dir='ltr'>Excerpt.</span> 
     </span>
     <span class='ocr_line' id='line_1_25' title="bbox 381 1640 1082 1682; baseline -0.003 -8"><span class='ocrx_word' id='word_1_121' title='bbox 381 1642 601 1675; x_wconf 79' lang='lat' dir='ltr'>Constantini</span> <span class='ocrx_word' id='word_1_122' title='bbox 617 1641 834 1682; x_wconf 83' lang='lat' dir='ltr'>Porphyrog.</span> <span class='ocrx_word' id='word_1_123' title='bbox 858 1651 891 1682; x_wconf 91' lang='lat' dir='ltr'>p.</span> <span class='ocrx_word' id='word_1_124' title='bbox 916 1644 991 1672; x_wconf 84' lang='grc'><strong>609.</strong></span> <span class='ocrx_word' id='word_1_125' title='bbox 1008 1640 1082 1672; x_wconf 87' lang='grc' dir='ltr'>Ὅτι</span> 
     </span>
     <span class='ocr_line' id='line_1_26' title="bbox 379 1691 1080 1732; baseline -0.003 -8"><span class='ocrx_word' id='word_1_126' title='bbox 379 1694 408 1724; x_wconf 77' lang='grc' dir='ltr'>οἱ</span> <span class='ocrx_word' id='word_1_127' title='bbox 419 1694 558 1732; x_wconf 79' lang='grc' dir='ltr'>Ῥωμαῖοι</span> <span class='ocrx_word' id='word_1_128' title='bbox 570 1693 628 1729; x_wconf 80' lang='grc' dir='ltr'>τῆς</span> <span class='ocrx_word' id='word_1_129' title='bbox 638 1693 755 1732; x_wconf 79' lang='grc' dir='ltr'>τρυφῆς</span> <span class='ocrx_word' id='word_1_130' title='bbox 773 1693 831 1729; x_wconf 83' lang='grc' dir='ltr'>τῆς</span> <span class='ocrx_word' id='word_1_131' title='bbox 851 1691 993 1729; x_wconf 83' lang='grc' dir='ltr'>Ἀσιανῆς</span> <span class='ocrx_word' id='word_1_132' title='bbox 1008 1703 1080 1731; x_wconf 71' lang='grc' dir='ltr'>’γευ-</span> 
     </span>
     <span class='ocr_line' id='line_1_27' title="bbox 379 1742 1080 1784; baseline 0 -10"><span class='ocrx_word' id='word_1_133' title='bbox 379 1742 514 1784; x_wconf 80' lang='grc' dir='ltr'>σάμενοι,</span> <span class='ocrx_word' id='word_1_134' title='bbox 531 1742 581 1774; x_wconf 77' lang='grc' dir='ltr'>καὶ</span> <span class='ocrx_word' id='word_1_135' title='bbox 594 1742 672 1782; x_wconf 82' lang='grc' dir='ltr'>μετὰ</span> <span class='ocrx_word' id='word_1_136' title='bbox 684 1744 741 1781; x_wconf 81' lang='grc' dir='ltr'>τῆς</span> <span class='ocrx_word' id='word_1_137' title='bbox 759 1744 822 1774; x_wconf 83' lang='grc' dir='ltr'>τῶν</span> <span class='ocrx_word' id='word_1_138' title='bbox 836 1742 982 1783; x_wconf 82' lang='grc' dir='ltr'>λαφύρων</span> <span class='ocrx_word' id='word_1_139' title='bbox 996 1755 1080 1783; x_wconf 84' lang='grc' dir='ltr'>περι·</span> 
     </span>
    </p>
   </div>
   <div class='ocr_carea' id='block_1_3' title="bbox 838 384 1366 416">
    <p class='ocr_par' dir='ltr' id='par_1_6' title="bbox 838 384 1366 416">
     <span class='ocr_line' id='line_1_28' title="bbox 838 384 1366 416; baseline 0 -1"><span class='ocrx_word' id='word_1_140' title='bbox 838 384 980 415; x_wconf 78' lang='lat' dir='ltr'>NO&#39;rAE</span> <span class='ocrx_word' id='word_1_141' title='bbox 1017 384 1279 415; x_wconf 80' lang='lat' dir='ltr'>VAmoRUM</span> <span class='ocrx_word' id='word_1_142' title='bbox 1314 385 1366 416; x_wconf 87' lang='lat' dir='ltr'>IN</span> 
     </span>
    </p>
   </div>
   <div class='ocr_carea' id='block_1_4' title="bbox 1120 477 1840 1733">
    <p class='ocr_par' dir='ltr' id='par_1_7' title="bbox 1120 477 1830 819">
     <span class='ocr_line' id='line_1_29' title="bbox 1120 477 1827 521; baseline 0.006 -13"><span class='ocrx_word' id='word_1_143' title='bbox 1120 477 1225 509; x_wconf 71' lang='grc' dir='ltr'>θυσίας</span> <span class='ocrx_word' id='word_1_144' title='bbox 1242 479 1300 516; x_wconf 81' lang='grc' dir='ltr'>τῆς</span> <span class='ocrx_word' id='word_1_145' title='bbox 1317 490 1353 510; x_wconf 87' lang='grc' dir='ltr'>τε</span> <span class='ocrx_word' id='word_1_146' title='bbox 1373 477 1457 520; x_wconf 79' lang='grc' dir='ltr'>παρὰ</span> <span class='ocrx_word' id='word_1_147' title='bbox 1476 480 1538 510; x_wconf 76' lang='grc' dir='ltr'>τῶν</span> <span class='ocrx_word' id='word_1_148' title='bbox 1551 478 1656 511; x_wconf 81' lang='grc' dir='ltr'>ὅπλων</span> <span class='ocrx_word' id='word_1_149' title='bbox 1678 479 1827 521; x_wconf 74' lang='grc' dir='ltr'>ἐξουσίας,</span> 
     </span>
     <span class='ocr_line' id='line_1_30' title="bbox 1123 529 1830 573; baseline 0.004 -14"><span class='ocrx_word' id='word_1_150' title='bbox 1123 529 1156 560; x_wconf 84' lang='grc' dir='ltr'>ἐν</span> <span class='ocrx_word' id='word_1_151' title='bbox 1172 531 1237 561; x_wconf 83' lang='grc' dir='ltr'>τοῖς</span> <span class='ocrx_word' id='word_1_152' title='bbox 1251 532 1313 562; x_wconf 84' lang='grc' dir='ltr'>τῶν</span> <span class='ocrx_word' id='word_1_153' title='bbox 1331 529 1524 568; x_wconf 77' lang='grc' dir='ltr'>ἡττηθέντων</span> <span class='ocrx_word' id='word_1_154' title='bbox 1539 530 1692 570; x_wconf 75' lang='grc' dir='ltr'>κτήμασιν</span> <span class='ocrx_word' id='word_1_155' title='bbox 1715 531 1830 573; x_wconf 76' lang='grc' dir='ltr'>ἐγχρο·</span> 
     </span>
     <span class='ocr_line' id='line_1_31' title="bbox 1123 580 1829 624; baseline 0.001 -12"><span class='ocrx_word' id='word_1_156' title='bbox 1123 580 1275 621; x_wconf 82' lang='grc' dir='ltr'>νίσαντες,</span> <span class='ocrx_word' id='word_1_157' title='bbox 1299 581 1349 613; x_wconf 82' lang='grc' dir='ltr'>καὶ</span> <span class='ocrx_word' id='word_1_158' title='bbox 1363 581 1421 620; x_wconf 83' lang='grc' dir='ltr'>τήν</span> <span class='ocrx_word' id='word_1_159' title='bbox 1444 595 1480 613; x_wconf 89' lang='grc' dir='ltr'>τε</span> <span class='ocrx_word' id='word_1_160' title='bbox 1504 582 1588 624; x_wconf 85' lang='lat' dir='ltr'>(leg.</span> <span class='ocrx_word' id='word_1_161' title='bbox 1612 581 1669 624; x_wconf 74' lang='grc' dir='ltr'>γε)</span> <span class='ocrx_word' id='word_1_162' title='bbox 1694 582 1829 613; x_wconf 78' lang='grc' dir='ltr'>ἀσωτίαν</span> 
     </span>
     <span class='ocr_line' id='line_1_32' title="bbox 1126 631 1829 673; baseline 0.001 -10"><span class='ocrx_word' id='word_1_163' title='bbox 1126 632 1227 663; x_wconf 79' lang='grc' dir='ltr'>αὐτῶν</span> <span class='ocrx_word' id='word_1_164' title='bbox 1241 632 1288 663; x_wconf 83' lang='grc' dir='ltr'>διὰ</span> <span class='ocrx_word' id='word_1_165' title='bbox 1302 631 1439 673; x_wconf 79' lang='grc' dir='ltr'>βραχέος</span> <span class='ocrx_word' id='word_1_166' title='bbox 1455 632 1630 673; x_wconf 78' lang='grc' dir='ltr'>ἐζήλωσαν,</span> <span class='ocrx_word' id='word_1_167' title='bbox 1650 632 1701 664; x_wconf 80' lang='grc' dir='ltr'>καὶ</span> <span class='ocrx_word' id='word_1_168' title='bbox 1713 633 1754 665; x_wconf 84' lang='grc' dir='ltr'>τὰ</span> <span class='ocrx_word' id='word_1_169' title='bbox 1768 631 1829 664; x_wconf 80' lang='grc' dir='ltr'><strong>ποί-</strong></span> 
     </span>
     <span class='ocr_line' id='line_1_33' title="bbox 1125 682 1830 725; baseline 0.001 -11"><span class='ocrx_word' id='word_1_170' title='bbox 1125 695 1195 724; x_wconf 86' lang='grc' dir='ltr'>τρια</span> <span class='ocrx_word' id='word_1_171' title='bbox 1230 684 1288 721; x_wconf 82' lang='grc' dir='ltr'>ἤθη</span> <span class='ocrx_word' id='word_1_172' title='bbox 1317 684 1352 714; x_wconf 86' lang='grc' dir='ltr'>οὐ</span> <span class='ocrx_word' id='word_1_173' title='bbox 1381 684 1428 715; x_wconf 79' lang='grc' dir='ltr'>διὰ</span> <span class='ocrx_word' id='word_1_174' title='bbox 1457 685 1572 725; x_wconf 81' lang='grc' dir='ltr'>μακροῦ</span> <span class='ocrx_word' id='word_1_175' title='bbox 1596 682 1830 721; x_wconf 79' lang='grc' dir='ltr'>κατεπάτησαν.</span> 
     </span>
     <span class='ocr_line' id='line_1_34' title="bbox 1128 733 1830 776; baseline 0.003 -11"><span class='ocrx_word' id='word_1_176' title='bbox 1128 734 1218 766; x_wconf 75' lang='grc' dir='ltr'>Οὕτω</span> <span class='ocrx_word' id='word_1_177' title='bbox 1241 734 1278 765; x_wconf 78' lang='grc' dir='ltr'>τὸ</span> <span class='ocrx_word' id='word_1_178' title='bbox 1301 734 1397 766; x_wconf 78' lang='grc' dir='ltr'>δεινὸν</span> <span class='ocrx_word' id='word_1_179' title='bbox 1419 736 1506 766; x_wconf 82' lang='grc' dir='ltr'>τοῦτ’</span> <span class='ocrx_word' id='word_1_180' title='bbox 1531 735 1645 767; x_wconf 77' lang='grc' dir='ltr'>ἐκεῖθεν</span> <span class='ocrx_word' id='word_1_181' title='bbox 1665 733 1830 776; x_wconf 78' lang='grc' dir='ltr'>ἀρξάμενον</span> 
     </span>
     <span class='ocr_line' id='line_1_35' title="bbox 1127 785 1486 819; baseline 0.006 -3"><span class='ocrx_word' id='word_1_182' title='bbox 1127 785 1177 817; x_wconf 78' lang='grc' dir='ltr'>καὶ</span> <span class='ocrx_word' id='word_1_183' title='bbox 1190 786 1221 817; x_wconf 83' lang='grc' dir='ltr'>ἐς</span> <span class='ocrx_word' id='word_1_184' title='bbox 1234 785 1271 817; x_wconf 79' lang='grc' dir='ltr'>τὸ</span> <span class='ocrx_word' id='word_1_185' title='bbox 1286 785 1366 817; x_wconf 75' lang='grc' dir='ltr'>ἄστυ</span> <span class='ocrx_word' id='word_1_186' title='bbox 1381 785 1486 819; x_wconf 82' lang='grc' dir='ltr'><strong>ἔπεσε.</strong></span> 
     </span>
    </p>

    <p class='ocr_par' dir='ltr' id='par_1_8' title="bbox 1129 837 1840 1733">
     <span class='ocr_line' id='line_1_36' title="bbox 1173 837 1830 879; baseline 0.002 -10"><span class='ocrx_word' id='word_1_187' title='bbox 1173 839 1251 869; x_wconf 86' lang='lat' dir='ltr'>Cum</span> <span class='ocrx_word' id='word_1_188' title='bbox 1265 838 1372 879; x_wconf 79' lang='lat' dir='ltr'>opibus</span> <span class='ocrx_word' id='word_1_189' title='bbox 1387 838 1477 878; x_wconf 82' lang='lat' dir='ltr'>vitia,</span> <span class='ocrx_word' id='word_1_190' title='bbox 1490 837 1561 879; x_wconf 51' lang='grc' dir='ltr'>ξω]</span> <span class='ocrx_word' id='word_1_191' title='bbox 1593 838 1683 870; x_wconf 86' lang='lat' dir='ltr'>Flor.</span> <span class='ocrx_word' id='word_1_192' title='bbox 1699 846 1758 870; x_wconf 78' lang='lat'>111.</span> <span class='ocrx_word' id='word_1_193' title='bbox 1776 840 1830 870; x_wconf 84' lang='lat'>12.</span> 
     </span>
     <span class='ocr_line' id='line_1_37' title="bbox 1129 888 1831 929; baseline 0.001 -11"><span class='ocrx_word' id='word_1_194' title='bbox 1129 888 1138 905; x_wconf 88' lang='lat'>‘</span> <span class='ocrx_word' id='word_1_195' title='bbox 1150 888 1246 929; x_wconf 89' lang='lat' dir='ltr'>Syria</span> <span class='ocrx_word' id='word_1_196' title='bbox 1260 889 1370 929; x_wconf 88' lang='lat' dir='ltr'>prima</span> <span class='ocrx_word' id='word_1_197' title='bbox 1385 898 1444 919; x_wconf 91' lang='lat' dir='ltr'>nos</span> <span class='ocrx_word' id='word_1_198' title='bbox 1460 889 1550 920; x_wconf 87' lang='lat' dir='ltr'>victa</span> <span class='ocrx_word' id='word_1_199' title='bbox 1564 889 1733 929; x_wconf 89' lang='lat' dir='ltr'>corrupit:</span> <span class='ocrx_word' id='word_1_200' title='bbox 1752 897 1831 919; x_wconf 83' lang='lat' dir='ltr'>mox</span> 
     </span>
     <span class='ocr_line' id='line_1_38' title="bbox 1129 937 1835 979; baseline 0.001 -10"><span class='ocrx_word' id='word_1_201' title='bbox 1129 938 1286 969; x_wconf 85' lang='lat' dir='ltr'>Asiatica</span> <span class='ocrx_word' id='word_1_202' title='bbox 1301 938 1507 979; x_wconf 81' lang='lat' dir='ltr'>Pergameni</span> <span class='ocrx_word' id='word_1_203' title='bbox 1524 939 1613 979; x_wconf 84' lang='lat' dir='ltr'>regis</span> <span class='ocrx_word' id='word_1_204' title='bbox 1639 937 1835 970; x_wconf 58' lang='lat' dir='ltr'>hereditas?</span> 
     </span>
     <span class='ocr_line' id='line_1_39' title="bbox 1130 987 1834 1021; baseline 0.001 -2"><span class='ocrx_word' id='word_1_205' title='bbox 1130 987 1221 1020; x_wconf 90' lang='lat' dir='ltr'>Add.</span> <span class='ocrx_word' id='word_1_206' title='bbox 1245 989 1316 1020; x_wconf 90' lang='lat' dir='ltr'>Liv.</span> <span class='ocrx_word' id='word_1_207' title='bbox 1350 997 1484 1020; x_wconf 71' lang='lat' dir='ltr'>xxmx.</span> <span class='ocrx_word' id='word_1_208' title='bbox 1504 992 1536 1021; x_wconf 89' lang='grc'>6.</span> <span class='ocrx_word' id='word_1_209' title='bbox 1556 988 1613 1021; x_wconf 90' lang='lat' dir='ltr'>fin.</span> <span class='ocrx_word' id='word_1_210' title='bbox 1646 989 1729 1020; x_wconf 84' lang='lat' dir='ltr'>Sall.</span> <span class='ocrx_word' id='word_1_211' title='bbox 1754 989 1834 1020; x_wconf 90' lang='lat' dir='ltr'>Cat.</span> 
     </span>
     <span class='ocr_line' id='line_1_40' title="bbox 1132 1037 1833 1070; baseline 0.003 -3"><span class='ocrx_word' id='word_1_212' title='bbox 1132 1040 1185 1068; x_wconf 93' lang='lat' dir='ltr'>ll.</span> <span class='ocrx_word' id='word_1_213' title='bbox 1209 1037 1301 1069; x_wconf 88' lang='lat' dir='ltr'>Plin.</span> <span class='ocrx_word' id='word_1_214' title='bbox 1328 1046 1468 1069; x_wconf 76' lang='lat' dir='ltr'>xxxin.</span> <span class='ocrx_word' id='word_1_215' title='bbox 1496 1041 1547 1070; x_wconf 92' lang='grc'><strong>11.</strong></span> <span class='ocrx_word' id='word_1_216' title='bbox 1563 1037 1620 1070; x_wconf 89' lang='lat' dir='ltr'>fin.</span> <span class='ocrx_word' id='word_1_217' title='bbox 1652 1039 1771 1070; x_wconf 89' lang='lat' dir='ltr'>Nostr.</span> <span class='ocrx_word' id='word_1_218' title='bbox 1792 1047 1833 1070; x_wconf 91' lang='lat'>11.</span> 
     </span>
     <span class='ocr_line' id='line_1_41' title="bbox 1132 1087 1833 1120; baseline 0.003 -3"><span class='ocrx_word' id='word_1_219' title='bbox 1132 1089 1184 1118; x_wconf 74' lang='lat'>14.</span> <span class='ocrx_word' id='word_1_220' title='bbox 1200 1090 1232 1118; x_wconf 85' lang='lat'>6.</span> <span class='ocrx_word' id='word_1_221' title='bbox 1249 1093 1284 1118; x_wconf 89' lang='lat' dir='ltr'>et</span> <span class='ocrx_word' id='word_1_222' title='bbox 1303 1087 1427 1119; x_wconf 89' lang='lat' dir='ltr'>Notam</span> <span class='ocrx_word' id='word_1_223' title='bbox 1444 1088 1486 1118; x_wconf 90' lang='lat' dir='ltr'>ad</span> <span class='ocrx_word' id='word_1_224' title='bbox 1503 1097 1607 1120; x_wconf 70' lang='lat' dir='ltr'>xxm.</span> <span class='ocrx_word' id='word_1_225' title='bbox 1621 1091 1651 1120; x_wconf 82' lang='lat'>8.</span> <span class='ocrx_word' id='word_1_226' title='bbox 1667 1091 1700 1120; x_wconf 88' lang='grc'>9.</span> <span class='ocrx_word' id='word_1_227' title='bbox 1745 1088 1833 1119; x_wconf 89' lang='lat' dir='ltr'>Pru·</span> 
     </span>
     <span class='ocr_line' id='line_1_42' title="bbox 1132 1136 1835 1178; baseline 0.001 -11"><span class='ocrx_word' id='word_1_228' title='bbox 1132 1136 1255 1168; x_wconf 86' lang='lat' dir='ltr'>denter</span> <span class='ocrx_word' id='word_1_229' title='bbox 1269 1146 1368 1177; x_wconf 86' lang='lat' dir='ltr'>ergo,</span> <span class='ocrx_word' id='word_1_230' title='bbox 1380 1137 1389 1154; x_wconf 87' lang='lat'>‘</span> <span class='ocrx_word' id='word_1_231' title='bbox 1406 1138 1578 1178; x_wconf 85' lang='lat' dir='ltr'>Spartana</span> <span class='ocrx_word' id='word_1_232' title='bbox 1593 1138 1725 1177; x_wconf 89' lang='lat' dir='ltr'>civitas,</span> <span class='ocrx_word' id='word_1_233' title='bbox 1740 1146 1835 1169; x_wconf 86' lang='lat' dir='ltr'>seve-</span> 
     </span>
     <span class='ocr_line' id='line_1_43' title="bbox 1134 1187 1834 1229; baseline 0.003 -11"><span class='ocrx_word' id='word_1_234' title='bbox 1134 1187 1274 1218; x_wconf 87' lang='lat' dir='ltr'>rissimis</span> <span class='ocrx_word' id='word_1_235' title='bbox 1306 1188 1454 1227; x_wconf 86' lang='lat' dir='ltr'>Lycurgi</span> <span class='ocrx_word' id='word_1_236' title='bbox 1487 1188 1619 1228; x_wconf 86' lang='lat' dir='ltr'>legibus</span> <span class='ocrx_word' id='word_1_237' title='bbox 1657 1188 1834 1229; x_wconf 89' lang='lat' dir='ltr'>obtempe-</span> 
     </span>
     <span class='ocr_line' id='line_1_44' title="bbox 1133 1237 1835 1278; baseline 0.003 -11"><span class='ocrx_word' id='word_1_238' title='bbox 1133 1246 1225 1277; x_wconf 83' lang='lat' dir='ltr'>rans,</span> <span class='ocrx_word' id='word_1_239' title='bbox 1240 1237 1448 1278; x_wconf 83' lang='lat' dir='ltr'>aliquamdiu</span> <span class='ocrx_word' id='word_1_240' title='bbox 1460 1238 1584 1269; x_wconf 87' lang='lat' dir='ltr'>civium</span> <span class='ocrx_word' id='word_1_241' title='bbox 1600 1248 1736 1270; x_wconf 86' lang='lat' dir='ltr'>suorum</span> <span class='ocrx_word' id='word_1_242' title='bbox 1755 1248 1835 1270; x_wconf 88' lang='lat' dir='ltr'>ocu-</span> 
     </span>
     <span class='ocr_line' id='line_1_45' title="bbox 1132 1288 1836 1329; baseline 0.001 -11"><span class='ocrx_word' id='word_1_243' title='bbox 1132 1289 1183 1319; x_wconf 86' lang='lat' dir='ltr'>los</span> <span class='ocrx_word' id='word_1_244' title='bbox 1198 1297 1217 1318; x_wconf 88' lang='lat' dir='ltr'>a</span> <span class='ocrx_word' id='word_1_245' title='bbox 1232 1288 1495 1328; x_wconf 86' lang='lat' dir='ltr'>contemplanda</span> <span class='ocrx_word' id='word_1_246' title='bbox 1507 1288 1589 1320; x_wconf 89' lang='lat' dir='ltr'>Asia</span> <span class='ocrx_word' id='word_1_247' title='bbox 1603 1289 1762 1328; x_wconf 82' lang='lat' dir='ltr'>retraxit3</span> <span class='ocrx_word' id='word_1_248' title='bbox 1780 1298 1836 1329; x_wconf 91' lang='lat' dir='ltr'>ne,</span> 
     </span>
     <span class='ocr_line' id='line_1_46' title="bbox 1132 1336 1838 1378; baseline 0.001 -11"><span class='ocrx_word' id='word_1_249' title='bbox 1132 1336 1305 1368; x_wconf 85' lang='lat' dir='ltr'>illecebris</span> <span class='ocrx_word' id='word_1_250' title='bbox 1333 1337 1408 1377; x_wconf 87' lang='lat' dir='ltr'>ejus</span> <span class='ocrx_word' id='word_1_251' title='bbox 1439 1338 1547 1378; x_wconf 90' lang='lat' dir='ltr'>capti,</span> <span class='ocrx_word' id='word_1_252' title='bbox 1585 1338 1627 1369; x_wconf 88' lang='lat' dir='ltr'>ad</span> <span class='ocrx_word' id='word_1_253' title='bbox 1658 1337 1838 1369; x_wconf 84' lang='lat' dir='ltr'>delicatius</span> 
     </span>
     <span class='ocr_line' id='line_1_47' title="bbox 1134 1387 1837 1428; baseline -0.001 -9"><span class='ocrx_word' id='word_1_254' title='bbox 1134 1387 1212 1419; x_wconf 85' lang='lat' dir='ltr'>vitae</span> <span class='ocrx_word' id='word_1_255' title='bbox 1229 1397 1333 1428; x_wconf 87' lang='lat' dir='ltr'>genus</span> <span class='ocrx_word' id='word_1_256' title='bbox 1348 1387 1620 1427; x_wconf 86' lang='lat' dir='ltr'>prolaberentur.</span> <span class='ocrx_word' id='word_1_257' title='bbox 1664 1387 1763 1420; x_wconf 81' lang='lat' dir='ltr'>Quod</span> <span class='ocrx_word' id='word_1_258' title='bbox 1779 1396 1837 1418; x_wconf 87' lang='lat' dir='ltr'>eos</span> 
     </span>
     <span class='ocr_line' id='line_1_48' title="bbox 1134 1437 1838 1479; baseline -0.001 -9"><span class='ocrx_word' id='word_1_259' title='bbox 1134 1449 1200 1470; x_wconf 93' lang='lat' dir='ltr'>non</span> <span class='ocrx_word' id='word_1_260' title='bbox 1231 1437 1359 1470; x_wconf 87' lang='lat' dir='ltr'>frustra</span> <span class='ocrx_word' id='word_1_261' title='bbox 1388 1438 1556 1478; x_wconf 83' lang='lat' dir='ltr'>timuisse,</span> <span class='ocrx_word' id='word_1_262' title='bbox 1592 1438 1661 1469; x_wconf 89' lang='lat' dir='ltr'>dux</span> <span class='ocrx_word' id='word_1_263' title='bbox 1687 1439 1838 1479; x_wconf 84' lang='lat' dir='ltr'>ipsorum</span> 
     </span>
     <span class='ocr_line' id='line_1_49' title="bbox 1135 1488 1839 1530; baseline -0.003 -9"><span class='ocrx_word' id='word_1_264' title='bbox 1135 1490 1319 1521; x_wconf 86' lang='lat' dir='ltr'>Pausanias</span> <span class='ocrx_word' id='word_1_265' title='bbox 1332 1488 1513 1530; x_wconf 82' lang='lat' dir='ltr'>patefecit,</span> <span class='ocrx_word' id='word_1_266' title='bbox 1524 1489 1579 1530; x_wconf 87' lang='lat' dir='ltr'>qni</span> <span class='ocrx_word' id='word_1_267' title='bbox 1591 1488 1744 1520; x_wconf 84' lang='lat' dir='ltr'>maximis</span> <span class='ocrx_word' id='word_1_268' title='bbox 1757 1498 1839 1530; x_wconf 87' lang='lat' dir='ltr'>ope-</span> 
     </span>
     <span class='ocr_line' id='line_1_50' title="bbox 1135 1537 1838 1579; baseline -0.001 -9"><span class='ocrx_word' id='word_1_269' title='bbox 1135 1539 1228 1570; x_wconf 83' lang='lat' dir='ltr'>ribus</span> <span class='ocrx_word' id='word_1_270' title='bbox 1242 1539 1357 1579; x_wconf 86' lang='lat' dir='ltr'>editis,</span> <span class='ocrx_word' id='word_1_271' title='bbox 1372 1543 1409 1570; x_wconf 91' lang='lat' dir='ltr'>ut</span> <span class='ocrx_word' id='word_1_272' title='bbox 1425 1539 1569 1579; x_wconf 88' lang='lat' dir='ltr'>primum</span> <span class='ocrx_word' id='word_1_273' title='bbox 1595 1548 1631 1569; x_wconf 91' lang='lat' dir='ltr'>se</span> <span class='ocrx_word' id='word_1_274' title='bbox 1657 1537 1748 1570; x_wconf 84' lang='lat' dir='ltr'>Asiae</span> <span class='ocrx_word' id='word_1_275' title='bbox 1769 1548 1838 1570; x_wconf 91' lang='lat' dir='ltr'>mo·</span> 
     </span>
     <span class='ocr_line' id='line_1_51' title="bbox 1134 1589 1838 1631; baseline -0.001 -10"><span class='ocrx_word' id='word_1_276' title='bbox 1134 1590 1228 1622; x_wconf 87' lang='lat' dir='ltr'>ribus</span> <span class='ocrx_word' id='word_1_277' title='bbox 1266 1589 1431 1631; x_wconf 83' lang='lat' dir='ltr'>permisit,</span> <span class='ocrx_word' id='word_1_278' title='bbox 1468 1589 1704 1620; x_wconf 86' lang='lat' dir='ltr'>fortitudinem</span> <span class='ocrx_word' id='word_1_279' title='bbox 1742 1599 1838 1620; x_wconf 89' lang='lat' dir='ltr'>suam</span> 
     </span>
     <span class='ocr_line' id='line_1_52' title="bbox 1136 1639 1840 1681; baseline -0.001 -9"><span class='ocrx_word' id='word_1_280' title='bbox 1136 1640 1332 1672; x_wconf 83' lang='lat' dir='ltr'>effeminato</span> <span class='ocrx_word' id='word_1_281' title='bbox 1349 1641 1422 1681; x_wconf 80' lang='lat' dir='ltr'>ejus</span> <span class='ocrx_word' id='word_1_282' title='bbox 1434 1641 1529 1672; x_wconf 86' lang='lat' dir='ltr'>cultu</span> <span class='ocrx_word' id='word_1_283' title='bbox 1544 1639 1675 1671; x_wconf 88' lang='lat' dir='ltr'>mollire</span> <span class='ocrx_word' id='word_1_284' title='bbox 1688 1648 1754 1670; x_wconf 91' lang='lat' dir='ltr'>non</span> <span class='ocrx_word' id='word_1_285' title='bbox 1767 1649 1840 1671; x_wconf 85' lang='lat' dir='ltr'>eru-</span> 
     </span>
     <span class='ocr_line' id='line_1_53' title="bbox 1136 1690 1780 1733; baseline -0.002 -10"><span class='ocrx_word' id='word_1_286' title='bbox 1136 1691 1233 1733; x_wconf 88' lang='lat' dir='ltr'>buit,’</span> <span class='ocrx_word' id='word_1_287' title='bbox 1251 1696 1288 1723; x_wconf 91' lang='lat' dir='ltr'>ut</span> <span class='ocrx_word' id='word_1_288' title='bbox 1305 1691 1440 1723; x_wconf 86' lang='lat' dir='ltr'>aitVal.</span> <span class='ocrx_word' id='word_1_289' title='bbox 1452 1691 1503 1723; x_wconf 90' lang='lat' dir='ltr'>M.</span> <span class='ocrx_word' id='word_1_290' title='bbox 1520 1700 1562 1722; x_wconf 87' lang='lat'>11.</span> <span class='ocrx_word' id='word_1_291' title='bbox 1577 1694 1610 1723; x_wconf 87' lang='grc'>6.</span> <span class='ocrx_word' id='word_1_292' title='bbox 1624 1693 1655 1722; x_wconf 95' lang='lat'>1.</span> <span class='ocrx_word' id='word_1_293' title='bbox 1680 1690 1780 1722; x_wconf 79' lang='lat' dir='ltr'>Rern.</span> 
     </span>
    </p>
   </div>
   <div class='ocr_carea' id='block_1_5' title="bbox 848 2065 1402 2114">
    <p class='ocr_par' dir='ltr' id='par_1_9' title="bbox 848 2065 1402 2114">
     <span class='ocr_line' id='line_1_54' title="bbox 848 2065 1402 2114; baseline 0.004 -3"><span class='ocrx_word' id='word_1_294' title='bbox 848 2065 1069 2114; x_wconf 86' lang='lat' dir='ltr'>LIBER</span> <span class='ocrx_word' id='word_1_295' title='bbox 1107 2066 1402 2114; x_wconf 83' lang='lat' dir='ltr'>XXXVII.</span> 
     </span>
    </p>
   </div>
   <div class='ocr_carea' id='block_1_6' title="bbox 383 2200 1092 2597">
    <p class='ocr_par' dir='ltr' id='par_1_10' title="bbox 383 2200 1092 2597">
     <span class='ocr_line' id='line_1_55' title="bbox 429 2200 1085 2242; baseline -0.005 -7"><span class='ocrx_word' id='word_1_296' title='bbox 429 2204 516 2235; x_wconf 71' lang='lat' dir='ltr'>CAP.</span> <span class='ocrx_word' id='word_1_297' title='bbox 529 2211 556 2233; x_wconf 84' lang='grc' dir='ltr'><strong>ι.</strong></span> <span class='ocrx_word' id='word_1_298' title='bbox 579 2202 626 2242; x_wconf 68' lang='lat' dir='ltr'>§l</span> <span class='ocrx_word' id='word_1_299' title='bbox 646 2200 866 2241; x_wconf 76' lang='lat' dir='ltr'>Phocensibus]</span> <span class='ocrx_word' id='word_1_300' title='bbox 879 2201 987 2232; x_wconf 82' lang='lat' dir='ltr'>Sci-ib.</span> <span class='ocrx_word' id='word_1_301' title='bbox 1004 2202 1085 2232; x_wconf 79' lang='lat' dir='ltr'>Pho-</span> 
     </span>
     <span class='ocr_line' id='line_1_56' title="bbox 383 2252 1087 2293; baseline -0.004 -7"><span class='ocrx_word' id='word_1_302' title='bbox 383 2263 493 2286; x_wconf 82' lang='lat' dir='ltr'>coeens.</span> <span class='ocrx_word' id='word_1_303' title='bbox 528 2253 750 2283; x_wconf 73' lang='lat' dir='ltr'>Phocaeenses</span> <span class='ocrx_word' id='word_1_304' title='bbox 764 2253 866 2291; x_wconf 89' lang='lat' dir='ltr'>enim,</span> <span class='ocrx_word' id='word_1_305' title='bbox 891 2262 909 2282; x_wconf 89' lang='lat' dir='ltr'>a</span> <span class='ocrx_word' id='word_1_306' title='bbox 927 2252 1087 2293; x_wconf 83' lang='lat' dir='ltr'>l’hocaea,</span> 
     </span>
     <span class='ocr_line' id='line_1_57' title="bbox 386 2302 1088 2347; baseline -0.006 -11"><span class='ocrx_word' id='word_1_307' title='bbox 386 2315 462 2347; x_wconf 86' lang='lat' dir='ltr'>quae</span> <span class='ocrx_word' id='word_1_308' title='bbox 479 2303 559 2334; x_wconf 88' lang='lat' dir='ltr'>urbs</span> <span class='ocrx_word' id='word_1_309' title='bbox 575 2307 628 2334; x_wconf 86' lang='lat' dir='ltr'>est</span> <span class='ocrx_word' id='word_1_310' title='bbox 651 2302 739 2333; x_wconf 82' lang='lat' dir='ltr'>Asiae</span> <span class='ocrx_word' id='word_1_311' title='bbox 757 2302 901 2333; x_wconf 89' lang='lat' dir='ltr'>Minoris</span> <span class='ocrx_word' id='word_1_312' title='bbox 923 2302 957 2332; x_wconf 90' lang='lat' dir='ltr'>in</span> <span class='ocrx_word' id='word_1_313' title='bbox 978 2302 1088 2342; x_wconf 84' lang='lat' dir='ltr'>Ionia,</span> 
     </span>
     <span class='ocr_line' id='line_1_58' title="bbox 387 2352 1087 2386; baseline -0.004 0"><span class='ocrx_word' id='word_1_314' title='bbox 387 2355 529 2386; x_wconf 87' lang='lat' dir='ltr'>undeet</span> <span class='ocrx_word' id='word_1_315' title='bbox 553 2352 686 2385; x_wconf 86' lang='lat' dir='ltr'>oriundi</span> <span class='ocrx_word' id='word_1_316' title='bbox 717 2352 970 2383; x_wconf 75' lang='lat' dir='ltr'>Massilienses:</span> <span class='ocrx_word' id='word_1_317' title='bbox 998 2353 1087 2384; x_wconf 92' lang='lat' dir='ltr'>Pho-</span> 
     </span>
     <span class='ocr_line' id='line_1_59' title="bbox 388 2402 1090 2435; baseline -0.003 0"><span class='ocrx_word' id='word_1_318' title='bbox 388 2414 508 2435; x_wconf 87' lang='lat' dir='ltr'>censes</span> <span class='ocrx_word' id='word_1_319' title='bbox 537 2412 617 2434; x_wconf 90' lang='lat' dir='ltr'>vero</span> <span class='ocrx_word' id='word_1_320' title='bbox 648 2403 733 2434; x_wconf 90' lang='lat' dir='ltr'>dicti</span> <span class='ocrx_word' id='word_1_321' title='bbox 757 2412 776 2433; x_wconf 88' lang='lat' dir='ltr'>a</span> <span class='ocrx_word' id='word_1_322' title='bbox 804 2402 958 2434; x_wconf 87' lang='lat' dir='ltr'>Phocide</span> <span class='ocrx_word' id='word_1_323' title='bbox 977 2403 1090 2434; x_wconf 85' lang='lat' dir='ltr'>vicina</span> 
     </span>
     <span class='ocr_line' id='line_1_60' title="bbox 387 2453 1091 2487; baseline -0.003 0"><span class='ocrx_word' id='word_1_324' title='bbox 387 2455 533 2487; x_wconf 81' lang='lat' dir='ltr'>Boeotiae</span> <span class='ocrx_word' id='word_1_325' title='bbox 566 2455 600 2485; x_wconf 91' lang='lat' dir='ltr'>in</span> <span class='ocrx_word' id='word_1_326' title='bbox 627 2453 777 2485; x_wconf 75' lang='lat' dir='ltr'>Graecia.</span> <span class='ocrx_word' id='word_1_327' title='bbox 822 2453 907 2484; x_wconf 90' lang='lat' dir='ltr'>Eod.</span> <span class='ocrx_word' id='word_1_328' title='bbox 927 2453 1026 2485; x_wconf 89' lang='lat' dir='ltr'>modo</span> <span class='ocrx_word' id='word_1_329' title='bbox 1055 2457 1091 2485; x_wconf 90' lang='lat' dir='ltr'>ct</span> 
     </span>
     <span class='ocr_line' id='line_1_61' title="bbox 388 2503 1092 2545; baseline -0.004 -8"><span class='ocrx_word' id='word_1_330' title='bbox 388 2515 494 2537; x_wconf 78' lang='lat' dir='ltr'>xun.</span> <span class='ocrx_word' id='word_1_331' title='bbox 524 2509 557 2536; x_wconf 89' lang='grc'>5.</span> <span class='ocrx_word' id='word_1_332' title='bbox 590 2503 724 2544; x_wconf 87' lang='lat' dir='ltr'>legend.</span> <span class='ocrx_word' id='word_1_333' title='bbox 759 2504 990 2535; x_wconf 76' lang='lat' dir='ltr'>Phocoeensium</span> <span class='ocrx_word' id='word_1_334' title='bbox 1030 2513 1092 2545; x_wconf 88' lang='lat' dir='ltr'>pro</span> 
     </span>
     <span class='ocr_line' id='line_1_62' title="bbox 388 2554 884 2597; baseline -0.01 -9"><span class='ocrx_word' id='word_1_335' title='bbox 388 2557 480 2597; x_wconf 84' lang='lat' dir='ltr'>vulg.</span> <span class='ocrx_word' id='word_1_336' title='bbox 493 2555 709 2586; x_wconf 71' lang='lat' dir='ltr'>phocensium.</span> <span class='ocrx_word' id='word_1_337' title='bbox 734 2554 884 2585; x_wconf 86' lang='lat' dir='ltr'>Gronov.</span> 
     </span>
    </p>
   </div>
   <div class='ocr_carea' id='block_1_7' title="bbox 430 2603 1093 2648">
    <p class='ocr_par' dir='ltr' id='par_1_11' title="bbox 430 2603 1093 2648">
     <span class='ocr_line' id='line_1_63' title="bbox 430 2603 1093 2648; baseline -0.003 -10"><span class='ocrx_word' id='word_1_338' title='bbox 430 2609 447 2648; x_wconf 58' lang='grc' dir='ltr'><strong>ξ</strong></span> <span class='ocrx_word' id='word_1_339' title='bbox 471 2610 490 2638; x_wconf 83' lang='grc'>2</span> <span class='ocrx_word' id='word_1_340' title='bbox 517 2605 752 2646; x_wconf 73' lang='lat' dir='ltr'>Regibus....pr.</span> <span class='ocrx_word' id='word_1_341' title='bbox 767 2605 867 2646; x_wconf 75' lang='grc' dir='ltr'>ρει-3.]</span> <span class='ocrx_word' id='word_1_342' title='bbox 891 2605 986 2636; x_wconf 87' lang='lat' dir='ltr'>Suet.</span> <span class='ocrx_word' id='word_1_343' title='bbox 1003 2603 1093 2645; x_wconf 85' lang='lat' dir='ltr'>Aug.</span> 
     </span>
    </p>
   </div>
   <div class='ocr_carea' id='block_1_8' title="bbox 391 2655 1095 2697">
    <p class='ocr_par' dir='ltr' id='par_1_12' title="bbox 391 2655 1095 2697">
     <span class='ocr_line' id='line_1_64' title="bbox 391 2655 1095 2697; baseline -0.004 -7"><span class='ocrx_word' id='word_1_344' title='bbox 391 2661 442 2690; x_wconf 88' lang='grc'><strong>15.</strong></span> <span class='ocrx_word' id='word_1_345' title='bbox 479 2658 488 2674; x_wconf 91' lang='lat'>‘</span> <span class='ocrx_word' id='word_1_346' title='bbox 502 2658 551 2688; x_wconf 90' lang='lat' dir='ltr'>Ut</span> <span class='ocrx_word' id='word_1_347' title='bbox 568 2656 730 2697; x_wconf 85' lang='lat' dir='ltr'>promissa</span> <span class='ocrx_word' id='word_1_348' title='bbox 756 2655 925 2687; x_wconf 83' lang='lat' dir='ltr'>veteranis</span> <span class='ocrx_word' id='word_1_349' title='bbox 948 2666 1001 2697; x_wconf 88' lang='lat' dir='ltr'>pr.</span> <span class='ocrx_word' id='word_1_350' title='bbox 1020 2665 1095 2697; x_wconf 85' lang='lat' dir='ltr'>per-</span> 
     </span>
    </p>
   </div>
   <div class='ocr_carea' id='block_1_9' title="bbox 391 2707 1095 3000">
    <p class='ocr_par' dir='ltr' id='par_1_13' title="bbox 391 2707 632 2740">
     <span class='ocr_line' id='line_1_65' title="bbox 391 2707 632 2740; baseline -0.004 -1"><span class='ocrx_word' id='word_1_351' title='bbox 391 2707 632 2740; x_wconf 68' lang='lat' dir='ltr'>solverentur!</span> 
     </span>
    </p>

    <p class='ocr_par' dir='ltr' id='par_1_14' title="bbox 391 2755 1095 3000">
     <span class='ocr_line' id='line_1_66' title="bbox 432 2755 1093 2799; baseline 0 -10"><span class='ocrx_word' id='word_1_352' title='bbox 432 2758 528 2799; x_wconf 83' lang='lat' dir='ltr'>Syria</span> <span class='ocrx_word' id='word_1_353' title='bbox 541 2757 659 2798; x_wconf 75' lang='lat' dir='ltr'>major]</span> <span class='ocrx_word' id='word_1_354' title='bbox 692 2756 841 2790; x_wconf 84' lang='lat' dir='ltr'>Quidam</span> <span class='ocrx_word' id='word_1_355' title='bbox 865 2756 966 2798; x_wconf 87' lang='lat' dir='ltr'>impr.</span> <span class='ocrx_word' id='word_1_356' title='bbox 983 2755 1093 2789; x_wconf 90' lang='lat' dir='ltr'>Codd.</span> 
     </span>
     <span class='ocr_line' id='line_1_67' title="bbox 391 2806 1095 2850; baseline -0.001 -10"><span class='ocrx_word' id='word_1_357' title='bbox 391 2809 540 2850; x_wconf 82' lang='lat' dir='ltr'>Phrygia</span> <span class='ocrx_word' id='word_1_358' title='bbox 571 2808 691 2847; x_wconf 79' lang='lat' dir='ltr'>major.-</span> <span class='ocrx_word' id='word_1_359' title='bbox 736 2807 826 2849; x_wconf 89' lang='lat' dir='ltr'>quod</span> <span class='ocrx_word' id='word_1_360' title='bbox 862 2807 981 2848; x_wconf 85' lang='lat' dir='ltr'>probo.</span> <span class='ocrx_word' id='word_1_361' title='bbox 1026 2806 1095 2839; x_wconf 84' lang='lat' dir='ltr'>Inf.</span> 
     </span>
     <span class='ocr_line' id='line_1_68' title="bbox 393 2857 1095 2898; baseline -0.003 -8"><span class='ocrx_word' id='word_1_362' title='bbox 393 2861 652 2890; x_wconf 81' lang='lat' dir='ltr'>xxxviir.5.3.</span> <span class='ocrx_word' id='word_1_363' title='bbox 695 2857 937 2898; x_wconf 89' lang='lat' dir='ltr'>Vid.Appian.</span> <span class='ocrx_word' id='word_1_364' title='bbox 960 2857 1095 2888; x_wconf 83' lang='lat' dir='ltr'>Mithri-</span> 
     </span>
     <span class='ocr_line' id='line_1_69' title="bbox 392 2908 1095 2949; baseline -0.001 -9"><span class='ocrx_word' id='word_1_365' title='bbox 392 2909 464 2940; x_wconf 88' lang='lat' dir='ltr'>dat.</span> <span class='ocrx_word' id='word_1_366' title='bbox 482 2911 603 2949; x_wconf 82' lang='lat' dir='ltr'>p.203.</span> <span class='ocrx_word' id='word_1_367' title='bbox 629 2909 785 2948; x_wconf 79' lang='lat' dir='ltr'>Rongurs.</span> <span class='ocrx_word' id='word_1_368' title='bbox 819 2909 983 2941; x_wconf 65' lang='lat' dir='ltr'>Quaenam</span> <span class='ocrx_word' id='word_1_369' title='bbox 997 2908 1095 2949; x_wconf 81' lang='lat' dir='ltr'>Syria</span> 
     </span>
     <span class='ocr_line' id='line_1_70' title="bbox 394 2958 1094 3000; baseline 0 -10"><span class='ocrx_word' id='word_1_370' title='bbox 394 2958 516 2999; x_wconf 77' lang='lat' dir='ltr'>major?</span> <span class='ocrx_word' id='word_1_371' title='bbox 562 2959 705 3000; x_wconf 87' lang='lat' dir='ltr'>Optime</span> <span class='ocrx_word' id='word_1_372' title='bbox 731 2959 829 2991; x_wconf 84' lang='lat' dir='ltr'>Junt.</span> <span class='ocrx_word' id='word_1_373' title='bbox 855 2962 891 2990; x_wconf 91' lang='lat' dir='ltr'>et</span> <span class='ocrx_word' id='word_1_374' title='bbox 913 2958 969 2990; x_wconf 90' lang='lat' dir='ltr'>alii</span> <span class='ocrx_word' id='word_1_375' title='bbox 994 2959 1094 2999; x_wconf 86' lang='lat' dir='ltr'>impr.</span> 
     </span>
    </p>
   </div>
   <div class='ocr_carea' id='block_1_10' title="bbox 1140 2201 1852 2992">
    <p class='ocr_par' dir='ltr' id='par_1_15' title="bbox 1140 2201 1852 2992">
     <span class='ocr_line' id='line_1_71' title="bbox 1140 2201 1843 2244; baseline 0.003 -12"><span class='ocrx_word' id='word_1_376' title='bbox 1140 2202 1287 2242; x_wconf 75' lang='lat' dir='ltr'>Phrygia</span> <span class='ocrx_word' id='word_1_377' title='bbox 1308 2202 1420 2242; x_wconf 80' lang='lat' dir='ltr'>major,</span> <span class='ocrx_word' id='word_1_378' title='bbox 1444 2201 1533 2244; x_wconf 87' lang='lat' dir='ltr'>quod</span> <span class='ocrx_word' id='word_1_379' title='bbox 1556 2204 1591 2233; x_wconf 87' lang='lat' dir='ltr'>et</span> <span class='ocrx_word' id='word_1_380' title='bbox 1614 2202 1723 2242; x_wconf 88' lang='lat' dir='ltr'>Bong.</span> <span class='ocrx_word' id='word_1_381' title='bbox 1745 2201 1843 2234; x_wconf 85' lang='lat' dir='ltr'>vidit.</span> 
     </span>
     <span class='ocr_line' id='line_1_72' title="bbox 1141 2251 1845 2292; baseline 0.003 -12"><span class='ocrx_word' id='word_1_382' title='bbox 1141 2252 1250 2282; x_wconf 61' lang='grc' dir='ltr'>(ἔνων.</span> <span class='ocrx_word' id='word_1_383' title='bbox 1306 2252 1441 2283; x_wconf 87' lang='lat' dir='ltr'>Excndi</span> <span class='ocrx_word' id='word_1_384' title='bbox 1461 2252 1547 2292; x_wconf 88' lang='lat' dir='ltr'>jussi</span> <span class='ocrx_word' id='word_1_385' title='bbox 1569 2252 1713 2292; x_wconf 77' lang='lat' dir='ltr'>Phrygia</span> <span class='ocrx_word' id='word_1_386' title='bbox 1729 2251 1845 2290; x_wconf 75' lang='lat' dir='ltr'>Major.</span> 
     </span>
     <span class='ocr_line' id='line_1_73' title="bbox 1142 2301 1847 2343; baseline 0.003 -11"><span class='ocrx_word' id='word_1_387' title='bbox 1142 2301 1264 2333; x_wconf 85' lang='lat' dir='ltr'>Faber.</span> <span class='ocrx_word' id='word_1_388' title='bbox 1319 2302 1444 2333; x_wconf 88' lang='lat' dir='ltr'>Editur</span> <span class='ocrx_word' id='word_1_389' title='bbox 1467 2303 1571 2343; x_wconf 81' lang='lat' dir='ltr'>vulgo</span> <span class='ocrx_word' id='word_1_390' title='bbox 1599 2302 1697 2343; x_wconf 79' lang='lat' dir='ltr'>Syria</span> <span class='ocrx_word' id='word_1_391' title='bbox 1731 2302 1847 2341; x_wconf 80' lang='lat' dir='ltr'>major.-</span> 
     </span>
     <span class='ocr_line' id='line_1_74' title="bbox 1142 2351 1846 2384; baseline 0 -2"><span class='ocrx_word' id='word_1_392' title='bbox 1142 2351 1201 2382; x_wconf 89' lang='lat' dir='ltr'>sed</span> <span class='ocrx_word' id='word_1_393' title='bbox 1218 2357 1338 2383; x_wconf 87' lang='lat' dir='ltr'>contra</span> <span class='ocrx_word' id='word_1_394' title='bbox 1361 2352 1544 2384; x_wconf 83' lang='lat' dir='ltr'>historiam.</span> <span class='ocrx_word' id='word_1_395' title='bbox 1590 2351 1658 2383; x_wconf 85' lang='lat' dir='ltr'>Inf.</span> <span class='ocrx_word' id='word_1_396' title='bbox 1683 2360 1846 2383; x_wconf 76' lang='lat' dir='ltr'>xxxvur.</span> 
     </span>
     <span class='ocr_line' id='line_1_75' title="bbox 1145 2400 1847 2443; baseline -0.001 -10"><span class='ocrx_word' id='word_1_397' title='bbox 1145 2402 1305 2443; x_wconf 82' lang='lat' dir='ltr'>5.3.ipsc</span> <span class='ocrx_word' id='word_1_398' title='bbox 1319 2402 1553 2442; x_wconf 79' lang='lat' dir='ltr'>Mithridates,</span> <span class='ocrx_word' id='word_1_399' title='bbox 1576 2401 1646 2442; x_wconf 88' lang='lat' dir='ltr'>huj.</span> <span class='ocrx_word' id='word_1_400' title='bbox 1671 2400 1772 2440; x_wconf 79' lang='lat' dir='ltr'>fitius,</span> <span class='ocrx_word' id='word_1_401' title='bbox 1796 2401 1847 2432; x_wconf 87' lang='lat' dir='ltr'>sic</span> 
     </span>
     <span class='ocr_line' id='line_1_76' title="bbox 1145 2453 1848 2494; baseline 0 -11"><span class='ocrx_word' id='word_1_402' title='bbox 1145 2453 1287 2494; x_wconf 86' lang='lat' dir='ltr'>loquens</span> <span class='ocrx_word' id='word_1_403' title='bbox 1304 2454 1496 2486; x_wconf 87' lang='lat' dir='ltr'>inducitur:</span> <span class='ocrx_word' id='word_1_404' title='bbox 1521 2454 1530 2470; x_wconf 93' lang='lat'>‘</span> <span class='ocrx_word' id='word_1_405' title='bbox 1542 2453 1614 2485; x_wconf 87' lang='lat' dir='ltr'>Sibi</span> <span class='ocrx_word' id='word_1_406' title='bbox 1638 2453 1767 2494; x_wconf 89' lang='lat' dir='ltr'>pupillo</span> <span class='ocrx_word' id='word_1_407' title='bbox 1779 2462 1848 2484; x_wconf 89' lang='lat' dir='ltr'>ma-</span> 
     </span>
     <span class='ocr_line' id='line_1_77' title="bbox 1140 2503 1847 2546; baseline -0.003 -11"><span class='ocrx_word' id='word_1_408' title='bbox 1140 2504 1252 2545; x_wconf 90' lang='lat' dir='ltr'>jorem</span> <span class='ocrx_word' id='word_1_409' title='bbox 1270 2505 1451 2546; x_wconf 83' lang='lat' dir='ltr'>Phrygiam</span> <span class='ocrx_word' id='word_1_410' title='bbox 1463 2503 1665 2543; x_wconf 83' lang='lat' dir='ltr'>ademerint,</span> <span class='ocrx_word' id='word_1_411' title='bbox 1675 2512 1775 2544; x_wconf 89' lang='lat' dir='ltr'>quam</span> <span class='ocrx_word' id='word_1_412' title='bbox 1789 2512 1847 2544; x_wconf 87' lang='lat' dir='ltr'>pa-</span> 
     </span>
     <span class='ocr_line' id='line_1_78' title="bbox 1147 2552 1847 2597; baseline -0.003 -11"><span class='ocrx_word' id='word_1_413' title='bbox 1147 2555 1192 2586; x_wconf 87' lang='lat' dir='ltr'>tri</span> <span class='ocrx_word' id='word_1_414' title='bbox 1204 2565 1277 2596; x_wconf 88' lang='lat' dir='ltr'>suo,</span> <span class='ocrx_word' id='word_1_415' title='bbox 1291 2556 1467 2597; x_wconf 86' lang='lat' dir='ltr'>praemium</span> <span class='ocrx_word' id='word_1_416' title='bbox 1487 2554 1560 2585; x_wconf 85' lang='lat' dir='ltr'>dati</span> <span class='ocrx_word' id='word_1_417' title='bbox 1577 2554 1737 2585; x_wconf 84' lang='lat' dir='ltr'>adversus</span> <span class='ocrx_word' id='word_1_418' title='bbox 1752 2552 1847 2584; x_wconf 88' lang='lat' dir='ltr'>Aris-</span> 
     </span>
     <span class='ocr_line' id='line_1_79' title="bbox 1147 2603 1848 2646; baseline -0.001 -10"><span class='ocrx_word' id='word_1_419' title='bbox 1147 2606 1298 2638; x_wconf 89' lang='lat' dir='ltr'>tonicum</span> <span class='ocrx_word' id='word_1_420' title='bbox 1315 2606 1444 2646; x_wconf 88' lang='lat' dir='ltr'>auxilii,</span> <span class='ocrx_word' id='word_1_421' title='bbox 1457 2603 1722 2636; x_wconf 86' lang='lat' dir='ltr'>concesserant.&#39;</span> <span class='ocrx_word' id='word_1_422' title='bbox 1756 2604 1848 2636; x_wconf 84' lang='lat' dir='ltr'>Quo-</span> 
     </span>
     <span class='ocr_line' id='line_1_80' title="bbox 1146 2652 1849 2697; baseline -0.006 -10"><span class='ocrx_word' id='word_1_423' title='bbox 1146 2655 1235 2687; x_wconf 85' lang='lat' dir='ltr'>niam</span> <span class='ocrx_word' id='word_1_424' title='bbox 1248 2665 1330 2697; x_wconf 88' lang='lat' dir='ltr'>ergo</span> <span class='ocrx_word' id='word_1_425' title='bbox 1343 2656 1376 2686; x_wconf 94' lang='lat' dir='ltr'>in</span> <span class='ocrx_word' id='word_1_426' title='bbox 1392 2654 1489 2686; x_wconf 86' lang='lat' dir='ltr'>Junt.</span> <span class='ocrx_word' id='word_1_427' title='bbox 1506 2658 1594 2685; x_wconf 88' lang='lat' dir='ltr'>teste</span> <span class='ocrx_word' id='word_1_428' title='bbox 1612 2653 1728 2684; x_wconf 82' lang='lat' dir='ltr'>Graev.</span> <span class='ocrx_word' id='word_1_429' title='bbox 1743 2652 1849 2684; x_wconf 91' lang='lat' dir='ltr'>mani-</span> 
     </span>
     <span class='ocr_line' id='line_1_81' title="bbox 1147 2702 1850 2738; baseline -0.007 -1"><span class='ocrx_word' id='word_1_430' title='bbox 1147 2704 1236 2737; x_wconf 85' lang='lat' dir='ltr'>feste</span> <span class='ocrx_word' id='word_1_431' title='bbox 1269 2711 1305 2738; x_wconf 85' lang='lat' dir='ltr'>et</span> <span class='ocrx_word' id='word_1_432' title='bbox 1335 2704 1485 2736; x_wconf 84' lang='lat' dir='ltr'>historiae</span> <span class='ocrx_word' id='word_1_433' title='bbox 1520 2702 1764 2735; x_wconf 89' lang='lat' dir='ltr'>convenienter</span> <span class='ocrx_word' id='word_1_434' title='bbox 1797 2705 1850 2733; x_wconf 89' lang='lat' dir='ltr'>est</span> 
     </span>
     <span class='ocr_line' id='line_1_82' title="bbox 1149 2752 1849 2798; baseline -0.006 -11"><span class='ocrx_word' id='word_1_435' title='bbox 1149 2757 1295 2798; x_wconf 81' lang='lat' dir='ltr'>Phrygia</span> <span class='ocrx_word' id='word_1_436' title='bbox 1310 2756 1420 2795; x_wconf 78' lang='lat' dir='ltr'>major,</span> <span class='ocrx_word' id='word_1_437' title='bbox 1444 2754 1600 2795; x_wconf 87' lang='lat' dir='ltr'>idemque</span> <span class='ocrx_word' id='word_1_438' title='bbox 1618 2753 1660 2784; x_wconf 89' lang='lat' dir='ltr'>de</span> <span class='ocrx_word' id='word_1_439' title='bbox 1682 2752 1781 2784; x_wconf 87' lang='lat' dir='ltr'>codd.</span> <span class='ocrx_word' id='word_1_440' title='bbox 1796 2756 1849 2794; x_wconf 86' lang='lat' dir='ltr'>ty-</span> 
     </span>
     <span class='ocr_line' id='line_1_83' title="bbox 1148 2804 1850 2849; baseline -0.009 -10"><span class='ocrx_word' id='word_1_441' title='bbox 1148 2808 1199 2849; x_wconf 90' lang='lat' dir='ltr'>pis</span> <span class='ocrx_word' id='word_1_442' title='bbox 1215 2807 1383 2848; x_wconf 85' lang='lat' dir='ltr'>expressis</span> <span class='ocrx_word' id='word_1_443' title='bbox 1408 2810 1443 2836; x_wconf 92' lang='lat' dir='ltr'>et</span> <span class='ocrx_word' id='word_1_444' title='bbox 1463 2804 1671 2844; x_wconf 86' lang='lat' dir='ltr'>Bongarsius</span> <span class='ocrx_word' id='word_1_445' title='bbox 1688 2807 1850 2842; x_wconf 81' lang='lat' dir='ltr'>testatur,</span> 
     </span>
     <span class='ocr_line' id='line_1_84' title="bbox 1148 2853 1849 2899; baseline -0.009 -10"><span class='ocrx_word' id='word_1_446' title='bbox 1148 2858 1264 2899; x_wconf 87' lang='lat' dir='ltr'>quidni</span> <span class='ocrx_word' id='word_1_447' title='bbox 1277 2858 1386 2898; x_wconf 83' lang='lat' dir='ltr'>ipsum</span> <span class='ocrx_word' id='word_1_448' title='bbox 1398 2855 1478 2886; x_wconf 90' lang='lat' dir='ltr'>illud</span> <span class='ocrx_word' id='word_1_449' title='bbox 1492 2853 1718 2895; x_wconf 82' lang='lat' dir='ltr'>recipiamus?</span> <span class='ocrx_word' id='word_1_450' title='bbox 1746 2853 1849 2884; x_wconf 75' lang='lat' dir='ltr'>Vorst.</span> 
     </span>
     <span class='ocr_line' id='line_1_85' title="bbox 1149 2902 1852 2948; baseline -0.009 -9"><span class='ocrx_word' id='word_1_451' title='bbox 1149 2907 1292 2948; x_wconf 76' lang='lat' dir='ltr'>Phrygia</span> <span class='ocrx_word' id='word_1_452' title='bbox 1311 2906 1411 2946; x_wconf 78' lang='lat' dir='ltr'>major</span> <span class='ocrx_word' id='word_1_453' title='bbox 1427 2905 1587 2945; x_wconf 79' lang='lat' dir='ltr'>exigente</span> <span class='ocrx_word' id='word_1_454' title='bbox 1599 2903 1740 2935; x_wconf 86' lang='lat' dir='ltr'>historia</span> <span class='ocrx_word' id='word_1_455' title='bbox 1755 2902 1852 2934; x_wconf 84' lang='lat' dir='ltr'>resti·</span> 
     </span>
     <span class='ocr_line' id='line_1_86' title="bbox 1150 2953 1834 2992; baseline -0.007 -2"><span class='ocrx_word' id='word_1_456' title='bbox 1150 2959 1216 2991; x_wconf 88' lang='lat' dir='ltr'>tuit</span> <span class='ocrx_word' id='word_1_457' title='bbox 1232 2960 1346 2990; x_wconf 89' lang='lat' dir='ltr'>Vorst.</span> <span class='ocrx_word' id='word_1_458' title='bbox 1366 2957 1539 2989; x_wconf 84' lang='lat' dir='ltr'>Graevium</span> <span class='ocrx_word' id='word_1_459' title='bbox 1555 2959 1704 2988; x_wconf 84' lang='lat' dir='ltr'>secutus.</span> <span class='ocrx_word' id='word_1_460' title='bbox 1727 2953 1834 2992; x_wconf 76' lang='lat' dir='ltr'>Sclies.</span> 
     </span>
    </p>
   </div>
  </div>
 </body>
</html>
