2174 3424
584 310 779 341 JUSTlNl
816 311 911 340 Lis.
943 311 994 340 11.
1028 311 1133 342 GAP.
1164 301 1207 342 2.

175 416 214 437 ex
225 404 383 445 AEthiopia
394 405 500 435 limum
510 403 758 442 secumferentiS.
774 404 869 435 Curt.

174 465 231 487 ιιι.
261 458 310 486 11.
335 454 377 484 de
401 455 558 495 Marsya:
589 455 599 472 ‘
617 454 702 485 Inde
729 453 870 486 diffusus

175 504 409 545 circumjectos
426 505 543 544 irrigat
566 514 712 545 campos,
726 504 869 545 liquidus

175 560 210 586 et
226 564 299 585 suas
317 554 421 585 undas
437 555 574 585 trahens
589 554 608 585 :²
630 554 688 584 lib.
705 563 754 584 1v.
772 557 800 584 9.
827 553 870 585 de

173 604 265 644 Tigri
282 615 290 635 :
325 605 334 621 ‘
352 605 539 635 Multorum
569 603 770 634 torrentium
804 613 870 634 non

176 663 278 695 aquas
287 654 406 693 solum,
420 653 480 684 sed
494 659 529 685 et
537 654 637 685 etiam
650 664 743 694 saxa,
758 663 869 685 secum

176 703 336 735 trahens!
362 703 468 734 Graev.

219 754 304 786 CAP.
330 763 370 784 11.
393 755 443 794 §1
470 753 605 794 Ripoez's]
634 754 711 785 Nou
743 758 871 785 temere

175 802 315 842 factum,
332 803 419 844 quod
434 803 610 844 scripserit
626 804 801 843 librarius;
824 805 872 835 ita

170 854 351 894 jusseram,
380 857 417 885 et
444 853 494 885 ita
523 854 624 885 scribi
661 854 776 893 debet,
805 865 872 886 non

177 903 330 944 Riphaez's,
343 902 431 944 quod
444 904 500 935 ille
515 908 629 935 tamen
645 904 874 936 Pseudo-Ser-

177 953 249 984 vius
276 953 409 994 probat,
435 958 577 995 nugator
599 954 773 987 mirificus.
818 955 874 986 Ita

175 1003 185 1019 ‘
202 1003 408 1044 trophaeum’
427 1004 459 1034 in
476 1005 629 1035 omnibus
644 1003 716 1035 fere
732 1005 808 1036 libr.
826 1015 875 1036 re-

178 1054 296 1094 perias,
321 1058 356 1085 et
381 1064 474 1085 error
498 1059 552 1085 est
573 1060 685 1086 tamen
701 1055 874 1096 ridiculus,

177 1104 281 1145 etiam
311 1105 339 1136 si
368 1105 417 1136 ita
453 1105 585 1137 Gallice
620 1106 875 1146 pronuncietur.

179 1154 258 1185 Fab.

220 1204 319 1235 Phasi
338 1205 486 1246 flumine]
525 1205 581 1237 Ita
606 1205 742 1246 legend.
774 1205 875 1236 etiam

181 1259 290 1286 contr.
305 1256 423 1295 libros,
446 1256 503 1297 qui
525 1256 650 1287 habent
670 1256 784 1287 Ithasi.
820 1257 875 1287 De

180 1306 281 1337 Phasi
298 1307 363 1338 vid.
386 1307 477 1339 Plin.
503 1317 550 1339 VI.
567 1311 600 1340 4.
623 1313 658 1339 et
681 1308 786 1339 Solin.
801 1318 875 1349 cap.

180 1359 234 1387 20.
269 1362 305 1388 et
333 1357 482 1388 libellum
506 1358 549 1389 de
580 1358 790 1390 Fluminibus
820 1369 878 1390 no-

179 1406 270 1437 mine
287 1407 464 1439 Plutarchi
486 1407 627 1439 editum.
671 1410 727 1439 De
742 1408 876 1449 Scythis

182 1461 311 1496 praeter
328 1458 457 1489 Herod.
473 1458 532 1489 lib.
549 1468 599 1489 xv.
619 1458 686 1490 vid.
704 1459 803 1490 Diod.
818 1458 878 1490 lib.

180 1514 221 1536 11.
239 1510 274 1537 et
295 1507 410 1538 Strab.
427 1507 485 1538 lib.
500 1517 565 1538 vu.
589 1507 646 1538 ubi
662 1518 775 1539 eorum
792 1508 878 1539 inte-

180 1557 339 1596 gritatem
354 1558 467 1588 multis
483 1557 659 1598 praedicat,
670 1557 713 1588 de
730 1568 794 1597 qua
811 1558 879 1589 Ho-

182 1611 248 1637 rat.
266 1615 321 1637 111.
348 1606 416 1638 Od.
440 1609 492 1638 24.
527 1607 605 1638 Vid.
630 1612 665 1638 et
692 1617 798 1648 pauca
823 1617 878 1647 ap.

183 1656 372 1687 Marcellin.
389 1665 480 1687 xxu.
496 1659 547 1687 19.
569 1662 603 1688 et
619 1656 664 1688 cf.
684 1667 757 1698 quae
775 1666 879 1689 xxm.

182 1708 213 1735 5.
238 1709 274 1735 et
289 1715 382 1746 seqq.
396 1706 439 1736 de
456 1706 588 1737 Hunnis
606 1707 725 1738 scribit
741 1712 776 1738 et
799 1707 879 1738 Ala-

182 1754 246 1793 nis,
262 1764 345 1795 quos
359 1764 434 1796 cap.
451 1759 481 1787 7.
502 1756 511 1773 ‘
525 1755 713 1787 discurrere
724 1756 733 1770 '
750 1756 797 1788 ait
812 1759 820 1774 ‘
833 1758 879 1788 la-

182 1803 382 1834 trocinando
413 1809 448 1835 et
478 1805 656 1837 venando.'
707 1806 763 1836 Ita
792 1806 881 1838 enim

182 1852 317 1884 videtur
333 1855 424 1885 locus
440 1855 497 1886 ille
511 1854 689 1895 supplend.
712 1856 818 1895 Bong.

120 1906 137 1920 ‘³
226 1905 243 1943 ξ
266 1906 285 1934 4
310 1905 348 1935 In
361 1905 526 1945 plaustris]
540 1905 723 1945 *Αμαξόβιομ
738 1908 747 1923 ‘
762 1907 882 1938 Plaus-

183 1953 252 1984 tra'
269 1959 381 1985 autem
398 1955 446 1986 ait
460 1955 469 1972 ⁴
483 1956 583 1987 coriis
596 1956 710 1996 tecta,'
734 1966 792 1997 pro
816 1967 881 1998 quo

183 2004 374 2036 Marcellin.
400 2015 490 2037 xxn.
527 2006 630 2038 habet
649 2007 658 2024 ‘
672 2007 881 2047 corticibus,’

184 2055 296 2086 nescio
313 2064 353 2085 an
371 2061 476 2087 recte.
500 2057 656 2096 Rongars.
688 2058 787 2088 Unde
800 2058 882 2099 Scy-

185 2104 251 2135 thae
276 2104 433 2145 ἆμαξόβιοι
462 2111 497 2137 et
527 2106 719 2146 ἇμαξοβίται,
742 2108 775 2139 h.
798 2118 827 2140 e.
848 2109 883 2140 in

181 2155 328 2195 plaustris
337 2157 489 2188 viventes:
505 2157 585 2188 item
602 2156 767 2198 ἁμάξοικοι,
782 2160 885 2190 domos

184 2214 255 2236 suus
269 2207 301 2236 in
312 2207 460 2246 plaustris
473 2207 629 2240 habentes.
650 2208 756 2239 Bern.

229 2255 346 2295 Curiis]
363 2257 429 2286 Vix
442 2257 576 2289 inhibeo
588 2268 724 2289 manum
738 2258 884 2299 rescrip-

185 2305 367 2336 turientem
382 2307 564 2338 corticibus:
582 2318 657 2348 quae
675 2318 739 2338 vox
755 2318 773 2339 e
788 2309 884 2339 curri-

185 2355 253 2396 bus,
267 2357 356 2397 quod
372 2357 464 2388 coriis
479 2358 511 2387 in
528 2358 594 2388 ΜΒ.
611 2358 755 2399 quodam
769 2368 885 2399 supra-

186 2406 348 2446 scriptum
364 2407 472 2447 Bong.
490 2406 646 2446 affirmat,
662 2406 752 2438 facili
768 2408 884 2439 litera-

186 2464 259 2486 rum
273 2456 378 2487 ductu
392 2455 569 2488 formatur.
614 2458 716 2488 Certe
733 2458 886 2497 plaustra

186 2506 348 2547 Scythica
371 2508 380 2524 ‘
398 2506 601 2538 corticibus'
629 2512 721 2538 tecta
743 2506 826 2538 facit
849 2512 885 2538 et

188 2556 378 2588 Marcellin.
390 2566 481 2588 xx11.
494 2560 543 2588 19.
569 2557 730 2598 Idemque
741 2565 845 2587 xxxi.
855 2559 886 2588 2.

186 2607 195 2622 ⁴
214 2605 361 2637 Alanos'
386 2607 435 2638 ait
459 2607 469 2624 ‘
486 2607 598 2647 vagari
624 2606 887 2647 supersedentes

190 2657 361 2696 plaustris,
392 2667 467 2698 quae
492 2656 712 2697 operimentis
738 2655 887 2687 curvatis

189 2707 353 2738 corticum
382 2708 559 2747 [tanquam
587 2705 797 2745 imbricibus]
825 2715 888 2746 per

189 2756 386 2787 solitudines
401 2756 606 2788 conserunt.'
654 2756 820 2795 Hippocr.
846 2755 888 2785 de

191 2805 293 2846 Aere,
307 2807 416 2847 Locis,
430 2811 464 2838 et
478 2807 584 2847 Aquis
601 2816 632 2847 p.
647 2808 699 2837 74.
714 2808 765 2836 12.
783 2804 888 2836 tradit

192 2865 308 2889 currus
324 2858 398 2890 illos
419 2857 598 2899 Scythicos
623 2854 823 2888 coactilibus
844 2865 887 2886 ex

1537 302 1621 344 653

921 403 998 433 lana
1020 412 1131 434 crassa
1147 404 1332 444 compactis
1351 414 1425 436 esse
1442 405 1621 438 obductos.

921 452 1013 483 Ibid.
1042 453 1107 483 alia
1136 455 1242 484 multa
1270 454 1311 485 de
1339 456 1428 486 victu
1459 457 1620 498 cultuque

922 502 1120 543 Scytharum
1137 504 1299 537 invenias,
1326 505 1422 535 Bet-n.

963 553 978 591 ᾗ
1000 556 1018 583 5
1042 553 1177 584 Justz'tz'a
1195 554 1312 592 gentis,
1329 555 1398 594 ἅμ]
1429 554 1625 587 Δικαιότατοι

921 601 1081 642 ἀνθρώπων
1103 603 1253 635 Homero
1276 604 1318 635 Il.
1337 613 1418 635 xm.
1436 609 1467 636 6.
1502 606 1623 637 Strabo

923 662 988 685 vu.
1006 663 1040 694 p.
1056 657 1131 686 209.
1155 661 1192 685 et
1212 654 1349 687 Arrian.
1376 665 1424 688 iv.
1450 666 1499 696 pr.
1538 657 1624 688 Ideo

922 703 980 736 inf.
1001 714 1066 736 xu.
1092 708 1122 736 1.
1148 708 1201 737 17.
1236 707 1245 723 ‘
1266 711 1400 746 gentem
1432 707 1625 738 innoxiam’

923 753 1017 785 dicit.
1041 755 1198 794 Bongars.
1242 755 1404 786 Ceterum
1435 755 1477 786 de
1506 756 1625 796 priscis

924 804 1082 834 Romanis
1096 804 1252 835 similiter
1263 805 1342 836 Sall.
1355 805 1431 836 Cat.
1444 816 1474 836 c.
1487 809 1517 837 9.
1540 807 1549 823 ‘
1563 806 1627 838 Jus

923 853 1115 895 bonumque
1129 855 1218 895 apud
1229 864 1286 886 eos
1299 865 1363 886 non
1377 856 1508 895 legibus
1521 856 1627 896 magis

925 913 1025 944 quam
1046 909 1169 935 natura
1192 904 1352 936 valebat.'
1375 905 1427 935 De
1445 905 1628 937 Germanis

924 954 1004 986 Tac.
1022 965 1052 986 c.
1069 957 1120 987 19.
1149 957 1157 972 ‘
1175 955 1257 986 Plus
1280 955 1328 987 ibi
1350 955 1428 987 boni
1444 966 1554 987 mores
1572 967 1630 988 va-

924 1004 1006 1045 lent,
1032 1015 1131 1046 quam
1146 1005 1227 1036 alibi
1243 1005 1339 1036 bonae
1364 1005 1480 1047 legeS.’
1516 1007 1628 1038 Idem-

925 1065 990 1095 que
1019 1055 1051 1086 in
1082 1056 1274 1087 universum
1306 1055 1348 1086 de
1390 1056 1628 1088 vetustissimis

925 1105 1132 1145 mortalium,
1158 1105 1201 1138 A.
1228 1115 1284 1136 111.
1306 1108 1360 1137 26.
1391 1105 1569 1137 Burdelot.
1595 1107 1629 1137 in

925 1155 1069 1186 Petron.
1088 1156 1130 1186 P.
1148 1158 1221 1187 276.
1246 1156 1345 1186 Bern-

968 1205 1125 1246 Ingeniis]
1156 1205 1165 1222 ‘
1180 1204 1377 1246 Ingenium’
1400 1210 1514 1245 vocat,
1541 1207 1629 1247 quod

926 1255 1026 1295 paulo
1043 1260 1120 1295 post
1133 1255 1142 1272 ‘
1156 1254 1340 1286 naturam.'
1362 1255 1501 1286 Naevius
1517 1266 1525 1286 :
1549 1257 1557 1272 ⁶
1575 1256 1630 1287 Ite

927 1309 1005 1336 actu
1022 1305 1055 1335 in
1068 1304 1273 1336 froudiferos
1290 1305 1399 1344 lucos,
1413 1304 1467 1335 ubi
1485 1304 1630 1345 Ingenio

926 1354 1064 1386 arbusta
1080 1359 1158 1385 nata
1174 1360 1264 1393 sunt,
1279 1364 1346 1385 non
1363 1354 1499 1385 obsita!
1524 1355 1632 1387 Nota·

927 1405 977 1435 vit
992 1405 1034 1436 ad
1049 1405 1179 1436 Auson.
1196 1405 1351 1445 Scaliger
1368 1414 1393 1435 1.
1411 1407 1466 1435 23.
1491 1405 1634 1437 Petron.

926 1454 936 1471 ‘
953 1455 1071 1486 Crines
1098 1456 1232 1496 ingenio
1263 1465 1323 1486 suo
1351 1454 1454 1486 flexi!
1485 1455 1566 1486 Tac.
1588 1455 1632 1487 A.

928 1514 986 1536 ιιι.
1001 1508 1055 1536 26.
1079 1506 1087 1523 ‘
1106 1507 1190 1537 Cum
1206 1506 1348 1536 honesta
1364 1509 1485 1545 suopte
1499 1505 1632 1544 ingenio

928 1555 1159 1595 peterenturz'
1189 1555 1258 1586 alii.
1283 1555 1442 1594 Bongars.
1476 1555 1556 1586 Sall.
1584 1555 1632 1586 H.

929 1604 987 1636 lib.
1001 1614 1057 1636 111.
1080 1606 1089 1622 ‘
1102 1606 1224 1646 Pugna
1240 1605 1375 1645 ingenio
1391 1604 1456 1635 loci
1473 1604 1631 1644 prohibe-

929 1655 1050 1686 batur.’
1073 1655 1118 1686 Et
1133 1655 1191 1686 lib.
1210 1665 1242 1685 v.
1264 1655 1273 1671 ‘
1292 1654 1415 1685 Insulae
1441 1659 1561 1694 suopte
1580 1655 1629 1684 in-

931 1705 1029 1745 genio
1048 1705 1208 1736 alimenta
1232 1704 1430 1735 mortalibus
1456 1704 1600 1745 gignunt
1614 1704 1636 1735 ·.'

931 1756 978 1786 ita
995 1755 1085 1787 Flor.
1100 1764 1142 1786 11.
1159 1757 1190 1786 6.
1216 1757 1268 1785 27.
1292 1758 1326 1784 et
1350 1763 1390 1785 ιι.
1414 1757 1466 1785 17.
1489 1757 1519 1785 5.
1554 1755 1634 1785 Ber-

929 1814 1044 1835 neccer.
1079 1805 1188 1835 Paulo
1212 1809 1312 1845 post:
1338 1805 1345 1821 ‘
1366 1804 1443 1834 Hoc
1458 1804 1524 1835 illis
1538 1810 1636 1835 natu-

930 1864 1002 1885 ram
1018 1854 1122 1885 dare!
1148 1855 1238 1895 Ergo
1254 1857 1263 1872 ‘
1281 1854 1453 1894 ingenium
1466 1854 1474 1869 '
1490 1854 1544 1885 hic
1562 1865 1635 1895 pro,

931 1910 1063 1936 natura.
1109 1905 1176 1938 Qui
1214 1904 1367 1936 vocabuli
1401 1914 1481 1936 usus
1512 1910 1547 1936 et
1578 1916 1633 1946 ap.

931 1956 1013 1987 alios
1029 1956 1239 1987 observatur.
1267 1956 1370 1986 Vorst.

974 2007 992 2046 ξ
1015 2009 1035 2037 6
1061 2007 1144 2041 Quid
1173 2007 1289 2036 salvum
1314 2004 1408 2045 esset]
1452 2005 1509 2036 Ita
1535 2005 1633 2037 Vett.

933 2056 1022 2087 Edd.
1056 2057 1223 2087 Mstorum
1263 2055 1435 2087 traduces.
1494 2055 1635 2093 Melius,

932 2106 1065 2146 opinor,
1082 2115 1181 2147 quam
1197 2105 1287 2146 quod
1305 2106 1413 2146 Bong.
1429 2104 1547 2144 edidit,
1562 2106 1637 2145 quid

931 2156 1014 2187 inter
1028 2157 1122 2187 silvas
1136 2154 1328 2196 superesset?
1352 2156 1439 2186 Nam
1457 2155 1545 2186 ratio
1571 2156 1637 2186 ista

932 2205 1099 2246 generalis
1124 2210 1188 2244 est,
1213 2215 1280 2236 non
1306 2205 1463 2236 silvarum
1488 2205 1638 2245 propria.

933 2255 1024 2287 Add.
1043 2255 1131 2296 quod
1149 2265 1213 2286 non
1235 2255 1269 2285 in
1293 2255 1302 2272 ‘
1320 2254 1433 2294 silvis‚’
1459 2254 1530 2294 [ubi
1546 2255 1637 2285 vehi-

933 2307 1085 2337 culorum
1103 2304 1315 2336 incommoda
1335 2304 1461 2345 vectio]
1482 2304 1541 2334 sed
1566 2305 1637 2344 pla-

933 2356 1019 2387 nitie
1031 2356 1152 2386 morari
1161 2354 1395 2394 solitiScythae
1407 2365 1414 2385 :
1427 2354 1515 2385 unde
1529 2355 1537 2371 ‘
1551 2364 1640 2384 cam-

934 2405 1082 2446 pestres'
1100 2415 1158 2436 eos
1175 2410 1276 2436 vocat
1294 2405 1415 2436 Horat.
1432 2413 1488 2435 1¹1.
1505 2404 1573 2435 Od.
1586 2407 1639 2435 24.

935 2456 1118 2486 Berneccer.
1136 2455 1218 2485 Mss.
1235 2454 1306 2494 quid
1320 2454 1403 2484 inter
1417 2454 1517 2493 sylvas
1533 2463 1638 2493 super-

935 2508 1026 2537 esset.
1064 2505 1152 2535 Edd.
1179 2508 1264 2534 vett.
1295 2504 1369 2543 quid
1406 2505 1521 2534 salvum
1549 2507 1638 2541 esset,

937 2565 1017 2596 quas
1049 2555 1204 2596 sequitur
1241 2554 1407 2584 Bernecc.
1448 2552 1514 2583 Sed
1553 2553 1635 2583 inter

934 2607 1047 2646 sylvas,
1065 2604 1153 2645 quod
1170 2603 1320 2635 retinent
1336 2612 1451 2633 omnes
1468 2603 1552 2633 Mss.
1570 2613 1636 2633 non

936 2661 1009 2686 erat
1039 2653 1195 2694 ejiciend.
1222 2653 1281 2683 sed
1310 2650 1497 2692 reponend.
1525 2661 1584 2681 suo
1615 2653 1639 2683 l.

937 2716 1012 2737 cum
1039 2705 1135 2737 Junt.
1168 2713 1223 2744 ap.
1253 2712 1334 2743 quos
1366 2706 1458 2732 recte
1489 2701 1637 2742 legitur:

938 2757 1067 2786 Nullam
1091 2755 1186 2785 scelus
1210 2754 1289 2793 apud
1313 2762 1363 2783 eos
1383 2751 1476 2790 furto
1498 2752 1641 2792 gravius,

936 2805 1046 2845 quippe
1068 2805 1133 2834 sine
1158 2806 1236 2833 tecto
1262 2802 1504 2841 munimentoque
1527 2811 1639 2840 pecora

937 2858 967 2886 ec
987 2857 1126 2886 armenta
1141 2853 1223 2885 inter
1243 2853 1344 2894 sylvas
1362 2850 1541 2883 habentibus
1566 2852 1639 2892 quid
