2101 3419
515 318 708 348 iussim
747 318 838 347 mn.
872 317 1015 347 xxiv.
1046 317 1150 347 cAP.
1180 306 1220 346 8.

144 412 277 452 Virgilii
302 412 411 443 locum
431 411 473 442 de
489 411 658 452 Capitolio
673 415 710 442 et
730 411 836 442 Arca-

142 462 251 502 dibus,
265 462 350 503 quod
366 462 560 492 observasse
581 461 706 492 decuit.
751 462 836 491 Ver-

143 522 199 543 sus
224 516 301 543 sunt
322 513 356 542 in
377 521 454 542 vui.
478 511 553 542 AEn.
576 511 586 528 ‘
601 510 678 541 Hoc
704 520 835 550 nemus,

140 562 243 598 hunc,
255 561 376 602 inquit,
391 560 546 600 frondoso
557 560 687 591 vertice
701 561 835 599 collem,

139 610 241 652 (Quis
267 611 372 650 Deus,
400 610 567 641 incertum
594 609 673 649 est‚)
700 609 834 641 habitat

141 661 252 700 Deus3
291 659 443 691 Arcades
474 660 581 700 ipsum
614 660 767 691 Credunt
797 670 833 691 se

139 711 265 741 vidisse
279 711 412 750 Jovem,
423 720 523 751 quum
538 719 629 750 saepe
645 711 833 751 nigrantem

139 761 260 801 AEgida
275 766 474 792 concuteret
490 761 623 800 dextra,
635 761 833 802 nimbosque

138 811 270 842 cieret!
303 812 366 842 Est
378 811 479 842 etiam
495 811 682 851 exemplum
699 810 832 851 aliquod

136 871 191 901 ap.
206 861 277 892 Liv.
293 861 381 902 quod
395 861 486 891 illam
502 859 760 891 affirmationem
774 870 833 891 nu-

136 912 233 943 minis
249 911 382 942 firmare
398 912 514 952 possit.
539 911 619 943 Fab.

178 964 234 1004 §9
256 962 449 1001 Profundum
475 966 568 993 terroe
595 961 757 1002 foramen]
800 961 829 993 A

136 1015 219 1046 Mss.
234 1014 361 1046 duobus
378 1014 499 1045 Fuldd.
517 1014 612 1045 abest
626 1012 663 1043 τὸ
675 1014 833 1054 foramen,

136 1068 172 1094 et
188 1068 268 1104 puto
281 1064 455 1104 eleganter
470 1063 536 1094 dici
553 1073 652 1104 posse
667 1064 677 1080 ‘
691 1062 832 1103 profun-

135 1113 214 1145 dum
230 1113 349 1145 terrae'
373 1114 546 1145 absolute:
571 1124 647 1145 cum
669 1114 678 1130 ‘
693 1113 831 1154 profun-

135 1166 229 1197 dum’
240 1166 319 1196 nihil
330 1165 420 1196 aliud
438 1166 492 1205 sit,
507 1175 618 1206 quam,
631 1164 738 1206 quod‘
755 1174 830 1205 por-

132 1217 142 1234 ‘
168 1215 228 1254 ro,’
256 1216 278 1247 i.
305 1225 336 1247 e.
360 1216 474 1256 longe,
500 1215 602 1246 habet
629 1215 638 1231 ‘
663 1214 829 1246 fundum.'

135 1265 236 1296 Unde
263 1265 405 1296 ridicule
431 1270 465 1295 et
494 1274 586 1296 more
616 1275 675 1296 suo
712 1265 828 1296 Plaut.

134 1314 269 1354 Captiv.
299 1324 324 1345 1.
355 1317 386 1345 2.
412 1317 465 1347 79.
502 1315 645 1355 parasiti
675 1320 828 1346 ventrem

130 1364 140 1381 ‘
157 1363 378 1404 profundum'
404 1364 560 1395 vocabat.
604 1363 672 1395 Sed
699 1364 742 1395 de
766 1364 827 1396 hac

133 1423 170 1445 re
186 1415 286 1445 etiam
300 1415 393 1445 alias.
417 1415 506 1445 Mod.

174 1464 229 1494 Ex
244 1474 300 1504 quo
315 1463 457 1503 frigidus
472 1466 505 1494 in
520 1465 648 1504 quodam
661 1465 742 1495 velut
757 1474 828 1495 ven-

132 1511 180 1552 to]
204 1513 367 1553 Sulpitius
385 1512 584 1551 Verulanus,
604 1513 702 1544 homo
714 1514 827 1553 appri-

132 1572 186 1593 me
210 1562 343 1601 doctus,
365 1563 399 1593 in
420 1572 453 1593 v.
470 1563 525 1593 lib.
537 1563 722 1593 Pharsaliae
745 1564 828 1604 legit

130 1622 171 1643 ex
183 1622 241 1652 quo
255 1612 385 1652 spiritus
399 1613 430 1643 vi
444 1614 572 1653 quadam
592 1614 676 1644 vetut
690 1617 779 1644 vento
793 1613 827 1645 in

129 1662 254 1693 sublime
277 1663 429 1702 expulsus.
473 1664 558 1696 Qua}
586 1664 663 1694 lect.
688 1664 824 1703 placet:

128 1712 187 1742 sed
213 1722 326 1752 operae
354 1712 502 1753 pretium
529 1717 581 1744 est
599 1714 826 1753 considerare,

129 1771 228 1802 quam
244 1761 386 1793 illuserit
406 1762 499 1794 hisce
521 1763 666 1794 oraculis
680 1764 824 1795 humano

128 1812 245 1852 generi
253 1813 432 1853 Diabolus,
441 1813 575 1853 adjutus
586 1823 823 1854 nonnunquam

125 1866 257 1893 naturae
272 1862 424 1893 secretis.
468 1863 615 1894 Miratur
636 1868 750 1894 autem
768 1864 823 1894 Ci-

127 1922 207 1944 cero
220 1922 280 1944 suo
297 1917 451 1953 tempore
466 1913 648 1944 obticuisse
664 1914 727 1944 hoc
750 1924 823 1945 ora-

125 1963 250 2001 culum,
261 1963 415 1993 nimirum
428 1963 503 2004 quia
515 1963 668 1993 veritatis
681 1972 821 2003 praeses,

125 2012 291 2043 mendacii
314 2017 445 2053 patrem
464 2018 732 2053 oppugnaturus,
747 2014 819 2053 jam

119 2062 190 2102 jam
208 2061 412 2101 imminebat,
436 2063 505 2093 Leo
526 2062 568 2093 de
593 2063 683 2093 tribu
703 2063 818 2104 Judae‚

125 2112 278 2143 Christus
294 2113 454 2149 Servator
467 2117 595 2144 noster.
621 2114 712 2145 Glar.

166 2163 184 2202 ξ
202 2165 241 2193 10
274 2162 407 2193 Gratum
421 2163 623 2202 voluntatem]
648 2163 657 2179 ‘
675 2163 817 2194 Gratam

124 2212 355 2243 voluntatem’
386 2216 423 2244 et
456 2215 465 2230 ‘
485 2218 619 2254 gratum
650 2214 796 2244 animum
809 2213 817 2227 ’

122 2261 252 2299 dicunt,
268 2262 359 2303 quod
378 2263 479 2303 vulgo
496 2272 675 2304 perperam
691 2263 702 2281 ‘
715 2263 816 2303 grati-

123 2311 296 2344 tudinem!
338 2313 418 2344 Vid.
434 2313 493 2344 lib.
512 2313 554 2344 (le
570 2313 714 2344 Latinit.
731 2323 815 2345 mer.

121 2370 212 2401 susp.
228 2364 259 2392 7.
289 2362 361 2394 Vor.

165 2411 253 2442 CAP.
268 2420 335 2442 vn.
381 2414 431 2453 §1
455 2412 507 2445 An
522 2413 620 2454 confi]
654 2415 735 2445 Del.
762 2424 815 2446 an.

122 2459 229 2492 Gron-

163 2511 181 2550 ᾧ
196 2513 216 2540 2
240 2511 357 2542 Recens
370 2513 517 2544 adventus
528 2514 578 2545 sui
593 2514 708 2545 terrori
722 2515 815 2555 esset]

123 2559 161 2590 F.
187 2559 322 2592 laborat
344 2562 377 2592 h.
404 2563 509 2603 locus,
531 2565 815 2606 scribendumque

121 2612 231 2641 terror.
255 2611 462 2645 Freinshem.
489 2615 556 2645 Sed
572 2615 634 2646 hoc
650 2625 716 2645 non
732 2615 814 2647 satis

120 2659 269 2692 cohaeret
295 2663 506 2701 praecedenti
532 2664 714 2704 ‘imparati
740 2665 814 2696 hos-

120 2709 194 2740 tes!
252 2711 391 2743 Mallem
420 2722 448 2744 r.
473 2715 607 2745 adventu
635 2714 683 2745 sui
707 2714 814 2745 territi

120 2762 230 2790 esseut.
255 2760 369 2792 Senes.

163 2809 178 2847 ξ
196 2811 214 2839 :1
241 2809 403 2841 Gallorum
417 2813 525 2851 vulgus
536 2823 576 2844 ea:
592 2815 683 2853 longa
695 2813 812 2854 inopia]

118 2858 196 2888 Tar:
216 2859 258 2889 H.
275 2863 393 2891 1v.78.
419 2862 427 2878 ‘
443 2863 569 2894 Obstat
596 2863 809 2895 vincentibus

203 2911 315 2951 Delplt.
330 2916 358 2943 et
378 2913 405 2944 V
405 2924 451 2945 ur.
466 2915 549 2945 Clas.

784 2916 905 2948 Justz‘n.

1498 306 1583 348 929

885 420 1026 450 pravum
1050 410 1143 442 inter
1169 411 1260 451 ipsos
1284 414 1470 451 cei-tamen,
1485 412 1581 443 hoste

884 460 1018 500 omisso,
1047 461 1156 500 spolia
1183 461 1426 492 consectandi!
1480 462 1581 494 Quod

885 519 991 550 genus
1019 511 1178 550 exempla
1211 512 1404 553 monitaque
1434 512 1580 552 college-

884 564 963 590 runt
986 559 1160 591 Amiratus
1188 561 1222 591 in
1237 561 1322 592 Tac.
1340 570 1429 593 xvn.
1447 564 1479 593 9.
1517 562 1581 593 Ca-

883 619 1003 642 merar.
1034 611 1120 641 Hor.
1151 610 1282 642 Subcis.
1310 620 1368 643 111.
1400 614 1453 643 29.
1501 611 1580 643 Pic-

883 665 968 691 cart.
985 660 1070 692 Obs.
1086 669 1122 691 x.
1138 663 1169 691 8.
1195 661 1329 693 Praedae
1347 661 1487 702 objectu
1503 662 1578 693 hos-

882 714 950 741 tem
977 710 1213 742 sustinentium
1235 711 1392 752 exempla
1416 712 1484 742 alia
1501 716 1580 743 sunt

882 759 915 789 in
940 760 1033 791 Plut.
1060 760 1191 791 Lucull.
1209 762 1261 791 34.
1293 760 1448 800 Polyaen.
1471 760 1578 791 Strat.

881 818 946 841 vn.
962 809 1020 840 ubi
1043 809 1086 841 de
1111 810 1333 841 Mithridate:
1361 810 1514 841 Frontin.
1539 819 1579 843 11.

882 862 933 891 13.
951 869 1001 900 pr.
1017 864 1053 891 et
1069 860 1151 891 aliis.
1178 861 1279 891 Bern.

923 912 975 950 §5
999 911 1065 941 Pro
1076 910 1258 951 victoribus]
1290 909 1368 942 Vid.
1391 910 1518 942 Notam
1534 909 1578 941 ad

881 969 989 992 xx111.
1002 964 1032 992 3.
1045 964 1078 992 9.
1102 961 1152 993 Id.

923 1012 976 1052 §6
1014 1011 1133 1042 Messes
1167 1010 1297 1051 vinaque
1326 1011 1411 1043 villis
1449 1011 1577 1052 efferre]

879 1061 889 1079 ‘
914 1061 1062 1092 Messes'
1092 1071 1154 1101 pro
1191 1060 1359 1102 frugibus,
1392 1060 1577 1093 frumento.

878 1112 1000 1152 Vin-gil.
1020 1121 1046 1144 1.
1069 1113 1114 1144 G.
1137 1112 1255 1143 ‘Illius
1283 1112 1456 1143 immensae
1480 1122 1578 1153 rupe-

878 1167 957 1192 runt
983 1162 1105 1193 horrea
1131 1161 1279 1193 messes!
1326 1162 1394 1194 Ov.
1420 1172 1501 1194 vm.
1526 1163 1576 1195 M.

877 1213 887 1229 ‘
901 1212 1062 1243 Gravidis
1076 1212 1207 1243 onerati
1220 1211 1486 1254 messibusjagri!
1503 1212 1575 1243 Vor-

919 1263 972 1302 §8
1002 1262 1091 1302 Vino,
1113 1262 1183 1302 ἐτη]
1219 1263 1308 1293 Saxo
1332 1272 1356 1293 1.
1384 1273 1415 1303 p.
1440 1265 1491 1293 18.
1523 1265 1575 1293 35.

876 1312 885 1329 ‘
899 1312 1090 1352 Spoliorum
1106 1312 1255 1353 reliquiis
1269 1312 1399 1344 avidius
1417 1312 1576 1343 incuban-

877 1367 944 1393 tem
975 1361 1114 1393 adortus
1129 1361 1150 1393 :’
1189 1366 1225 1393 et
1255 1371 1328 1393 xiv.
1360 1372 1393 1402 p.
1422 1364 1495 1392 309.
1521 1364 1574 1393 25.

875 1413 884 1430 ‘
896 1412 1025 1444 Hostes
1042 1413 1165 1452 praedae
1182 1412 1404 1443 incubantes!

918 1464 968 1503 §9
992 1463 1064 1492 Non
1080 1462 1142 1493 nisi
1158 1466 1286 1502 quatuor
1308 1462 1409 1493 millia
1423 1461 1572 1502 militum]

876 1512 944 1542 Pro
960 1512 1092 1542 militum
1109 1512 1194 1543 Mss.
1213 1512 1322 1550 Bong.
1348 1511 1476 1542 habent
1492 1512 1573 1542 mili-

875 1565 931 1592 tes.
974 1561 1074 1592 Unde
1099 1561 1265 1602 adducor,
1290 1566 1327 1592 ut
1348 1561 1482 1593 credam
1509 1562 1573 1592 hoc

875 1611 994 1642 vocab.
1020 1612 1215 1651 glossatoris
1241 1621 1328 1651 esse,
1355 1621 1421 1642 non
1436 1611 1574 1644 Justini.

874 1662 919 1692 Et
935 1661 1036 1692 docet
1062 1665 1166 1699 totus,
1183 1671 1250 1692 non
1275 1666 1343 1692 tam
1369 1661 1423 1692 hic
1447 1671 1572 1691 sermo-

875 1721 951 1742 nem
967 1720 1041 1742 esse
1057 1711 1099 1741 de
1113 1712 1216 1742 certis
1229 1711 1384 1752 quibusd.
1398 1711 1574 1751 militibus,

874 1771 973 1801 quam
987 1762 1077 1791 omni
1093 1762 1324 1803 multitudine,
1339 1772 1414 1803 quae
1429 1762 1571 1803 Delphis

873 1811 1154 1842 commorabatur.
1179 1811 1282 1849 Schef.

916 1863 933 1902 ᾧ
952 1865 990 1892 10
1013 1862 1144 1892 Statuas
1166 1872 1233 1893 cum
1256 1861 1431 1902 quadrigis]
1458 1864 1466 1880 ‘
1481 1863 1571 1894 Qua-

871 1911 994 1952 drigae’
1024 1916 1222 1942 ornamenta
1248 1912 1387 1943 fuerunt
1417 1911 1570 1952 fastigio-

870 1972 957 2001 rum,
973 1971 1114 2002 quorum
1138 1961 1253 2001 figurae
1280 1962 1315 1992 in
1339 1962 1484 2002 antiquis
1512 1972 1571 1992 nu-

869 2011 1030 2042 mism-atis
1056 2016 1091 2042 et
1114 2012 1254 2052 gemmis
1276 2012 1384 2042 adbuc
1401 2012 1568 2043 visuntur.

869 2061 942 2092 Liv.
968 2071 1005 2092 x.
1027 2062 1155 2092 ‘AEnea
1177 2062 1210 2092 in
1243 2062 1414 2102 Capitolio
1440 2062 1567 2100 limina,

867 2111 1055 2152 Jovemque
1072 2112 1104 2142 in
1121 2111 1266 2143 culmine
1283 2122 1358 2142 cum
1374 2112 1570 2153 quadrigis.’

867 2162 1026 2202 Propert.
1045 2171 1083 2194 11.
1097 2162 1262 2193 31.‘Auro
1275 2163 1361 2193 Solis
1378 2168 1452 2193 erat
1464 2172 1567 2202 supra

867 2212 1005 2252 fastigia
1016 2212 1156 2243 currus.'
1177 2212 1279 2243 Vorsc.
1304 2213 1566 2252 Quadrigarum‚

867 2271 943 2302 quae
960 2263 992 2292 in
1006 2261 1142 2302 fastigio
1155 2263 1272 2302 templi
1285 2262 1445 2303 Delphici
1458 2267 1567 2303 erant,

866 2311 1070 2342 mentionem
1097 2311 1173 2342 fieri
1200 2321 1256 2352 ap.
1280 2313 1398 2352 Eurip.
1421 2312 1496 2343 Ion.
1513 2315 1566 2343 82.

867 2361 1064 2392 observavit
1078 2361 1236 2393 Jensius:
1254 2360 1397 2402 ’Άρματα
1416 2361 1473 2400 μὲν
1492 2361 1566 2392 τάδε

864 2411 989 2452 λαμπρὰ
999 2411 1282 2452 τεθρίππωνἽ-Ιλιος
1293 2413 1350 2450 ἤδη
1363 2412 1475 2452 λάμπει
1485 2413 1564 2444 κατὰ.

863 2463 942 2500 ’γῆνε
967 2462 1168 2502 Splendeutes
1195 2463 1281 2493 hosce
1309 2472 1416 2494 currus
1438 2463 1563 2503 quadri-

861 2511 968 2550 garios
992 2512 1137 2542 Illustrat
1162 2513 1207 2542 sol
1224 2512 1296 2551 jam
1321 2522 1426 2544 versus
1448 2516 1563 2544 terram

863 2561 1028 2593 demittens
1041 2562 1157 2593 radios.

907 2612 994 2642 CAP.
1014 2619 1094 2642 v111.
1140 2612 1157 2651 ᾧ
1176 2614 1191 2641 1
1218 2611 1307 2641 Mero
1328 2611 1441 2652 saucii]
1476 2610 1561 2642 Οἶνο-

862 2662 981 2699 πλῆγες
1004 2665 1039 2691 et
1060 2662 1251 2699 μεθυπλῆγες
1275 2662 1430 2701 apposite
1446 2662 1561 2692 dicuu-

864 2716 920 2743 tur
944 2712 1097 2743 Graecis:
1122 2712 1190 2742 vid.
1217 2712 1355 2743 Gruter.
1371 2712 1561 2752 Suspicion.

865 2772 945 2794 vnl.
962 2766 1013 2793 13.
1029 2767 1064 2794 et
1080 2772 1153 2803 sup.
1173 2763 1254 2794 Not.
1268 2763 1310 2793 ad
1326 2773 1350 2794 1.
1364 2766 1394 2795 8.
1410 2766 1439 2793 8-
1463 2764 1560 2795 Rern.

906 2813 994 2853 Sine,
1006 2816 1059 2853 &aa
1085 2818 1118 2843 et
1135 2814 1151 2853 ξ
1169 2816 1188 2843 S
1204 2813 1360 2853 certatim,
1377 2813 1446 2852 [sun]
1469 2813 1559 2843 Saxo

864 2873 898 2894 x.
918 2874 949 2904 p.
963 2867 1035 2896 203.
1051 2863 1074 2895 f.
1098 2864 1106 2880 ‘
1123 2864 1170 2895 Ut
1186 2863 1310 2905 absque
1335 2873 1358 2894 r.
1378 2867 1506 2904 p.cert.
1525 2864 1558 2893 iu

1397 2918 1414 2945 3
1441 2916 1471 2947 N
