2174 3424
531 341 615 384 680

532 445 678 476 formula
708 450 885 487 concepto,
914 456 972 479 xv.
1002 451 1033 479 2.
1072 448 1130 480 ubi
1157 450 1225 480 ait:

533 496 543 514 ‘
559 496 671 527 Tanto
686 496 857 528 honestius
872 502 952 529 tunc
964 498 1051 529 bella
1065 499 1226 539 gereban-

531 550 600 583 tur,
627 556 726 587 quam
751 556 840 578 nunc
862 548 1021 579 amicitiae
1045 549 1227 582 coluntur!

530 594 619 626 Mod.

573 646 590 685 ξ
611 647 649 676 12
673 645 920 686 Quinquennium
933 648 1098 690 instruxit]
1113 650 1225 691 Vulgo

524 705 582 735 per
593 707 623 736 q.
639 701 674 727 et
691 696 842 729 Oros.11.
855 701 886 729 9.
900 699 956 729 sed
975 701 1112 741 antiqua
1122 700 1226 741 scrip-

532 751 608 776 tura
633 751 730 777 recta
753 752 828 779 est:
853 748 914 780 inf.
939 758 1005 781 ΧΠ.
1029 753 1060 782 3.
1076 754 1105 782 1.
1128 752 1137 767 ‘
1153 751 1225 781 Tri-

529 796 631 826 duum
647 797 775 828 luctum
791 797 938 831 indixit!
977 801 1047 831 Lex
1065 803 1116 831 12.
1136 801 1222 832 Tab-

529 852 538 864 ‘
556 847 658 888 Usus,
696 849 879 880 auctoritas
920 849 1016 881 fundi
1053 851 1223 882 biennium

528 897 626 929 esto.’
660 899 806 931 Quintil.
829 901 928 931 Decl.
954 904 1025 932 196.
1053 904 1061 919 ‘
1080 903 1222 943 Exlege

527 948 562 978 in
579 948 731 979 exsilium
744 950 1005 990 quinquennium
1017 951 1135 983 missus
1147 953 1224 983 est.’

530 997 676 1029 Notavit
691 998 765 1030 Jac.
785 999 956 1040 Cujacius,
971 1010 1046 1031 cuin
1062 1001 1225 1042 interpre-

528 1052 661 1079 taretur
678 1050 829 1080 Titulum
845 1051 980 1082 Cod.de
995 1052 1148 1093 Usucap.
1164 1063 1224 1093 pro

528 1099 645 1139 Empt.
659 1099 711 1130 vel
727 1109 789 1140 pro
803 1101 979 1133 Transact.
1001 1103 1107 1141 Bong.
1139 1104 1224 1134 Tres

528 1153 660 1179 tantum
677 1158 780 1180 annos
805 1150 839 1180 in
865 1151 931 1182 isto
955 1157 1121 1192 apparatu
1138 1153 1224 1184 Xer-

526 1200 847 1240 xemconsumsisse,
862 1201 972 1242 inquit
985 1203 1083 1234 Diod.
1117 1204 1223 1236 Julia-

528 1259 591 1280 nus
601 1259 680 1282 vero
691 1250 894 1291 ὁπαραβοίτης
907 1252 1006 1283 Orat.
1020 1263 1045 1284 1.
1058 1253 1099 1284 de
1113 1254 1220 1286 Laud.

528 1302 730 1341 Constantii,
756 1303 880 1343 inquit,
899 1303 954 1334 τὸν
978 1303 1088 1344 Ξέρξην
1113 1304 1224 1345 χρόνον

527 1351 604 1382 ἐτῶν
623 1352 678 1382 οὐκ
700 1351 856 1384 ἐλάσσονα
877 1353 950 1385 δέκα
973 1355 1046 1396 πρὸς
1062 1356 1116 1387 τὸν
1129 1356 1221 1387 πόλε-

525 1414 582 1439 μον
619 1402 732 1433 ἐκεῖνον
766 1404 1062 1445 παρασκευάζεσθαι.
1122 1407 1221 1440 Quod

526 1462 599 1483 esse
616 1462 681 1484 non
698 1458 824 1494 potest,
839 1464 915 1486 cum
936 1460 1032 1487 sexto
1059 1466 1158 1496 anno,
1178 1467 1221 1487 ex

527 1511 593 1543 quo
619 1513 759 1544 regnum
785 1504 929 1544 adeptus
956 1510 1020 1545 est,
1043 1506 1166 1537 bellum
1187 1507 1221 1537 in

526 1552 668 1584 Graecos
683 1555 827 1585 moverit
843 1555 989 1586 Xerxes.
1024 1557 1094 1587 Vos.

568 1604 585 1643 §
611 1606 649 1634 13
673 1604 877 1646 Demaratus]
915 1605 1046 1637 Herod.
1076 1605 1134 1638 fin.
1161 1606 1221 1639 lib.

525 1660 590 1684 vu.
622 1653 750 1694 Fugam
774 1656 844 1696 ejus
867 1656 909 1687 ad
935 1656 1057 1687 Persas
1072 1657 1224 1697 explicat

526 1712 575 1733 vr.
601 1707 652 1735 70.
684 1705 842 1744 Bongars.
887 1706 976 1738 Add.
997 1708 1075 1739 Sen.
1100 1707 1222 1740 Benef.

524 1762 573 1784 vr.
589 1757 642 1785 31.
667 1755 768 1787 Rern.

570 1805 620 1835 Ne
633 1805 832 1846 inopin.85·c.]
866 1807 954 1838 Saxo
981 1816 1055 1840 xiv.
1086 1818 1119 1848 p.
1146 1811 1220 1839 261.

526 1857 576 1885 14.
599 1855 608 1871 ‘
626 1855 842 1896 Inopinatum
857 1857 987 1888 hostem
1004 1858 1221 1898 opprimere!

524 1913 599 1935 xvr.
616 1915 649 1945 p.
665 1908 738 1937 376.
757 1909 806 1938 ll.
831 1907 840 1923 ‘
855 1907 966 1938 Subiti
985 1908 1219 1950 inopinatique

525 1955 606 1986 belli
622 1954 711 1986 fama
726 1957 925 1996 perculsus?

569 2005 608 2035 In
631 2005 751 2036 tabellis
772 2006 899 2047 ligneis]
923 2007 980 2039 Sic
1003 2007 1063 2040 inf.
1085 2017 1164 2040 xm.
1188 2012 1218 2040 6.

523 2057 555 2085 6.
580 2055 680 2086 Bern.

565 2105 809 2144 Blafflstratibus
824 2107 1003 2148 perscribit]
1034 2109 1066 2140 N
1072 2118 1111 2140 ec
1135 2109 1218 2140 illud

524 2155 668 2195 probare
684 2165 830 2198 possum,
844 2159 946 2198 quod,
961 2168 1036 2189 cum
1053 2159 1219 2200 antiquio-

522 2213 576 2236 res
591 2205 668 2236 edd.
680 2205 844 2238 haberent
854 2208 1101 2249 magistratibus,
1111 2209 1219 2249 Bong.

522 2255 643 2286 maluit
671 2256 884 2295 magistratui.
939 2258 1014 2289 Etsi
1040 2258 1129 2289 enim
1155 2268 1218 2290 nec

519 2306 605 2337 illud
631 2307 784 2347 probem,
806 2308 896 2348 quod
921 2308 1068 2340 Gronov.
1086 2309 1126 2340 ad
1145 2310 1217 2340 Liv.

523 2364 655 2387 xxxiv.
676 2360 730 2388 61.
751 2357 784 2388 in
804 2357 962 2390 Addend.
978 2359 1110 2401 scribit,
1124 2360 1134 2377 ‘
1152 2370 1219 2392 ma-

523 2408 701 2447 gistratum
730 2417 792 2449 pro
829 2410 970 2450 collegio
1001 2411 1054 2441 vel
1080 2420 1219 2442 numero

521 2457 704 2498 bominum,
732 2459 910 2490 consilium
937 2459 1109 2500 publicum
1139 2471 1218 2492 con-

521 2509 746 2549 stituentium,
756 2510 870 2542 dicere
886 2511 990 2542 nostri
1003 2512 1106 2543 seculi
1119 2512 1217 2552 esse,'

519 2559 630 2600 (aliud
646 2560 736 2591 enim
752 2561 803 2591 vel
821 2570 862 2591 ex
880 2561 1026 2602 Nepotis
1043 2562 1216 2602 Lysandro

521 2610 667 2650 intelligi
693 2615 823 2651 potest,
843 2611 899 2642 ubi
919 2612 1035 2652 ephori
1059 2622 1123 2643 non
1149 2613 1216 2643 sin-

520 2659 590 2698 guli
606 2660 665 2691 sed
677 2661 825 2692 universi
839 2662 848 2678 ⁴
865 2662 1029 2693 maximus
1042 2662 1215 2703 magistra-

520 2710 584 2741 tus’
600 2711 790 2751 dicuntur,)
809 2717 934 2754 tamen,
956 2714 1033 2754 quia
1049 2713 1216 2754 antiquio-

520 2770 575 2791 res
591 2762 668 2792 edd.
683 2763 917 2801 magistratibus
939 2772 1077 2794 numero
1092 2763 1214 2803 plurali

519 2809 659 2850 habent,
676 2811 829 2853 idemque
846 2817 880 2843 et
902 2813 934 2843 in
957 2814 1040 2844 Mss.
1058 2812 1212 2854 quibusd.

518 2868 538 2889 a
552 2859 659 2900 Bong.
675 2860 886 2892 observatum
899 2861 976 2900 fuit,
991 2872 1030 2893 ac
1047 2867 1215 2903 praeterea

521 2917 539 2937 a
565 2909 653 2950 stylo
680 2910 805 2942 Justiui
829 2911 864 2942 id
890 2912 1033 2944 alienum
1055 2921 1124 2944 non
1151 2917 1215 2953 est,

986 355 1125 387 NOTAE
1157 355 1423 388 vARloRUM
1457 358 1507 388 1N

1275 451 1418 482 mutatio
1433 450 1589 483 facienda
1612 452 1713 484 fuisse
1735 463 1801 485 non
1825 453 1969 486 videtur.

1275 500 1364 532 Vide
1381 501 1424 531 sis
1441 511 1531 541 supr.
1546 511 1585 533 11.
1599 506 1627 534 7.
1645 506 1677 534 2.
1693 508 1726 534 et
1742 502 1802 535 inf.
1818 513 1873 535 111.
1888 507 1919 536 3.
1936 507 1968 535 2.

1276 551 1353 583 Quo
1377 551 1450 583 itid.
1481 553 1671 592 posteriore
1703 554 1775 585 loco
1805 555 1899 586 Mod.
1927 564 1971 586 ex

1276 611 1342 632 uno
1359 602 1441 634 Cod.
1457 603 1617 635 Fuldensi
1634 605 1700 645 legi
1716 606 1842 637 mavult
1855 607 1972 645 magis·

1274 652 1374 683 tratuz'
1385 663 1484 694 quam
1500 654 1751 693 magistratibus:
1767 665 1883 687 verum
1896 655 1971 688 itid.

1275 702 1348 733 sine
1361 712 1474 734 causa.
1495 703 1598 736 Vorst.
1624 704 1720 736 Junt.
1736 705 1879 746 aliaeque
1891 705 1970 737 edd.

1274 751 1520 792 magistratibus,
1535 753 1584 784 uti
1600 758 1635 784 et
1651 755 1750 794 paulo
1774 759 1852 794 post
1879 755 1888 771 ‘
1902 764 1970 785 ma-

1275 802 1471 843 gistratibus
1482 803 1727 843 Spartanorum
1741 804 1898 845 tradere,'
1912 815 1972 845 ap·

1274 852 1440 892 probante
1458 853 1607 885 Gronov.
1645 854 1867 894 Magistratus
1880 855 1968 886 enim

1274 902 1309 932 in
1335 912 1473 934 numero
1499 903 1636 935 unitatis
1667 914 1835 945 nunquam
1861 905 1971 936 consi·

1274 951 1352 982 lium
1381 953 1565 993 publicum,
1599 964 1659 985 seu
1688 956 1877 995 collegium,
1908 956 1968 987 sed

1274 1011 1408 1043 semper
1422 1013 1522 1033 unum
1541 1004 1720 1045 hominem,
1737 1006 1969 1046 magistratum

1275 1057 1450 1091 gerentem
1477 1058 1535 1084 aut
1563 1053 1721 1095 officium,
1750 1061 1858 1086 notat.
1913 1055 1970 1087 Sic

1275 1111 1350 1142 cap.
1366 1106 1416 1133 15.
1432 1103 1502 1143 huj.
1519 1104 1577 1135 lib.
1593 1105 1602 1121 ‘
1618 1104 1878 1145 Magistratibus
1890 1105 1971 1137 scri-

1274 1152 1325 1183 bit
1336 1152 1620 1193 Atheniensium,'
1634 1160 1669 1186 et
1683 1165 1736 1187 111.
1750 1158 1780 1187 3.
1798 1158 1806 1173 ‘
1820 1156 1969 1197 Regibus

1275 1207 1478 1242 potestatem
1507 1203 1682 1244 bellorum,
1716 1206 1968 1246 magistratibus

1267 1253 1421 1293 judicia.’
1466 1254 1543 1285 Non
1563 1255 1662 1286 aliter
1685 1260 1769 1286 vett.
1796 1261 1831 1287 et
1856 1257 1969 1288 idonei

1274 1303 1351 1333 Lat.
1377 1302 1500 1343 linguae
1527 1310 1694 1337 auctores,
1741 1306 1815 1338 Nec
1845 1312 1911 1347 est,
1931 1312 1970 1338 ut

1273 1361 1332 1382 nos
1346 1357 1482 1383 moveat
1502 1355 1707 1395 exemplum,
1729 1356 1816 1397 quod
1838 1366 1880 1388 ex
1898 1358 1969 1389 Ne-

1273 1405 1353 1442 pote
1365 1402 1406 1433 ad
1420 1403 1506 1433 hane
1518 1403 1589 1435 obs.
1601 1406 1854 1437 convellendam
1868 1405 1969 1438 affert

1272 1452 1441 1484 eruditiss.
1467 1454 1581 1486 Vorst.
1624 1455 1665 1486 Id
1690 1455 1778 1486 enim
1801 1461 1968 1497 repugnat

1272 1507 1307 1533 et
1328 1503 1434 1543 ipsius
1462 1503 1607 1544 Nepotis
1629 1509 1665 1536 et
1688 1510 1879 1537 ceterorum
1900 1516 1968 1538 om-

1271 1553 1363 1583 nium
1379 1552 1575 1584 idoneorum
1599 1555 1803 1595 scriptorum
1822 1557 1970 1588 melioris

1271 1603 1375 1634 seculi
1401 1605 1649 1645 consuetudini,
1676 1605 1796 1647 quibus
1825 1608 1835 1624 ⁴
1851 1607 1970 1647 magis-

1272 1653 1400 1684 tratus'
1426 1654 1459 1684 in
1490 1654 1629 1686 unitatis
1653 1665 1793 1687 numero
1815 1665 1882 1687 non
1904 1657 1969 1688 nisi

1273 1713 1375 1734 unum
1403 1703 1569 1735 hominem
1604 1704 1794 1745 significat3
1834 1705 1967 1747 quando

1273 1763 1354 1785 vero
1377 1754 1421 1785 de
1445 1755 1586 1795 collegio
1612 1756 1804 1797 loquuntur,
1826 1760 1968 1787 utuntur

1271 1813 1411 1836 numero
1438 1806 1677 1837 multitudinis.
1730 1806 1771 1836 In
1800 1806 1968 1847 Pelopida

1270 1855 1279 1871 ⁴
1291 1855 1471 1886 maximum
1486 1856 1718 1896 magistratum
1737 1855 1901 1887 obtinere'
1917 1856 1967 1887 di-

1269 1904 1358 1935 citur
1373 1905 1629 1945 Polemarclms,
1647 1915 1730 1937 unus
1744 1906 1855 1937 homo.
1878 1906 1966 1937 Con-

1269 1953 1376 1985 trade
1397 1954 1542 1995 collegio
1556 1955 1589 1986 in
1614 1954 1690 1986 ead.
1713 1955 1817 1986 vua:
1841 1957 1849 1972 ‘
1866 1955 1965 1988 Diem

1267 2004 1436 2044 legerunt,
1453 2015 1518 2046 quo
1531 2005 1666 2036 maximi
1690 2006 1906 2045 magistratus
1922 2004 1966 2034 si-

1267 2055 1337 2086 mul
1367 2060 1618 2086 consueverunt
1648 2054 1778 2095 epulari
1795 2054 1816 2085 :’
1854 2059 1890 2086 et
1916 2053 1964 2085 sic

1267 2111 1445 2146 perpetuo.
1506 2105 1598 2136 Hinc
1635 2110 1670 2135 et
1702 2106 1711 2122 ‘
1728 2104 1964 2145 magistratum

1268 2155 1413 2196 capere,'
1429 2157 1437 2172 ‘
1454 2155 1600 2196 gerere,’
1615 2155 1738 2186 dicitur
1753 2165 1837 2186 unus
1853 2155 1964 2186 homo.

1269 2207 1390 2238 Nullus
1409 2207 1524 2249 itaque
1548 2207 1666 2238 dubito
1690 2213 1724 2239 et
1740 2208 1772 2238 in
1790 2207 1965 2248 Lysandro

1267 2258 1406 2298 legend.
1443 2268 1515 2289 esse
1551 2258 1702 2289 maximos
1738 2258 1965 2298 magistratus:

1268 2318 1360 2349 saepe
1373 2308 1460 2340 enim
1476 2308 1604 2340 librarii
1620 2313 1656 2340 et
1675 2314 1896 2344 correctores
1912 2318 1964 2339 se-

1268 2359 1339 2390 cuti
1369 2359 1475 2390 nostri
1502 2359 1665 2399 temporis
1699 2358 1887 2399 depravate
1917 2359 1964 2390 lo-

1269 2409 1445 2449 quentium
1472 2409 1763 2448 consuetudinem,
1788 2409 1822 2440 id
1853 2418 1965 2440 corru-

1268 2464 1403 2500 perunt,
1426 2464 1463 2490 ut
1485 2459 1518 2489 in
1535 2459 1585 2490 his
1601 2459 1727 2491 Justini
1750 2460 1845 2500 locis,
1859 2460 1962 2491 etiam

1267 2515 1385 2542 contra
1406 2514 1491 2541 vett.
1508 2510 1667 2541 librorum
1684 2509 1804 2549 fldem
1827 2516 1885 2542 aut
1901 2520 1964 2552 per

1264 2561 1433 2592 maximum
1456 2560 1676 2599 magistratum
1700 2561 1903 2602 intelligitur
1918 2562 1962 2593 E-

1265 2611 1389 2651 phorus
1420 2613 1503 2640 natu
1531 2610 1707 2650 maximus,
1734 2620 1791 2641 seu
1821 2612 1962 2652 primus,

1264 2661 1318 2691 cui
1335 2660 1483 2691 libellum
1497 2659 1584 2691 bunc
1601 2659 1753 2699 tradidit,
1771 2661 1827 2701 qui
1843 2665 1961 2701 postea

1264 2721 1339 2742 cum
1370 2710 1438 2741 suis
1463 2719 1538 2741 eum
1565 2710 1827 2741 communicavit
1856 2712 1960 2742 colle-

1263 2761 1326 2802 gis.
1364 2761 1471 2791 Graev.

1306 2809 1561 2850 magistratibus]
1599 2809 1653 2840 Sic
1682 2813 1775 2840 recte
1807 2810 1958 2844 Gronov.

1264 2860 1379 2892 Graev.
1397 2861 1512 2891 Vorst.
1528 2869 1609 2900 quos
1626 2859 1694 2891 vid.
1719 2859 1822 2898 Schef.
1857 2860 1959 2902 Angl.

1263 2910 1467 2950 magistratui
1496 2909 1613 2941 scribit.
1669 2910 1699 2940 A
1740 2910 1864 2951 glossa,
1894 2921 1959 2953 qua
