2174 3424
487 363 573 405 724

489 471 526 499 et
539 465 613 498 aliis
629 465 799 507 accidere,
813 467 902 508 quod
917 468 965 498 illi
988 468 1112 508 potuit.
1135 468 1186 499 Id.

532 518 549 557 ς
564 520 584 548 7
605 517 741 557 Insignis
754 517 804 548 hic
818 517 930 557 annus]
958 518 993 549 Is
1008 517 1073 548 fuit
1089 527 1186 559 quar-

488 572 542 600 tus
559 568 697 609 Olymp.
710 571 764 600 93.
781 568 822 599 ab
834 569 875 599 U.
891 568 931 599 C.
946 571 1018 599 348.
1043 568 1092 599 Id.

532 619 657 649 Exsilio
688 617 852 659 Dionysii]
903 617 1006 648 Orbis
1042 616 1186 648 literarii

488 669 626 709 phoenix
641 668 712 700 Jos.
727 668 882 708 Scaliger
896 667 1074 708 insigniter
1097 666 1186 697 Auc-

488 722 598 749 torem
621 722 657 749 et
673 722 828 758 tempore
843 721 879 748 et
894 726 1040 757 persona
1062 716 1116 747 hic
1133 726 1184 746 er-

487 779 565 800 rare
579 769 800 806 demonstrat,
813 777 847 799 v.
859 767 902 798 de
915 767 1056 798 Emend.
1068 767 1185 806 Temp.

488 829 523 859 p.
536 821 611 850 224.
634 820 814 858 Tempore,
825 817 913 858 quod
927 820 979 848 48.
996 817 1089 847 annis
1103 816 1185 846 illud

488 868 644 899 exsilium
682 872 760 908 post
801 867 984 898 acciderit:
1029 875 1186 906 persona,

489 917 578 958 quod
595 928 661 948 nou
693 917 874 958 Dionysius
898 917 1021 956 senior,
1043 916 1186 947 Hermo-

489 969 594 1000 cratis
615 968 661 1000 fil.
691 969 725 999 in
750 969 888 1000 exilium
915 973 1010 999 actus
1036 968 1104 1006 sit;
1127 967 1185 999 sed

489 1021 672 1060 Dionysius
683 1021 801 1061 junior
815 1021 885 1061 huj.
897 1020 997 1051 filius.
1024 1020 1092 1051 Sed
1107 1020 1187 1053 Jus-

489 1071 580 1102 tinus
596 1071 740 1103 babebat
757 1071 790 1102 in
806 1072 927 1111 animo,
943 1080 982 1102 eo
999 1080 1086 1102 anno
1106 1071 1187 1102 Dio-

489 1121 622 1161 nysium
654 1121 783 1152 victum
806 1131 825 1152 a
853 1121 1187 1162 Carthaginiensibus

487 1170 594 1201 fuisse
609 1173 633 1208 z}
644 1176 831 1211 propterea
853 1171 985 1202 cladem
1009 1176 1187 1212 acceptam

487 1220 576 1251 illius
604 1221 765 1262 Dionysii
794 1231 871 1252 cum
898 1220 959 1251 filii
981 1221 1085 1252 exilio
1111 1230 1188 1252 con-

489 1269 630 1302 fuderit.
655 1272 705 1303 Id.

533 1321 550 1360 ξ
578 1324 598 1352 9
626 1322 772 1361 Triginta
785 1322 934 1362 rectores]
964 1322 1043 1353 vid.
1061 1325 1189 1362 praeter

489 1370 613 1402 citatos
641 1371 684 1402 ad
707 1373 725 1412 ξ
748 1375 778 1404 5.
815 1372 920 1403 Diod.
943 1371 1018 1403 init.
1035 1371 1092 1402 lib.
1109 1379 1187 1403 xw.

489 1421 596 1459 Bong.

537 1469 772 1510 Triginta‚8sc.]
788 1470 865 1501 Sen.
877 1470 942 1510 Ep.
954 1472 1025 1501 104.
1039 1474 1047 1487 ‘
1058 1469 1191 1510 Viginti

489 1523 525 1550 et
541 1524 672 1559 septem
697 1519 792 1550 annis
806 1524 990 1560 pugnatum
1015 1523 1087 1550 est:
1112 1523 1191 1559 post

489 1569 586 1600 finita
620 1579 712 1601 arma
738 1570 882 1610 triginta
914 1570 1067 1610 tyrannis
1092 1579 1189 1600 noxae

490 1621 608 1652 dedita
624 1625 677 1652 est
693 1620 829 1662 civitas,
845 1630 887 1651 ex
904 1620 1023 1662 quibus
1035 1620 1189 1661 plerique

490 1672 617 1702 inimici
633 1671 752 1703 erant!

535 1724 551 1762 ξ
571 1726 610 1753 10
637 1723 767 1763 Quippe,
782 1723 850 1763 Esca]
884 1723 1045 1754 Vincent.
1062 1731 1117 1754 111.
1134 1725 1188 1754 63.

487 1772 498 1789 ‘
517 1771 682 1803 Adunatis
699 1772 765 1803 sibi
788 1772 898 1803 tribus
921 1772 1068 1803 millibus
1090 1772 1189 1803 satel-

489 1823 588 1854 litum
605 1827 640 1854 et
656 1823 883 1863 septingentis
908 1822 1055 1853 millibus
1072 1822 1115 1852 de
1132 1831 1189 1853 ex-

490 1873 600 1903 ercitu
613 1872 786 1903 victoriael
816 1873 899 1911 Leg.
913 1875 943 1902 et
955 1881 978 1902 s.
989 1871 1141 1902 militibus
1153 1872 1190 1902 de

490 1932 517 1952 e.
534 1922 661 1954 victore.
707 1921 806 1953 Oros.
819 1930 858 1952 11.
875 1924 926 1952 17.
971 1921 980 1938 ‘
999 1921 1064 1953 Qui
1082 1921 1189 1960 primo

490 1980 526 2002 se
543 1971 651 2002 tribus
672 1971 820 2002 millibus
837 1970 1021 2002 satellitum
1038 1971 1185 2011 stipant:

490 2031 568 2052 mox
587 2021 690 2052 etiam
713 2022 947 2061 septingentos
970 2020 1095 2051 milites
1120 2020 1189 2051 vic-

489 2073 573 2103 toris
589 2073 760 2103 exercitus
783 2072 948 2103 lateribus
964 2071 1032 2102 suis
1048 2072 1189 2102 circum·

489 2122 645 2163 pouunt.'

532 2173 549 2212 ξ
563 2175 602 2203 12
616 2172 724 2203 Coedes
738 2171 846 2203 deiude
857 2171 970 2202 civium
980 2170 1018 2202 ab
1030 2170 1190 2202 Alcibiade

487 2222 700 2261 auspicantur]
737 2222 790 2252 De
805 2226 914 2253 morte
933 2221 1132 2260 Alcibiadis,
1146 2221 1189 2252 ad

488 2271 586 2311 cujus
602 2271 732 2302 caedeni
752 2274 803 2302 30.
824 2271 962 2311 tyranni
977 2270 1189 2310 Lysandrum

485 2322 709 2362 impulerunt,
734 2321 803 2352 vid.
828 2321 921 2352 Plut.
947 2320 1052 2352 Diod.
1085 2320 1189 2351 Proh.

491 2372 563 2403 Cic.
588 2372 630 2403 de
656 2371 769 2403 Divin.
797 2380 838 2403 11.
858 2373 912 2402 62.
946 2371 1022 2402 Val.
1039 2370 1089 2401 M.
1114 2379 1139 2401 1.
1156 2372 1189 2401 8.

491 2422 596 2461 Bong.

532 2472 549 2511 ξ
566 2474 605 2501 14
622 2471 716 2502 Vivus
727 2468 970 2509 crezrzatns‚esc.]
993 2469 1072 2500 Non
1087 2468 1190 2510 vivus,

489 2521 547 2552 sed
564 2526 714 2552 mortuus
725 2521 795 2560 jam
819 2525 855 2551 et
877 2519 1096 2550 barbarorum
1113 2519 1189 2550 telis

491 2569 655 2608 confixus,
686 2570 789 2610 juxta
820 2568 926 2599 I'rob.
963 2572 999 2599 et
1030 2568 1124 2599 Plut.
1155 2568 1189 2599 in

493 2620 606 2651 Alcib.
620 2621 804 2651 Berneccer.
822 2620 951 2650 Contra
961 2618 1087 2649 habent
1097 2618 1191 2650 Plut.

492 2674 528 2700 et
559 2670 650 2710 Nep.
677 2675 715 2701 ut
736 2670 808 2711 jam
838 2669 924 2700 vidit
954 2669 995 2700 cl.
1023 2668 1190 2700 Bernecc.

492 2719 608 2751 Verba
632 2721 783 2752 Cornelii
820 2720 853 2750 in
891 2719 1014 2751 mendo
1044 2719 1188 2750 cubant:

491 2772 500 2787 ‘
522 2770 590 2809 Illi,
620 2780 696 2801 cuni
725 2780 802 2801 eum
833 2769 924 2801 ferro
955 2769 1093 2810 aggredi
1124 2779 1190 2800 nou

492 2820 667 2858 auderent,
705 2826 808 2852 noctu
844 2821 935 2861 ligna
966 2820 1194 2860 contulerunt,

494 2872 584 2901 circa
598 2870 733 2902 domum
756 2879 939 2909 samenam,
955 2869 989 2900 in
1004 2879 1071 2910 qua
1084 2870 1191 2910 quies·

495 2919 620 2958 ecbat3
645 2929 716 2951 eam
741 2919 1089 2960 succenderuntft'xc.
1115 2920 1192 2952 Nou

942 373 1083 405 NOTAE
1115 373 1377 405 VARmRUM
1414 375 1464 406 ΙΝ

1235 468 1373 508 attinet,
1385 469 1531 500 virorum
1545 468 1722 500 doctorum
1735 467 1932 509 superhunc

1236 519 1260 550 l.
1286 520 1501 560 conjecturas
1520 529 1703 560 apponere.
1747 519 1840 558 Lege
1858 518 1934 549 circ.

1235 570 1315 601 dom.
1330 569 1525 600 Sanisenam.
1569 569 1729 600 Sanisene
1744 569 1934 609 appellatur

1236 623 1367 651 tractus
1385 620 1418 650 in
1438 619 1582 651 confinio
1597 619 1759 660 Phrygiae
1783 622 1820 649 et
1835 619 1934 650 Gala-

1236 671 1307 702 tiae.
1335 671 1406 702 Vos.

1280 720 1368 751 CAP.
1384 728 1435 750 rx.
1458 720 1475 760 ᾧ
1491 721 1507 750 1
1523 718 1708 750 ΗοειιΙιονὶε
1719 718 1817 758 metu]
1832 717 1935 759 Angli

1234 770 1293 801 ult.
1310 770 1399 808 hujus
1411 780 1451 801 m.
1475 769 1590 801 Graev.

1278 821 1427 859 Miseros,
1450 819 1521 860 ξω]
1576 819 1666 850 Saxo
1695 827 1770 849 xw.
1803 827 1836 858 p.
1858 820 1934 849 258.

1236 872 1246 889 ‘
1264 873 1361 902 Bona
1383 880 1510 910 eorum,
1525 870 1582 911 qui
1605 870 1648 901 ad
1664 870 1833 901 Canutum
1857 879 1934 902 con-

1236 924 1422 960 cesserant,
1438 920 1564 960 rapinis
1581 918 1807 950 exhauriunt?

1279 972 1296 1012 ᾧ
1327 974 1347 1002 2
1374 970 1570 1010 Therameni]
1606 969 1673 1000 Uni
1700 969 1743 1000 de
1766 972 1818 1000 30.
1853 967 1934 1001 Vid.

1237 1022 1327 1053 Xen.
1355 1021 1401 1052 H.
1428 1021 1490 1052 Gr.
1508 1029 1548 1052 11.
1572 1024 1608 1051 et
1632 1019 1702 1051 Cic.
1725 1019 1826 1050 Tusc.
1842 1029 1866 1051 1.
1882 1023 1936 1051 40.

1237 1073 1395 1112 Bongars.
1454 1072 1545 1102 Item
1581 1071 1674 1102 Plut.
1696 1071 1731 1101 in
1770 1070 1873 1102 Nicia
1900 1075 1938 1102 et

1237 1122 1370 1153 Consol.
1382 1122 1425 1153 ad
1438 1121 1598 1162 Apollon.
1616 1130 1690 1161 cap.
1705 1123 1737 1152 9.
1760 1120 1859 1151 Bern-

1280 1173 1387 1213 Ipsum
1413 1181 1529 1212 quoque
1551 1172 1591 1202 ad
1615 1174 1765 1202 terrorem
1785 1169 1936 1210 omnium]

1237 1221 1337 1262 Angli
1354 1223 1480 1253 rectius
1495 1222 1517 1252 i.
1532 1232 1563 1262 q.
1579 1222 1620 1252 ad
1632 1222 1844 1251 documentum
1856 1223 1937 1251 cete-

1235 1281 1341 1302 rorum
1355 1275 1385 1302 et
1397 1275 1472 1302 terr.
1489 1281 1517 1302 o.
1547 1270 1615 1301 Ubi
1631 1272 1844 1301 documentum
1857 1273 1936 1301 cete-

1235 1329 1342 1351 rorum
1368 1320 1504 1351 videtur
1528 1320 1742 1360 intelligend.
1766 1319 1855 1360 quod
1878 1319 1936 1351 do-

1237 1379 1316 1402 cere
1339 1375 1474 1401 ceteros
1498 1370 1616 1410 debet,
1638 1370 1696 1411 qui
1717 1369 1871 1401 nimirum
1885 1370 1938 1402 ita

1237 1419 1476 1460 grassabantur
1492 1419 1653 1459 caedibus,
1669 1428 1711 1450 ne
1727 1424 1763 1450 et
1775 1419 1856 1460 ipsis
1871 1420 1937 1451 hoc

1237 1470 1405 1510 inciperet
1438 1469 1631 1509 displicere.
1687 1468 1736 1500 At
1768 1469 1799 1501 h.
1836 1469 1937 1500 modo

1239 1520 1367 1558 nescio,
1380 1529 1422 1550 an
1433 1518 1533 1550 facile
1544 1518 1637 1550 ullibi
1652 1518 1816 1559 reperias.
1841 1520 1851 1536 ⁶
1865 1520 1938 1550 Do-

1240 1574 1436 1601 cumentum
1467 1569 1626 1609 alicujus’
1654 1573 1721 1608 est,
1749 1568 1838 1609 quod
1861 1569 1936 1610 quis

1240 1619 1325 1651 edit.
1370 1619 1426 1651 Ita
1447 1619 1457 1635 ‘
1476 1619 1683 1650 documenta
1699 1618 1828 1659 egregii
1847 1619 1939 1659 prin-

1238 1670 1346 1711 cipis'
1377 1680 1432 1710 ap.
1458 1669 1553 1701 Suet.
1580 1669 1682 1701 Galb.
1708 1679 1782 1710 cap.
1800 1672 1852 1701 14.
1875 1679 1938 1710 per

1238 1730 1314 1761 quae
1326 1720 1429 1752 docet
1440 1729 1476 1750 se
1489 1719 1592 1750 talem
1603 1718 1767 1750 futurum.
1810 1719 1937 1750 Haereo

1237 1771 1353 1812 igitur,
1369 1780 1432 1802 nec
1456 1770 1537 1801 satis
1560 1769 1644 1809 scio,
1667 1779 1710 1800 an
1731 1769 1796 1800 hoc
1817 1769 1939 1801 admit-

1238 1820 1377 1851 tendum
1394 1820 1437 1850 sit
1454 1823 1680 1859 augmentum.
1703 1817 1807 1856 Schef.

1281 1871 1299 1910 ς
1324 1873 1344 1901 4
1370 1870 1459 1905 Quod
1478 1869 1571 1900 etiam
1583 1869 1683 1907 ipsum
1705 1866 1855 1898 auxilium
1869 1876 1938 1898 cum

1238 1921 1359 1951 miseris
1381 1918 1567 1960 eriperetur]
1589 1918 1673 1948 Mss.
1688 1916 1842 1947 nonnulli
1859 1926 1937 1948 cum

1237 1971 1335 2003 Junt.
1358 1980 1386 2010 q.
1399 1979 1466 2000 cum
1488 1969 1580 2000 etiam
1599 1967 1621 1999 τ’.
1637 1977 1666 1999 α.
1682 1967 1804 1998 unicum
1823 1967 1893 1999 mis.
1908 1977 1937 1999 e.

1239 2020 1356 2051 Graev.

1281 2072 1299 2110 ξ
1311 2073 1331 2100 6
1344 2068 1568 2110 Thrasybulus]
1576 2066 1695 2109 Τυριεὺς
1705 2065 1939 2106 ὀνομαζόμενος.

1239 2119 1345 2151 Diod.
1363 2127 1438 2151 x1v.
1455 2121 1508 2150 33.
1551 2117 1632 2148 Vid.
1649 2118 1735 2149 Xen.
1753 2117 1798 2148 H.
1817 2117 1878 2148 Gr.
1895 2126 1938 2148 11.

1239 2169 1343 2200 Paus.
1355 2169 1492 2200 Atticis.
1509 2169 1668 2207 Bongars.
1705 2167 1797 2198 Huic
1815 2167 1824 2183 ‘
1836 2167 1939 2198 nemi-

1239 2228 1316 2250 nem
1353 2218 1519 2259 praeferre
1549 2226 1584 2248 se
1622 2216 1701 2257 fide,
1737 2216 1940 2256 constantia,

1238 2268 1467 2308 magnitudine
1475 2267 1589 2306 animi,
1600 2267 1632 2298 in
1644 2266 1788 2307 patriam
1801 2266 1939 2306 amore,'

1237 2318 1357 2350 scribit
1372 2318 1405 2348 in
1423 2318 1494 2358 ejus
1510 2317 1591 2348 Vita
1608 2316 1749 2347 Probus.
1772 2316 1872 2347 Bern.

1282 2367 1420 2408 Nobilis]
1451 2366 1554 2399 Prob.
1599 2367 1608 2384 ⁴
1622 2366 1726 2397 Multi
1749 2375 1826 2397 eum
1841 2365 1938 2398 nobi-

1237 2418 1336 2449 litate
1353 2416 1670 2458 praecucurrerunt.'
1703 2417 1808 2456 Bong.

1281 2469 1476 2507 Audendum,
1489 2467 1559 2508 ἐξα]
1593 2468 1684 2498 Saxo
1708 2475 1784 2498 xlv,
1816 2477 1848 2507 ρ.
1864 2469 1938 2499 258.

1240 2521 1291 2549 53.
1316 2519 1325 2534 ‘
1340 2518 1544 2549 Audendum
1559 2516 1684 2558 aliquid
1697 2526 1772 2547 cum
1785 2517 1938 2557 periculo

1240 2567 1365 2599 ratus:’
1388 2577 1420 2608 p.
1436 2570 1512 2598 357.
1528 2569 1559 2598 7.
1609 2568 1618 2584 ‘
1634 2566 1705 2598 Pro
1722 2567 1835 2607 patria
1849 2565 1936 2598 diffi-

1240 2617 1318 2649 cilia
1333 2617 1458 2648 audere
1473 2616 1615 2648 solitus!

1286 2667 1395 2698 Etiam
1419 2677 1487 2698 cum
1510 2666 1662 2707 periculo]
1701 2665 1884 2708 Δράσαντάς
1907 2679 1939 2697 τι

1240 2718 1290 2749 καὶ
1302 2719 1488 2749 κινδυνεῦσαι
1498 2719 1552 2750 δεῖ.
1595 2717 1750 2759 Thucyd.
1767 2727 1792 2749 1.
1806 2721 1837 2750 4.
1854 2723 1884 2750 5.
1901 2723 1938 2750 et

1240 2778 1293 2800 ιιι.
1309 2772 1340 2800 9.
1355 2772 1386 2800 4.
1430 2769 1531 2802 Quod
1546 2768 1675 2800 dictum
1691 2767 1734 2799 ad
1751 2769 1936 2809 ancipitem

1240 2817 1344 2849 febris
1371 2818 1515 2850 liecticae
1549 2827 1664 2850 curam
1701 2818 1938 2850 accommodat

1241 2867 1394 2899 Galenus
1409 2868 1518 2899 Meth.
1541 2868 1635 2899 Med.
1651 2876 1686 2900 x.
1703 2870 1754 2899 10.
1799 2867 1844 2899 Et
1862 2877 1937 2908 pro·

1242 2917 1357 2950 verbio
1390 2919 1560 2959 jactatum
1605 2921 1702 2959 patet
1747 2926 1789 2949 ex
1824 2917 1936 2950 AEscli.
