2174 3424
484 324 487 325 ⁷
528 344 612 387 650

529 452 598 488 tur,
619 447 630 466 ‘
645 446 706 479 ne’
730 447 920 488 antecedit3
958 459 1031 481 cum
1057 449 1090 481 in
1114 450 1222 481 altero

526 498 585 529 illo
608 497 617 514 ‘
633 507 698 529 non
713 498 813 529 modo
825 498 833 511 ’
855 499 1046 536 antecedat,
1069 500 1079 517 ‘
1094 509 1134 530 ne
1146 500 1154 513 '
1170 510 1221 530 se-

525 552 660 589 quatur.
715 548 842 579 Rursus
856 557 906 579 Χῐ.
921 552 951 581 8.
966 552 997 581 4.
1018 550 1027 566 ‘
1043 550 1119 580 Non
1143 559 1220 589 spes

524 597 625 628 modo
640 598 791 637 remedii,
805 598 863 628 sed
876 608 940 629 nec
956 599 1075 630 dilatio
1091 600 1221 640 pericu-

524 647 562 686 li,
583 647 823 686 inveniretur3’
847 658 921 689 pro,
943 658 1009 679 non
1035 649 1131 680 modo
1152 659 1219 680 non

525 707 603 738 spes
629 708 710 729 rem.
754 697 868 739 Atque
893 699 942 729 ita
963 699 1086 739 passim
1103 700 1218 731 etalii.

522 748 595 781 Liv.
622 758 647 780 1.
674 751 726 779 40.
750 748 760 765 ‘
777 749 931 789 Regnare
953 749 1131 789 advenam,
1153 759 1216 781 non

521 798 621 830 modo
636 799 768 838 vicinae,
788 799 847 830 sed
869 809 909 829 ne
927 798 1055 830 Italicae
1073 800 1218 840 quidem,

522 847 662 888 stirpis.’
690 848 762 879 Vor.

567 898 726 928 Generare
749 897 898 937 homines]
923 897 977 928 Ita
1000 908 1076 929 mox
1099 897 1159 930 inf.
1182 908 1216 929 n.

523 950 574 978 18.
597 948 847 978 Persuaserunt
863 947 952 978 euim
970 948 1048 979 olim
1066 949 1129 979 sibi
1144 959 1218 989 pro-

521 995 591 1028 fani
627 997 797 1035 Gentiles,
829 1001 866 1028 ut
904 998 1087 1029 etiamnum
1119 999 1217 1030 hodie

521 1046 690 1083 Sinenses,
723 1046 872 1077 homines
899 1047 993 1078 initio
1025 1058 1100 1079 cum
1133 1053 1217 1080 cett.

519 1097 757 1133 animantibus,
773 1106 839 1127 non
856 1107 874 1127 a
890 1097 963 1128 Deo
978 1097 1143 1136 conditos,
1158 1097 1217 1128 sed

519 1155 539 1177 e
554 1151 657 1186 terra,
670 1146 825 1186 stirpium
842 1146 1003 1185 adinstar,
1019 1152 1120 1179 ortos.
1140 1147 1216 1179 Vid.

518 1196 620 1228 Diod.
637 1205 659 1228 1.
672 1199 703 1228 7.
748 1196 796 1226 Eo
809 1199 942 1235 spectat
960 1195 1215 1228 Atheniensium

519 1246 690 1287 gloriatio,
707 1256 804 1287 quam
823 1246 992 1286 Diogenes
1014 1247 1159 1287 Cynicus
1175 1248 1214 1279 iis

519 1306 595 1327 cum
609 1296 756 1327 muribus
769 1300 804 1326 et
820 1296 990 1326 lumbricis
1004 1306 1214 1328 communem

518 1346 667 1384 (licebat,
691 1355 766 1376 esse
791 1354 826 1375 se
851 1343 1050 1384 αὐτόχθονας,
1074 1346 1105 1378 h.
1128 1356 1159 1377 e.
1177 1353 1215 1378 ut

520 1397 650 1427 Noster
676 1394 737 1426 inf.
755 1403 795 1425 11.
812 1398 844 1425 6.
859 1397 890 1425 4.
907 1395 965 1434 ait,
993 1396 1002 1412 ‘
1023 1395 1139 1426 eodem
1165 1396 1214 1426 in-

517 1450 614 1476 natos
644 1444 736 1476 solo.'
780 1444 846 1475 Sed
874 1445 943 1484 huj.
971 1444 1212 1485 profanitatem

519 1497 697 1527 sententiae
711 1494 838 1526 refutat
851 1496 1045 1526 Lactantius
1058 1496 1099 1526 de
1114 1498 1214 1528 Falsa

516 1546 625 1586 Reiig.
643 1556 684 1577 11.
701 1548 751 1576 12.
775 1546 908 1576 Bernec.
931 1546 985 1576 Sic
1001 1547 1101 1586 paulo
1118 1552 1211 1587 post:

515 1597 524 1613 ‘
544 1597 677 1629 Quanto
695 1596 785 1636 prior
797 1606 940 1636 quaeque
958 1605 1031 1636 pars
1047 1602 1210 1629 terrarum

516 1646 643 1678 siccata
659 1645 735 1685 fuit,
756 1651 852 1677 tanto
869 1647 962 1686 prius
985 1648 1138 1678 animalia
1156 1658 1212 1688 ge-

515 1705 632 1727 nerare
648 1695 810 1736 coepisse!
832 1697 951 1736 virgil.
967 1706 1006 1728 11.
1024 1698 1067 1728 G.
1101 1700 1109 1715 ‘
1127 1699 1211 1729 Cum

515 1746 660 1786 primum
682 1747 791 1777 lucem
818 1746 966 1786 pecudes
989 1748 1144 1787 hausere,
1164 1749 1213 1779 vi-

514 1805 655 1837 rumque
672 1797 795 1827 Ferrea
809 1797 989 1836 progenies
1001 1797 1092 1828 duris
1109 1803 1213 1838 caput

516 1846 639 1877 extulit
655 1846 766 1876 arvis.'
794 1846 865 1877 Vor.

561 1895 670 1934 Tueri]
693 1895 762 1926 Cic.
778 1904 859 1926 xm.
884 1896 977 1926 Fam.
1004 1898 1055 1927 11.
1088 1898 1097 1913 ‘
1113 1897 1213 1928 Sarta

513 1948 608 1976 tecta
637 1944 759 1975 aedinm
795 1954 967 1976 sacrarum
998 1946 1211 1988 locorumque

515 1994 741 2025 communium
767 1994 888 2025 tueri:’
925 2000 960 2025 et
984 2005 1009 2026 1.
1033 1997 1131 2028 Verr.
1158 2001 1210 2029 50.

513 2044 522 2060 ‘
541 2044 660 2075 AEdem
690 2044 842 2075 Castoris
871 2044 913 2076 P.
942 2045 1062 2077 Junius
1092 2047 1209 2078 habuit

514 2094 698 2126 tuendam!
741 2095 850 2127 JCtus
879 2096 1004 2126 Valens
1032 2097 1065 2126 in
1088 2097 1125 2129 L.
1157 2101 1208 2129 12.

515 2144 556 2175 D.
574 2144 615 2174 de
634 2145 748 2184 Legat.
765 2154 818 2176 ιιι.
836 2147 845 2163 ⁶
861 2145 995 2176 Stichus
1011 2146 1097 2177 liber
1111 2153 1208 2186 esto;

513 2199 562 2234 et,
585 2199 622 2225 ut
646 2204 722 2225 eum
746 2195 844 2225 heres
872 2195 1054 2227 artificium
1076 2197 1210 2238 doceat,

512 2244 603 2275 unde
630 2254 665 2275 se
689 2245 775 2275 tueri
797 2246 915 2285 possit,
930 2246 1035 2285 peto.‘
1081 2249 1207 2279 Eadem

512 2294 644 2325 ratione
680 2296 810 2325 tutelam
844 2301 1049 2335 usurparunt
1089 2298 1208 2338 optimi

512 2345 645 2386 quique,
670 2350 707 2376 ut
726 2344 783 2376 inf.
800 2354 874 2376 xvr.
901 2349 929 2377 3.
975 2347 983 2362 ‘
1002 2346 1042 2377 In
1067 2348 1208 2379 tutelam

513 2396 630 2427 classis
649 2395 811 2427 tributum
835 2396 1055 2427 describere:’
1077 2402 1112 2428 ct
1128 2399 1206 2429 Sen.

513 2445 555 2476 ad
585 2445 687 2476 Helv.
714 2448 744 2475 9.
768 2447 776 2462 ‘
793 2446 898 2476 Terra
922 2446 977 2476 vix
1000 2446 1042 2476 ad
1068 2448 1206 2479 tutelam

510 2496 728 2526 incolentium
750 2494 872 2526 fertilis
886 2495 906 2526 ε’
930 2501 964 2527 et
984 2496 1100 2527 Celsus
1117 2498 1151 2528 in
1168 2499 1205 2530 L.

510 2548 563 2576 30.
582 2545 624 2575 D.
649 2545 692 2575 de
718 2546 834 2584 Legat.
852 2554 892 2576 11.
916 2546 925 2563 ‘
944 2546 1045 2586 Reip.
1069 2547 1144 2588 lego
1171 2549 1205 2579 in

510 2595 652 2626 tutelam
671 2594 757 2626 viae.’
780 2596 913 2627 Gronov.
957 2597 966 2613 ‘
982 2597 1098 2628 Tneri'
1115 2598 1205 2631 idem

510 2644 563 2676 hic
579 2650 632 2676 est
648 2645 748 2686 quod,
764 2646 868 2685 alere,
883 2650 1085 2679 sustentare.
1133 2650 1204 2681 Cic.

511 2705 572 2735 pro
599 2695 714 2726 Deiot.
752 2697 761 2712 ‘
792 2695 907 2727 Antea
936 2698 1026 2728 alere
1063 2700 1205 2740 majores

510 2745 626 2785 copias
666 2750 813 2785 poterat,
848 2756 937 2777 nunc
974 2748 1111 2788 exiguas
1147 2750 1202 2781 vix

510 2795 597 2825 tueri
622 2796 759 2835 potest!
806 2797 896 2837 Nep.
926 2797 1047 2837 Epam.
1083 2800 1093 2816 ‘
1114 2799 1205 2831 Ami-

509 2853 622 2875 corum
640 2846 672 2875 in
690 2855 724 2876 se
748 2846 875 2878 tuendo
900 2847 1011 2878 caruit
1033 2846 1203 2881 facultati-

509 2893 595 2925 bus!
626 2895 696 2927 Vor.

982 355 1123 386 NOTAE
1156 354 1421 386 VARIORUM
1454 355 1506 386 IN

1314 449 1332 489 ᾧ
1356 451 1375 480 8
1399 449 1495 480 Nulla
1515 452 1599 480 terra
1615 448 1771 490 feracior]
1794 449 1966 481 Fertilita-

1271 502 1338 530 tem
1370 499 1506 540 AEgypti
1525 500 1714 540 praedicant
1738 504 1773 531 et
1795 500 1965 531 Isocrates

1270 548 1303 579 in
1321 549 1462 581 Laudat.
1478 549 1657 589 Busiridis,
1671 549 1810 590 Joseph.
1827 551 1867 580 B.
1882 549 1965 582 Jud.

1269 608 1305 629 v.
1324 602 1375 630 11.
1391 600 1455 630 &c.
1482 599 1640 639 Egesipp.
1664 608 1714 630 1v.
1742 602 1794 630 27.
1817 599 1900 630 Tac.
1918 597 1965 630 H.

1268 658 1324 679 111.
1350 652 1379 680 5.
1396 648 1484 680 Plin.
1500 649 1630 689 Paneg.
1646 658 1675 680 c..
1692 651 1744 680 30.
1766 652 1802 680 et
1819 651 1872 680 31.
1888 658 1964 680 cum

1267 699 1351 730 aliis.
1374 700 1471 730 Bern.

1309 749 1325 788 ᾗ
1342 751 1362 779 9
1389 748 1449 779 Ubi
1464 748 1586 778 educari
1590 747 1742 785 facillime
1753 748 1890 789 possent]
1907 748 1962 779 Sic

1268 801 1303 828 et
1316 797 1414 829 Junt.
1440 798 1516 828 Non
1534 797 1690 828 audiendi
1706 802 1784 829 sunt
1800 799 1846 829 illi
1861 798 1962 829 codd.

1267 846 1324 887 qui
1359 852 1558 887 expungunt
1572 846 1677 883 facili.
1722 847 1957 888 AEgyptiorum

1267 897 1330 927 hoc
1342 895 1407 927 fuit
1421 901 1676 937 argumentum:
1694 897 1865 928 Credibile
1877 907 1964 937 esse,

1267 945 1313 976 ibi
1336 946 1460 985 primos
1475 946 1624 976 homines
1648 946 1825 986 prodiisse,
1841 946 1899 977 ubi
1914 945 1963 978 fa-

1267 996 1389 1027 cillime
1406 997 1581 1036 potuerint
1598 1001 1739 1036 propter
1755 997 1832 1027 coeli
1849 1001 1884 1028 et
1900 997 1963 1028 soli

1266 1046 1512 1086 benignitatem
1546 1046 1693 1077 educari.
1750 1047 1862 1077 Facili.
1894 1052 1961 1086 est,

1267 1096 1299 1127 in
1327 1106 1445 1137 magna
1469 1107 1579 1128 rernm
1605 1096 1789 1137 affluentia,
1812 1107 1894 1139 quas
1914 1098 1962 1129 ibi

1267 1146 1335 1177 fert
1353 1152 1443 1178 terra
1459 1148 1492 1178 in
1515 1148 1655 1178 tutelam
1672 1148 1851 1179 hominum.
1896 1147 1962 1179 Illa

1266 1197 1327 1227 soli
1353 1196 1555 1228 foecunditas
1579 1207 1676 1238 quam
1703 1197 1890 1237 praedicant
1908 1197 1962 1228 AE·

1265 1247 1372 1286 gyptii
1389 1247 1420 1277 iu
1433 1248 1541 1278 verbis
1554 1247 1726 1287 praecedd.
1740 1246 1959 1286 significatur.

1265 1296 1405 1327 Porcius
1424 1298 1528 1328 Latro
1544 1298 1576 1327 iu
1590 1298 1669 1328 Vita
1679 1297 1847 1327 Terentii:
1871 1299 1880 1314 ‘
1899 1297 1962 1328 Ni-

1264 1346 1309 1376 hil
1336 1347 1474 1378 Publius
1497 1347 1611 1387 Scipio
1639 1345 1775 1387 profuit,
1800 1346 1882 1376 nihil
1912 1346 1961 1378 illi

1264 1397 1402 1435 Laelius,
1418 1397 1498 1427 nihil
1522 1397 1651 1427 Furius.
1696 1397 1776 1426 Tres
1793 1406 1853 1436 per
1869 1396 1959 1427 idem

1264 1450 1396 1486 tempus
1423 1447 1598 1486 agitabant
1622 1445 1751 1476 nobiles
1777 1445 1960 1478 facillime!

1263 1496 1343 1536 Ipse
1361 1496 1500 1527 Terent.
1522 1496 1669 1536 Adelph.
1687 1504 1743 1526 111.
1760 1498 1791 1527 4.
1823 1495 1832 1512 ‘
1849 1496 1959 1528 Quam

1263 1556 1320 1576 vos
1337 1545 1496 1577 facillime
1512 1547 1623 1586 agitiS,
1649 1555 1746 1586 quam
1763 1545 1845 1576 estis
1867 1556 1959 1577 max-

1262 1596 1327 1627 ime
1351 1596 1539 1628 Potentes.’
1571 1596 1717 1627 Theocr.
1742 1596 1840 1637 Idyll.
1857 1605 1908 1627 xx.
1924 1599 1958 1628 7.

1263 1646 1352 1677 Οὕτω
1366 1648 1441 1685 ’γοῦν
1451 1645 1562 1686 ράϊστα
1577 1647 1654 1684 διᾶγ’
1670 1647 1686 1676 ὁ
1710 1644 1843 1686 Κύκλωψ
1857 1647 1873 1676 ὁ
1887 1646 1958 1687 παρ’

1261 1697 1341 1736 ἡμῖν.
1366 1699 1421 1729 Sic
1433 1699 1563 1738 Cyclops
1575 1707 1624 1737 ap.
1638 1706 1691 1727 nos
1697 1696 1850 1734 facillime
1864 1697 1958 1728 vixit.

1262 1749 1377 1780 Graev.
1408 1748 1509 1787 Angl.
1535 1757 1600 1778 non
1624 1747 1778 1787 agnoscit
1794 1745 1897 1784 facili.
1922 1750 1958 1778 et

1261 1807 1340 1829 sane
1368 1798 1480 1838 priora
1504 1797 1629 1829 docent
1651 1801 1886 1837 argumentum
1901 1797 1958 1828 AE-

1260 1848 1450 1888 gyptiorum
1475 1848 1536 1878 hoc
1562 1845 1684 1877 fuisse:
1711 1845 1874 1876 Homines
1890 1845 1958 1886 pri·

1259 1907 1348 1928 mum
1366 1903 1462 1928 natos
1478 1896 1536 1935 ibi,
1551 1896 1605 1927 ubi
1622 1896 1764 1936 primum
1782 1895 1958 1935 potuerint

1259 1947 1419 1985 educari;
1443 1947 1475 1977 in
1502 1946 1645 1987 Scythia
1668 1946 1745 1986 quia
1770 1950 1840 1976 tum
1875 1955 1957 1978 non-

1259 1996 1335 2027 dum
1351 1996 1486 2028 fuerant
1504 1997 1641 2027 inventa
1656 1995 1855 2026 vestimenta
1877 2005 1956 2027 con-

1258 2051 1310 2077 tra
1326 2046 1445 2087 frigus.
1491 2047 1543 2077 De
1560 2046 1728 2077 facilitate
1748 2046 1800 2077 vel
1813 2045 1955 2077 difficul-

1258 2100 1330 2127 tate
1342 2096 1508 2127 educandi
1519 2105 1628 2127 sermo
1642 2095 1836 2127 fnitnullus.
1852 2095 1956 2134 Schef.

1299 2147 1316 2185 ᾧ
1352 2149 1389 2177 11
1426 2145 1586 2176 Animalia
1619 2155 1742 2186 quaeque
1775 2146 1953 2187 generasse]

1255 2196 1350 2228 Junt.
1378 2196 1426 2226 sic
1455 2200 1563 2234 recte,
1580 2195 1667 2237 quod
1695 2200 1729 2226 et
1747 2196 1859 2227 Oxon.
1887 2197 1953 2228 MS.

1256 2245 1357 2276 fidem
1380 2245 1486 2276 secuti
1505 2245 1712 2285 probarunt:
1745 2247 1856 2287 vulgo,
1879 2257 1952 2287 quo-

1255 2305 1312 2335 que
1323 2305 1356 2333 g.
1378 2295 1490 2326 Graev.

1299 2347 1315 2386 ξ
1344 2348 1381 2376 13
1409 2345 1532 2380 Quanto
1554 2344 1672 2383 coelum,
1692 2344 1762 2384 ξω]
1785 2345 1795 2362 ‘
1812 2344 1954 2385 Ingenia

1255 2395 1426 2426 hominnm
1450 2394 1574 2434 ubique
1597 2395 1745 2425 locorum
1771 2394 1854 2425 situs
1884 2394 1953 2426 for·

1255 2449 1347 2484 mat,'
1364 2447 1460 2476 Curt.
1481 2454 1561 2476 vul.
1578 2447 1610 2476 9.
1626 2447 1678 2475 26.
1701 2445 1710 2461 ‘
1729 2444 1859 2476 Positio
1874 2445 1952 2476 coeli

1254 2496 1452 2536 corporibus
1468 2495 1616 2525 habitum
1638 2495 1719 2534 dat,’
1739 2495 1820 2526 Tac.
1837 2494 1902 2536 Ag.
1918 2505 1950 2527 c.

1255 2549 1306 2578 ll.
1331 2547 1438 2578 Quem
1461 2544 1671 2585 Linsigniter
1686 2544 1832 2575 illustrat
1849 2545 1951 2577 Grut.

1253 2597 1340 2628 Diss.
1355 2605 1436 2627 xnv.
1459 2595 1501 2626 ad
1522 2596 1600 2626 Tac.
1614 2594 1800 2625 Addendus
1817 2596 1948 2627 Erasm.

1254 2647 1363 2687 Adag.
1386 2648 1395 2663 ‘
1413 2647 1528 2676 Mores
1555 2645 1724 2675 hominum
1752 2645 1881 2685 regioni
1898 2653 1949 2676 re-

1252 2694 1454 2738 spondent:'
1478 2699 1513 2725 et
1530 2695 1654 2734 Veget.
1670 2703 1694 2724 1.
1710 2696 1741 2724 2.
1762 2694 1862 2726 Bern.

1294 2746 1427 2785 Ingenia
1451 2743 1590 2783 duriora]
1622 2743 1800 2783 Ingenium
1826 2744 1947 2776 durum

1249 2797 1283 2828 h.
1297 2797 1315 2828 l.
1339 2800 1403 2835 est,
1417 2795 1561 2832 firmum,
1584 2793 1739 2832 solidum,
1761 2797 1796 2823 et
1813 2793 1901 2834 quod
1918 2803 1947 2826 s.

1251 2856 1312 2887 spe
1327 2856 1353 2877 s.
1370 2849 1463 2877 metu
1475 2842 1563 2875 haud
1579 2841 1680 2874 facile
1695 2848 1945 2884 permoveatur.

1251 2897 1282 2929 F
1280 2896 1329 2927 ab.
