2101 3419
408 374 494 416 916

452 479 504 518 §7
528 477 700 518 Bomilcar,
726 488 783 509 rex
808 478 991 519 Poenorum]
1025 480 1106 511 Car-

407 527 667 568 thaginiensium
689 528 792 560 duces
816 530 919 560 etiam
941 540 1040 570 reges
1054 531 1104 561 di-

406 582 539 608 cuntur.
585 577 763 610 Hannonis
779 579 937 620 Periplus
953 580 1104 612 inscribi-

404 631 471 665 tur,
481 626 632 658 ’Ἄννωνος
646 629 864 669 Καρχηδονίων
875 629 1043 665 βασιλέωςε
1068 636 1104 662 et

404 676 536 716 Imilco,
551 676 593 707 de
609 688 673 717 quo
690 689 765 719 sup.
780 688 858 711 xlx.
874 682 906 711 2.
921 683 996 712 et3.
1019 682 1028 698 ‘
1043 690 1102 711 rex

405 725 734 767 Carthaginiensium
748 728 757 742 '
773 729 814 760 ab
829 729 928 761 Oros.
941 739 990 761 lv.
1004 733 1035 761 6.
1053 731 1102 761 di-

403 775 504 807 citur.
549 776 646 817 Ideo,
658 778 790 818 opinor,
804 779 883 820 quia
899 780 1101 821 plerumque

402 831 601 866 perpetuam
627 829 866 859 auctoritatem
886 828 1100 861 obtinebant.

402 876 550 917 Procop.
567 886 591 908 1.
616 877 658 908 de
682 879 723 909 B.
742 879 846 910 Goth.
869 879 1030 910 barbaros
1052 880 1101 911 ait

402 926 506 958 duces
521 937 610 966 suOS,
626 937 738 968 reges,
755 939 890 960 vocare.
936 930 1011 961 Vid.
1024 940 1099 971 quae

400 976 514 1006 notavi
531 977 572 1007 ad
590 986 693 1008 xxm.
710 982 742 1010 2.
758 982 788 1009 9.
817 980 918 1019 Bong.

445 1028 461 1067 ξ
479 1029 499 1057 8
527 1028 571 1058 Ut
585 1028 665 1058 idem
677 1029 770 1067 locus,
785 1029 855 1068 Sym]
878 1030 934 1060 Ita
949 1030 1097 1060 Manlius

401 1077 562 1117 Capitolii
574 1083 739 1118 servator,
757 1077 906 1109 affectati
918 1080 1012 1119 regni
1023 1088 1098 1109 con-

400 1128 592 1168 demnatus,
614 1131 623 1146 ‘
642 1130 685 1160 de
708 1140 788 1161 saxo
812 1130 957 1170 Tarpeio
983 1130 1098 1170 dejici-

399 1181 476 1216 tur;
497 1178 655 1219 locusque
678 1179 768 1210 idem
782 1180 814 1210 in
831 1189 898 1210 uno
913 1179 1045 1210 homine
1062 1184 1097 1210 et

396 1228 528 1259 eximiae
541 1229 657 1268 gloriae
672 1231 927 1269 monimentum,
938 1235 973 1260 et
987 1239 1096 1270 poenae

397 1277 525 1309 ultimae
542 1278 632 1310 fuit.’
678 1280 752 1310 Liv.
770 1289 819 1310 Vl.
837 1282 890 1311 20.
903 1283 957 1310 26.
995 1280 1094 1311 Rern.

440 1329 515 1368 §10
553 1329 662 1360 Tacita
685 1329 857 1371 suffi'ugia]
895 1331 950 1361 De
975 1330 1095 1371 quibus

396 1385 490 1409 xxn.
507 1380 539 1410 3.
555 1382 587 1410 6.
610 1379 710 1411 Idem.

440 1427 527 1458 CAP.
545 1437 627 1459 vm.
651 1431 699 1470 §l
742 1429 926 1470 profligatis
936 1429 970 1459 in
980 1428 1095 1467 Africa

392 1477 495 1518 rebus]
529 1479 715 1519 Profligatae
741 1490 789 1511 res
815 1490 875 1521 pro
902 1479 1034 1511 afflictis
1058 1484 1094 1511 et

395 1528 552 1568 perditis.
600 1529 671 1560 Cic.
698 1538 753 1561 111.
779 1530 822 1560 de
850 1529 950 1561 Orat.
981 1533 989 1546 ‘
1007 1530 1093 1560 Cum

395 1577 575 1618 Philippus
591 1579 658 1609 suis
675 1580 824 1610 consiliis
845 1589 954 1621 remp.
978 1579 1092 1620 profli-

393 1627 529 1667 gasset.'
573 1627 689 1669 Atque
705 1629 784 1659 iude
807 1633 860 1660 est
883 1627 972 1670 q'uod
988 1629 1092 1660 homi-

392 1687 470 1709 nem
497 1678 667 1719 perditum
695 1684 731 1710 et
753 1681 763 1696 ⁴
781 1678 1017 1720 profligatum’
1043 1679 1091 1709 di-

392 1733 486 1760 cunt.
516 1729 619 1762 Vorst.
664 1729 740 1760 Hoc
752 1730 852 1769 rebus,
864 1729 1023 1770 quicquid
1035 1738 1092 1760 ex-

390 1779 535 1818 plicent,
548 1784 743 1819 suspectum
758 1779 834 1810 mihi
848 1783 972 1810 manet.
999 1778 1090 1810 Quo-

391 1828 490 1859 modo
507 1829 597 1859 enim
613 1829 749 1860 tandem
768 1838 906 1860 necesse
922 1833 1033 1869 est,ut
1047 1828 1090 1859 de

391 1878 662 1909 adversariorum
699 1879 799 1910 rebus
837 1879 955 1919 magis,
990 1889 1090 1920 quam

390 1928 538 1969 propriis
554 1928 750 1968 Agathoclis
767 1928 976 1969 accipiatur?
1022 1929 1089 1959 Res

390 1978 530 2019 quidem
553 1979 672 2018 exigit,
695 1983 731 2009 at
755 1978 859 2009 verba
883 1977 1089 2009 contrarium

390 2028 503 2069 potius
529 2029 717 2069 requirunt.
761 2028 819 2058 Sic
846 2027 934 2058 enim
957 2027 966 2043 ‘
987 2026 1088 2057 rebus

388 2078 556 2119 integris,’
586 2083 595 2095 “
613 2078 713 2109 rebus
737 2076 906 2118 perditis,'
928 2077 1090 2116 intelligi-

388 2137 462 2159 mus
489 2128 531 2158 de
562 2127 699 2167 nostris,
727 2127 791 2158 nisi
823 2125 904 2167 quid
934 2125 1088 2157 addatur.

387 2177 512 2219 Itaque
528 2177 664 2208 omnino
679 2176 783 2208 credo
795 2175 968 2208 ,Iustinum
981 2174 1087 2215 scrip-

387 2227 472 2258 sisse
494 2227 676 2268 profligatis
697 2227 730 2256 in
753 2225 864 2264 Africa
888 2225 1022 2264 regibus,
1047 2234 1088 2257 ac

388 2277 601 2308 intellexisse
624 2277 850 2308 Bomilcarem
874 2275 1088 2316 Carthagini-

388 2327 518 2358 ensium
541 2332 577 2358 et
601 2326 782 2366 Aphellam
806 2326 1014 2367 Cyrenarum
1039 2334 1088 2356 re-

388 2386 460 2417 geS.
484 2376 592 2414 Schef.
638 2376 724 2407 Haec
747 2386 812 2407 non
836 2380 1003 2416 ceperunt
1026 2376 1087 2407 viri

387 2426 491 2458 docti.
536 2427 613 2457 Non
630 2427 718 2457 enim
735 2430 786 2457 est
800 2425 888 2457 rebus
899 2425 1087 2466 profligatis,

387 2480 426 2507 ut
443 2476 559 2507 Vorst.
578 2475 732 2515 exponit,
757 2475 858 2506 rebus
876 2475 1031 2515 perditis,
1052 2480 1087 2505 et

387 2523 522 2556 afflictis
535 2536 544 2563 ς
567 2525 626 2555 sed
640 2525 739 2565 plane
753 2525 974 2564 contrarium,
987 2524 1087 2556 rebus

386 2574 583 2605 felicissime
600 2574 706 2614 gestis
729 2574 762 2604 in
787 2573 914 2613 Africa,
936 2583 1011 2605 cum
1031 2582 1085 2604 res

388 2626 580 2658 felicissime
596 2627 778 2658 cessissent
800 2627 835 2657 in
858 2626 988 2666 Africa,
1009 2636 1085 2658 cum

388 2677 532 2708 inultum
563 2675 764 2717 profecisset
794 2677 827 2707 in
858 2676 959 2717 bello,
995 2676 1085 2717 quod

360 2740 367 2744 ’
387 2727 512 2767 agebat
527 2727 562 2757 in
579 2725 710 2766 Africa,
723 2731 760 2758 ut
773 2725 843 2757 fere
856 2735 917 2767 pro
929 2726 1085 2757 confecto

386 2777 584 2808 haberetur.
629 2776 807 2816 Profligare
829 2776 916 2807 enim
939 2781 990 2807 est
1006 2776 1087 2807 mul-

389 2832 459 2857 tum
470 2826 637 2867 proficere
651 2827 683 2857 in
696 2827 808 2867 aliqua
818 2836 866 2866 re,
878 2826 926 2858 ita
938 2832 975 2858 ut
989 2836 1085 2867 paene

389 2877 431 2907 ad
448 2877 575 2908 exitum
591 2876 791 2908 deducatur.
835 2877 965 2908 Noster
981 2885 1042 2907 xx.
1054 2878 1075 2907 4

387 2927 396 2943 ‘
418 2926 458 2957 Iu
473 2926 656 2967 juventute
681 2931 841 2967 quantum
869 2925 1086 2968 profligatum

863 386 1004 416 NOTAE
1039 386 1301 419 VAR10RUM
1336 388 1387 419 IN

1152 481 1207 521 sit,
1217 481 1298 512 victi
1306 480 1516 513 foeminarum
1525 484 1739 513 contumaces
1748 481 1849 514 animi

1151 533 1401 566 manifestant?
1431 535 1462 566 h.
1479 544 1508 566 e.
1535 538 1694 575 qnantum
1714 534 1749 564 in
1772 543 1849 565 eru-

1151 584 1276 615 dienda
1292 585 1478 626 juventute
1504 583 1694 625 profecerit
1720 584 1848 625 Pytha-

1151 644 1262 675 goras.
1307 636 1378 668 Cic.
1390 645 1425 666 v.
1436 636 1535 667 Tusc.
1552 636 1562 652 ‘
1578 634 1847 675 Profligatajam

1150 686 1223 718 haec
1240 691 1275 718 et
1297 696 1385 728 pene
1410 687 1452 718 ad
1479 687 1606 718 exitum
1632 686 1781 717 adducta
1795 690 1848 717 est

1150 738 1293 778 quaestio
1304 738 1325 768 :’
1346 737 1377 769 h.
1391 747 1420 769 e.
1437 737 1478 768 de
1493 738 1554 768 hac
1571 736 1758 778 quaestione
1773 739 1847 767 tan-

1151 794 1220 818 tum
1233 788 1305 828 jam
1321 789 1463 829 egimus,
1485 792 1523 818 ut
1539 797 1648 828 pauca
1661 786 1703 817 de
1719 787 1776 817 illa
1792 796 1846 817 su-

1149 838 1282 877 persint
1297 837 1451 868 dicenda.
1493 838 1572 868 Sen.
1590 837 1633 868 de
1655 837 1757 867 Brev.
1775 836 1847 869 Vit.

1149 896 1174 917 1.
1192 890 1221 917 1.
1245 888 1254 904 ‘
1272 886 1487 918 Intellecturi
1503 887 1536 918 in
1559 887 1635 927 ipso
1651 886 1788 924 itinere,
1816 886 1845 916 si

1148 936 1246 967 modo
1270 941 1397 968 rectum
1418 936 1495 975 erit,
1519 940 1679 976 quantum
1694 935 1846 976 quotidie

1148 984 1360 1025 profligetur,
1383 991 1575 1027 quantoque
1592 985 1729 1026 propius
1745 985 1787 1016 ab
1803 994 1844 1016 eo

1148 1035 1262 1074 simus,
1273 1035 1315 1065 ad
1327 1035 1418 1076 quod
1430 1044 1489 1066 nos
1502 1035 1670 1074 cupiditas
1680 1035 1844 1066 naturalis

1146 1083 1314 1124 impellit?
1358 1085 1510 1116 Frontin.
1531 1085 1636 1116 Strat.
1653 1093 1693 1115 11.
1717 1094 1770 1116 ex.
1786 1087 1841 1115 20.

1145 1134 1155 1151 ‘
1173 1134 1247 1166 Quo
1262 1144 1386 1174 genere
1402 1144 1477 1166 cum
1502 1133 1675 1174 profligari
1697 1133 1780 1164 nihil
1795 1134 1843 1164 vi-

1146 1183 1266 1215 deret!
1324 1183 1544 1224 Ancyranum
1566 1187 1840 1214 monumentum:

1146 1232 1155 1249 ‘
1174 1233 1296 1263 Forum
1323 1233 1464 1272 Julium‚
1489 1237 1526 1264 et
1551 1233 1736 1272 basilicam,
1765 1242 1842 1273 quae

1144 1281 1209 1313 fuit
1224 1283 1315 1314 inter
1329 1282 1436 1314 aedem
1449 1283 1596 1314 Castoris
1612 1288 1648 1314 et
1659 1283 1767 1314 aedem
1782 1283 1842 1314 Sa-

1145 1334 1249 1372 turni,
1275 1337 1389 1373 coepta
1416 1332 1661 1374 profligataque
1691 1342 1798 1373 opera
1822 1341 1843 1363 a

1144 1387 1244 1423 patre
1259 1391 1332 1413 meo
1350 1382 1503 1423 perfeci!
1546 1382 1624 1414 Vid.
1638 1383 1731 1423 Lips.
1744 1383 1787 1413 ad
1801 1392 1842 1414 11.

1145 1433 1189 1464 H.
1203 1432 1287 1465 Tac.
1306 1437 1423 1464 contra
1439 1433 1585 1464 Gellium
1607 1432 1839 1473 disputantem

1144 1483 1187 1514 de
1220 1483 1284 1514 hac
1321 1483 1418 1514 istius
1455 1483 1549 1515 vocis
1585 1482 1841 1524 significatione.

1145 1535 1254 1565 Groev.

1185 1578 1203 1617 ξ
1220 1580 1240 1608 6
1266 1576 1348 1608 Belli
1358 1576 1495 1617 reliquioe
1502 1575 1712 1616 peraguntur]
1728 1575 1839 1607 Nimis

1141 1626 1222 1657 mihi
1251 1626 1396 1657 insolens
1423 1627 1497 1658 haec
1536 1626 1662 1657 locutio
1692 1625 1839 1659 videtur.

1141 1676 1282 1708 Mallem
1297 1676 1327 1707 b.
1343 1676 1461 1717 reliqua
1474 1686 1506 1717 p.
1530 1674 1646 1706 Schef.

1185 1727 1203 1766 ς
1219 1728 1238 1756 8
1267 1726 1448 1767 Versamque
1463 1726 1495 1756 in
1509 1735 1541 1756 se
1554 1724 1720 1765 invidiam]
1744 1725 1792 1757 H.
1808 1735 1840 1758 e.

1140 1776 1261 1806 malam
1281 1775 1580 1812 existimationem,
1595 1778 1631 1805 et
1644 1773 1740 1814 quasi
1754 1774 1838 1806 infa-

1140 1817 1502 1866 miamdsslnnlimpff
1514 1815 1734 1866 ssfltbten).
1761 1824 1838 1856 Hae

1140 1877 1276 1908 notione
1299 1877 1377 1908 Tac.
1404 1886 1456 1908 lv.
1482 1879 1534 1908 70.
1558 1876 1618 1915 ait,
1651 1874 1839 1915 Tiberium,

1141 1926 1228 1967 quod
1239 1927 1321 1967 ipsis
1332 1925 1489 1959 Januarii
1500 1925 1659 1957 Calendis
1670 1924 1838 1965 supplicia

1139 1977 1346 2017 mandasset,
1374 1977 1384 1994 ‘
1402 1986 1557 2017 magnam
1581 1975 1742 2006 invidiam
1766 1975 1836 2006 adi-

1138 2026 1228 2057 isse!
1271 2027 1347 2058 Liv.
1365 2035 1470 2057 xxlv.
1485 2029 1539 2057 25.
1555 2028 1585 2057 2.
1607 2026 1616 2042 ‘
1627 2026 1771 2057 Tutores
1784 2035 1836 2057 re-

1139 2076 1190 2116 gis
1205 2076 1265 2107 sub
1283 2076 1391 2108 aliena
1407 2076 1534 2107 invidia
1550 2076 1716 2116 regnant.'
1746 2077 1836 2108 Flor.

1138 2134 1193 2156 111.
1208 2129 1239 2157 6.
1253 2129 1284 2157 2.
1307 2127 1316 2144 ‘
1335 2126 1458 2157 Cilices
1475 2126 1536 2157 sub
1553 2126 1663 2157 exteri
1679 2125 1768 2166 regis
1785 2127 1837 2157 in-

1137 2174 1228 2206 vidia
1244 2175 1465 2215 praedantur.'
1506 2175 1564 2206 Ita
1578 2176 1706 2207 Noster
1720 2185 1788 2207 xu.
1801 2178 1834 2207 6.

1138 2227 1191 2255 12.
1208 2233 1284 2257 xxt.
1300 2228 1331 2255 5.
1351 2228 1402 2256 10.
1419 2230 1455 2256 et
1470 2234 1510 2257 11.
1528 2229 1558 2257 8.
1573 2228 1605 2256 9.
1628 2226 1729 2257 Ber-n.

1183 2275 1262 2306 Cum
1275 2275 1490 2315 Archagatho]
1514 2275 1618 2306 Diod.
1633 2284 1698 2306 xx.
1710 2278 1764 2307 70.
1777 2275 1835 2307 de·

1138 2324 1285 2355 seruisse
1301 2323 1386 2355 filios
1404 2325 1536 2364 scribit,
1551 2325 1606 2365 qui
1621 2334 1641 2356 a
1659 2325 1834 2365 militibus,

1137 2373 1221 2414 fuga
1234 2373 1382 2414 cognita,
1406 2372 1580 2405 interfecti
1595 2374 1673 2406 sint.
1719 2375 1831 2407 Quam

1138 2424 1326 2456 crudeliter
1350 2429 1463 2455 autem
1488 2424 1522 2455 in
1548 2424 1662 2455 Sicilia
1685 2430 1834 2456 versatus

1137 2475 1181 2506 sit
1202 2480 1278 2516 post
1294 2475 1439 2507 reditum
1456 2474 1675 2516 Agathocles,
1692 2476 1758 2517 leg.
1775 2485 1831 2517 ap.

1138 2525 1436 2557 Diod.xx.72.73.
1460 2526 1618 2564 Bongars.
1655 2525 1832 2557 AGraecis

1137 2576 1228 2607 varie
1245 2576 1438 2617 appellatur
1455 2574 1660 2616 Ἀρχάγαθος,
1682 2574 1832 2616 Ἀ’γάθαρ·

1134 2637 1203 2665 χος.
1229 2625 1314 2656 Voss.

1178 2678 1195 2717 ᾗ
1214 2679 1253 2707 10
1275 2676 1303 2707 A
1323 2675 1471 2706 Numidis
1485 2675 1621 2716 excepti]
1646 2675 1693 2707 H.
1708 2685 1739 2707 e.
1754 2675 1833 2708 insi-

1135 2727 1207 2757 dias
1223 2725 1445 2757 Numidarum
1462 2726 1561 2766 passi.
1606 2725 1679 2757 Cic.
1696 2734 1762 2757 vn.
1786 2725 1831 2757 ad

1136 2778 1210 2809 Att.
1224 2780 1279 2808 22.
1299 2778 1307 2793 ¹
1320 2778 1374 2807 De
1387 2777 1551 2817 Pompeio
1564 2786 1624 2808 suo
1635 2777 1833 2817 nihil,eum-

1136 2838 1213 2870 que,
1239 2827 1302 2859 nisi
1320 2829 1352 2859 iu
1367 2827 1478 2858 navim
1499 2837 1535 2859 se
1551 2828 1749 2867 contulerit,
1773 2837 1842 2858 ex·-

1136 2883 1273 2919 ceptum
1298 2877 1338 2908 iri
1364 2876 1472 2918 put0.'
1515 2877 1647 2909 Auctor
1669 2877 1712 2909 B.
1728 2876 1831 2909 Alex.

1137 2932 1189 2961 10.
1212 2929 1222 2946 ‘
1238 2928 1403 2962 Nonnulli
1429 2929 1470 2960 ab
1491 2928 1662 2971 equitibus
1683 2928 1828 2961 hostium
