2101 3419
461 359 656 391 JUSTlNl
691 360 784 390 mn.
816 360 1004 390 xxxw.
1035 360 1142 390 CAP.
1172 349 1212 390 2.

131 452 206 485 Tib.
223 457 277 485 55.
296 456 325 484 1.
349 453 358 471 ‘
371 453 482 493 Super
503 456 635 484 veteres
651 453 775 484 amicos
791 458 828 484 et

131 502 325 538 familiares,
342 502 459 541 viginti
476 502 535 533 sibi
550 512 568 532 e
583 511 722 533 numero
737 502 828 543 prin-

130 555 243 595 cipum
272 553 420 585 civitatis
452 554 710 593 depoposcerat,
735 553 828 584 velut

131 604 339 635 consiliarios
351 604 384 635 in
397 603 541 644 negotiis
555 602 723 643 publicis!
748 603 827 633 Ber-

130 666 244 688 neecer.
289 656 376 687 Post
396 656 406 672 ‘
419 654 639 697 prolatoque'
655 654 751 686 addit
765 656 774 672 ‘
785 654 828 685 ei’

134 705 289 736 Vincent.

171 756 338 794 Inclusum,
361 757 396 785 ut
420 757 452 785 et
476 753 588 785 amicos
608 757 741 794 caperet,
755 763 826 784 con-

128 804 242 844 sulere]
274 805 370 837 Junt.
396 804 545 835 inclusum
569 804 683 835 amicos
707 812 825 844 capere,

127 859 248 886 etcons.
285 854 385 887 Quod
396 854 476 885 mihi
490 853 629 884 arridet.
673 853 823 884 Sic‘ca-

128 914 210 948 per—e
236 903 408 943 arbitros‚'
437 906 446 921 ‘
467 903 652 945 generum,'
681 913 735 945 ap.
761 903 824 934 Te-

127 959 213 986 rent.
228 958 263 985 et
275 954 370 985 alios.
396 954 504 984 Groev.

171 1005 189 1044 ξ
212 1007 232 1035 4
253 1003 445 1043 Austerz'tus]
473 1004 539 1034 Ms.
562 1003 658 1036 Junt.
675 1008 824 1035 veteres-

128 1063 193 1095 que
205 1052 281 1083 edd.
296 1053 370 1084 aliae
382 1054 544 1093 asperitas.
569 1054 684 1085 Graev.
729 1055 823 1085 Vett.

125 1108 161 1135 et
177 1103 272 1135 Junt.
285 1113 351 1144 usp.
379 1103 534 1134 Alterum
549 1103 747 1144 glossatoris
758 1108 822 1135 est.

127 1152 231 1190 Schef.

170 1205 189 1244 ξ
211 1207 229 1235 5
252 1203 422 1235 Antiochus
433 1204 566 1245 decedit]
594 1203 744 1244 Appian.
761 1203 822 1244 Sy-

127 1253 209 1284 riae.
236 1263 268 1294 p.
300 1256 372 1284 131.
396 1254 570 1294 ‘Spoliato
601 1254 634 1284 in
663 1253 822 1294 Elymaeis

128 1304 254 1344 templo
264 1305 417 1340 Veneris,
429 1304 509 1335 tabe
520 1304 622 1344 periit
635 1304 753 1334 relicto
765 1313 823 1334 no-

126 1354 227 1385 venni
243 1353 311 1385 filio
324 1353 493 1385 Antiocho
511 1353 710 1394 Eupatore.'
742 1353 823 1384 Hie-

129 1414 201 1435 ron.
227 1404 260 1435 in
297 1405 386 1435 Dan.
411 1414 453 1435 ex
486 1404 609 1444 Polyb.
648 1409 684 1434 et
720 1402 822 1433 Diod.

127 1453 406 1485 bibliothecarum
444 1453 668 1494 scriptoribus
707 1452 824 1490 refert,

126 1513 214 1542 eum,
238 1513 313 1535 cum
345 1504 507 1544 templum
533 1504 653 1534 Dianae
683 1502 717 1532 in
744 1502 824 1542 Ely-

128 1553 240 1584 maide
255 1553 401 1593 spoliare
418 1556 612 1591 conaretur,
625 1562 823 1593 oppressum

127 1612 146 1634 a
163 1603 363 1634 custodibus
379 1603 498 1643 templi
515 1608 550 1634 et
574 1603 692 1634 vicinis
715 1603 824 1643 genti-

126 1652 200 1692 bus,
217 1653 370 1694 quibusd.
389 1653 573 1693 phantasiis
594 1654 626 1683 in
643 1653 822 1684 amentiam

127 1713 274 1742 versum,
297 1703 414 1734 morbo
442 1704 621 1743 interiisse,
646 1704 678 1734 in
711 1703 824 1734 Tabes

127 1753 254 1794 oppido
270 1753 433 1784 Persidis.
457 1754 615 1791 Bongars.
663 1753 824 1784 Praeterit

126 1812 208 1843 ergo
235 1803 363 1834 Auctor
385 1803 473 1844 quod
499 1802 688 1833 Antiochus
713 1812 823 1833 rever·

124 1862 181 1883 sus
199 1853 232 1883 in
250 1862 391 1893 regnum
408 1852 547 1884 Judaeos
562 1853 709 1891 vexavit,
722 1852 824 1893 quod-

127 1912 192 1943 que
207 1902 383 1943 Elymaida
410 1902 582 1942 profectus
599 1903 761 1942 templum
779 1902 823 1933 ibi

125 1952 273 1992 spoliare
301 1953 417 1983 voluit.
461 1953 601 1984 Jndaeos
639 1962 660 1983 a
688 1952 823 1993 regibus

124 2003 232 2044 Syriae
259 2008 397 2034 vexatos
418 2003 587 2044 significat
604 2003 737 2034 demum
762 2004 822 2034 lib.

125 2061 254 2084 xxxw.
281 2058 316 2084 et
341 2054 484 2094 primum
511 2054 646 2095 quidem
663 2064 680 2084 a
697 2054 823 2084 Deme-

126 2103 204 2143 trio,
221 2103 289 2144 qui‚
305 2104 439 2134 sublato
458 2103 617 2135 Antiochi
636 2103 823 2144 Epiphauis

125 2152 192 2184 filio
208 2153 380 2185 Antiocho
396 2155 580 2194 Eupatore,
602 2163 743 2194 regnum
768 2163 824 2184 oe-

126 2204 275 2244 cupavit.
320 2205 404 2237 Quae
434 2215 507 2245 sup.
536 2213 655 2235 xxxu.
683 2207 715 2235 2.
738 2204 822 2235 l.de

124 2254 252 2294 templo
266 2254 361 2286 Jovis
378 2255 519 2295 Elyinaei
532 2259 729 2294 oppugnato
743 2253 823 2284 scri-

127 2302 192 2342 bit,
216 2312 256 2333 ea
281 2304 345 2334 huc
370 2303 552 2334 referenda
567 2302 722 2335 fuissent.
750 2304 822 2335 Vor.

127 2353 277 2393 Margini
311 2353 405 2384 Leid.
439 2356 469 2384 4.
507 2354 692 2393 ascriptum
727 2357 822 2384 erat:

125 2403 213 2434 ‘Hic
230 2402 417 2434 Antiochus
443 2403 649 2443 Epiphanes,
665 2413 740 2433 cum
758 2412 823 2443 quo

125 2453 232 2485 Judas
243 2453 332 2483 bella
343 2453 460 2493 gessit,
473 2454 590 2493 templi
604 2453 824 2493 exspoliator,

128 2502 183 2544 qui
199 2503 314 2533 lateris
331 2504 497 2534 vermibus
511 2503 620 2534 obiit!

173 2553 293 2584 Relicto
303 2563 336 2593 p.
348 2554 467 2595 a.filz'o]
479 2553 629 2584 Gronov.
644 2563 661 2583 e
674 2552 756 2584 Mss.
767 2551 824 2582 ad-

124 2603 259 2644 jiciend.
269 2604 514 2635 censetnomine
527 2604 694 2643 Eupatore.
708 2602 823 2633 Vorst.

129 2652 273 2684 Addunt
296 2654 377 2684 Mss.
399 2653 521 2684 nomine
542 2654 712 2693 Eupatme,
734 2650 825 2692 quod

130 2703 279 2735 Gronov.
293 2708 391 2744 putat
405 2708 548 2735 rectum.
572 2702 678 2740 Schef.
721 2701 825 2742 Angli

130 2762 264 2793 quoque
288 2754 321 2784 id
347 2758 550 2794 repererunt
564 2754 597 2784 iu
614 2753 721 2784 tribus
740 2752 823 2783 Mss.

131 2802 191 2832 sed
202 2812 244 2833 ex
254 2813 358 2844 marg.
372 2804 547 2844 irrepsisse
558 2804 592 2834 id
603 2802 826 2835 contendunt.

137 2852 245 2882 Groev.

173 2904 189 2942 ᾗ
211 2905 231 2933 6
256 2903 391 2934 Patruus
409 2903 473 2943 ejus
492 2903 683 2943 Demetrius]
722 2902 827 2944 Appi-

1495 348 1579 389 975

876 463 929 484 an.
945 453 1080 494 Syriae.
1101 463 1133 492 p.
1154 454 1228 483 117.
1261 449 1471 482 Demetrium
1488 449 1577 481 hunc

877 503 962 534 dicit
994 501 1146 534 Σελεύκου
1175 500 1232 540 μὲν
1258 500 1330 540 υἱὸν,
1357 499 1520 539 Ἀντιόχου
1543 498 1576 530 δὲ

874 553 1057 592 Ἐπιφανοῦς
1072 552 1264 591 ἀδελφιδοῦν,
1288 549 1390 581 υἱωνὸν
1403 550 1436 581 δὲ
1451 550 1506 580 τοῦ
1519 562 1574 588 με·

875 601 977 641 ’γάλου
1004 601 1175 641 Ἀντιόχου,
1201 600 1321 641 ἆνέψιον
1346 599 1421 631 ὄντα
1443 601 1519 639 τῷδε
1533 600 1578 639 τῷ

875 652 992 690 παιδίῳ.
1039 653 1116 682 Νοη
1147 661 1229 692 ergo
1260 655 1412 691 patruus,
1440 651 1500 681 sed
1521 659 1579 691 pa-

876 703 1016 734 truelis:
1045 707 1143 733 erant
1178 703 1266 733 enim
1304 702 1403 733 ambo
1437 701 1577 732 duorum

875 753 1017 784 fratrum
1034 752 1107 783 filii.
1151 752 1235 791 Leg.
1255 750 1402 792 Appian.
1425 756 1460 783 et
1481 751 1576 790 Epit.

876 803 964 834 Livii
993 811 1092 833 XLV1.
1124 803 1279 841 Bongars.
1325 802 1371 832 Et
1400 801 1448 832 sic
1474 801 1575 832 Diod.

876 863 929 894 ap.
946 853 1059 884 Vales.
1076 855 1152 883 322.
1177 853 1274 882 Rern.

919 903 1121 943 obsidemque
1133 902 1179 943 se]
1205 901 1355 942 Legend.
1372 900 1480 932 videri
1498 910 1573 941 pos-

873 953 918 983 sit
946 952 1079 983 obsidem
1106 952 1247 992 inquiens
1273 961 1317 991 se,
1342 955 1382 982 ut
1405 952 1575 983 cohaereat

874 1002 993 1033 oratio.
1036 1001 1103 1033 Sed
1117 1001 1260 1032 Auctori
1281 1011 1345 1032 non
1358 1002 1506 1032 insolens
1522 1006 1577 1032 est

874 1044 946 1082 haec
975 1051 1116 1092 ellipsis.
1163 1051 1321 1091 Exempli
1353 1060 1454 1089 causa
1481 1060 1511 1082 v.
1542 1054 1575 1082 7.

875 1105 925 1134 12.
948 1102 1046 1133 Idem.
1093 1101 1238 1132 Obsidem
1268 1101 1408 1142 inquiens
1433 1111 1465 1132 se
1494 1101 1578 1132 mihi

874 1151 1162 1192 persuasissimum
1179 1161 1251 1182 esse
1270 1151 1439 1183 scribend.
1485 1151 1575 1182 Nam

873 1202 954 1232 illud
968 1212 1024 1242 que
1041 1202 1073 1233 in
1089 1202 1280 1242 obsidemque
1296 1211 1433 1242 prorsus
1447 1200 1500 1231 hic
1517 1205 1572 1231 est

876 1253 1035 1290 otiosum,
1051 1262 1163 1294 neque
1178 1252 1282 1283 habet
1300 1251 1492 1293 quidquam,
1510 1259 1576 1291 quo

875 1303 1056 1343 referatur,
1079 1308 1113 1334 et
1134 1303 1218 1334 inin
1241 1303 1380 1343 inquiens
1400 1300 1577 1332 intercidit

878 1354 1076 1393 praecedens
1119 1365 1150 1385 m
1186 1354 1220 1384 in
1254 1362 1338 1384 voce
1375 1353 1384 1370 ‘
1404 1350 1578 1383 obsidem!

876 1404 950 1434 Nisi
964 1405 1066 1444 plane
1083 1404 1179 1445 sequi
1191 1404 1355 1434 malumus
1370 1403 1575 1442 MssBong.

875 1458 910 1485 et
926 1455 1038 1494 legere
1054 1454 1186 1485 obsidem
1213 1464 1255 1494 se,
1279 1454 1401 1484 omisso
1429 1453 1487 1483 illo
1508 1461 1576 1492 que.

873 1504 968 1535 Tune
995 1504 1084 1535 enim
1112 1504 1249 1543 valebit,
1266 1504 1354 1544 quod
1372 1503 1413 1534 de
1430 1502 1539 1543 ellipsi
1557 1512 1576 1532 a

874 1555 1040 1586 Bernecc.
1058 1560 1214 1586 notatum
1232 1558 1295 1585 est.
1320 1552 1423 1591 Schef.

918 1606 935 1645 ξ
958 1607 977 1635 7
1005 1605 1139 1635 Dimictz'
1151 1605 1251 1643 igitur
1261 1614 1292 1635 se
1302 1605 1342 1634 ad
1353 1601 1576 1643 regnum,85·c.]

874 1654 1088 1685 Postulatum
1105 1663 1168 1684 non
1186 1645 1350 1694 iniquum.
1396 1652 1463 1685 Qui
1477 1652 1575 1682 obses

875 1704 971 1734 datus
1001 1708 1054 1735 est
1079 1707 1223 1743 tantum,
1247 1708 1283 1734 ut
1305 1703 1449 1734 alterum
1467 1702 1575 1742 capti-

876 1764 952 1785 vum
970 1759 1029 1785 aut
1042 1754 1193 1786 obsidem
1208 1754 1363 1790 redimat,
1387 1762 1427 1783 eo
1443 1757 1575 1783 mortuo

874 1804 1050 1835 liberatur.
1096 1804 1183 1835 Nam
1202 1805 1235 1835 in
1250 1805 1321 1842 illo,
1333 1803 1410 1834 dum
1426 1803 1577 1842 moritur,

868 1854 926 1893 jus
943 1854 1092 1894 pignoris
1109 1854 1296 1885 extinctum
1314 1858 1379 1892 est,
1400 1857 1436 1883 ut
1451 1852 1483 1882 in
1497 1862 1575 1892 cap-

875 1903 944 1934 tivo
975 1903 1153 1943 redempto
1184 1904 1269 1934 dixit
1290 1903 1454 1943 Ulpianus
1481 1903 1518 1933 L.
1543 1906 1574 1933 5.

875 1953 920 1984 D.
938 1953 980 1983 de
997 1953 1159 1993 Captivis.
1215 1953 1342 1991 Quare,
1364 1952 1452 1983 sicut
1467 1951 1501 1982 in
1517 1952 1576 1982 Ul-

875 2002 962 2042 piani
976 2002 1164 2043 quaestione
1176 2002 1322 2042 pretium
1340 2011 1406 2032 non
1419 2000 1575 2039 debetur,

875 2052 963 2093 quod
981 2053 1013 2082 in
1031 2062 1183 2092 personae
1201 2053 1312 2083 locum
1333 2051 1508 2090 successit,
1525 2051 1574 2082 ita

874 2113 936 2134 nec
948 2102 1002 2134 hic
1016 2112 1159 2143 persona
1170 2103 1319 2134 manebit
1330 2103 1491 2142 obligata,
1501 2112 1575 2143 quae

874 2162 1029 2192 personae
1043 2153 1168 2183 vicaria
1180 2153 1269 2184 facta
1282 2157 1345 2184 est.
1392 2153 1476 2183 Haec
1489 2152 1577 2183 Gro-

875 2204 942 2234 tius
960 2204 1000 2233 de
1021 2203 1055 2235 J.
1073 2204 1114 2234 Β.
1131 2213 1170 2234 ac
1186 2203 1226 2235 P.
1251 2212 1306 2233 111.
1331 2205 1384 2234 20.
1400 2206 1454 2233 56.
1478 2203 1576 2233 Rern.

918 2253 1051 2293 Deberi]
1075 2254 1166 2284 Add.
1183 2253 1312 2285 dicebas.
1337 2253 1460 2284 Faber.
1506 2253 1575 2284 No-

876 2307 965 2333 tator
991 2302 1201 2342 Anglicanus
1227 2307 1325 2343 putat
1351 2303 1404 2334 hic
1428 2301 1575 2333 addend.

874 2353 994 2383 dicebat
1025 2353 1083 2394 (ex
1117 2353 1243 2393 Fabro)
1264 2353 1317 2383 vel
1346 2352 1425 2394 quid
1454 2352 1575 2382 simile.

874 2403 926 2434 Ac
952 2402 1106 2444 profecto
1130 2404 1246 2434 mutila
1269 2407 1321 2434 est
1351 2403 1424 2434 haec
1455 2402 1573 2433 oratio.

875 2454 942 2484 Sed
960 2453 1094 2483 mallem
1117 2463 1190 2484 eam
1208 2454 1360 2494 superius
1375 2453 1500 2493 juvari,
1516 2452 1575 2482 ubi

874 2503 999 2543 legitur
1028 2503 1229 2543 obsidemque.
1288 2504 1373 2535 Quae
1403 2508 1454 2533 est
1485 2502 1574 2533 enim

876 2553 1061 2584 connexio:
1080 2553 1241 2582 Senatum
1257 2552 1341 2582 adiit
1355 2551 1574 2591 obsidemque

876 2613 912 2633 se
928 2603 1081 2633 venisse?
1116 2602 1268 2642 Legend.
1297 2602 1401 2641 igitur
1416 2601 1574 2632 existimo

874 2656 1012 2684 senatum
1026 2652 1105 2692 adit,
1119 2652 1252 2683 obsidem
1278 2651 1379 2692 inquit
1401 2661 1431 2682 se
1445 2651 1574 2682 venisse.

877 2703 988 2735 Schef.

919 2755 970 2794 §9
1002 2753 1202 2792 Regnumque
1232 2752 1261 2782 ei
1290 2751 1385 2782 occiso
1411 2750 1526 2791 pupillo
1556 2760 1576 2781 a

877 2802 1029 2834 tutoribus
1053 2801 1205 2841 traditur]
1237 2802 1344 2832 Tutor
1364 2799 1431 2831 fuit
1447 2800 1574 2840 Lysias.

877 2853 912 2883 Is
939 2861 1076 2893 regnum
1105 2861 1170 2882 non
1210 2849 1352 2881 tradidit
1369 2848 1576 2887 &DemetriQ

879 2901 937 2934 sed
960 2911 978 2933 a
1006 2901 1166 2933 militibus
1192 2899 1393 2932 interfectus
1417 2903 1468 2930 est
1483 2902 1574 2929 uter-
