2174 3424
612 373 805 403 JUSTlNl
842 374 934 403 [ΛΗ.

215 466 391 498 conviviiz'
423 471 458 498 et
485 467 598 498 Plaut.
625 466 731 498 Stich.
758 476 790 497 v.
817 469 848 497 4.
878 468 909 497 2.

215 518 403 549 ‘Omnibus
430 517 537 548 modis
563 521 755 556 temperare
779 521 910 547 certum

215 570 269 597 est
297 571 452 597 nostrum
481 566 581 597 hodie
613 566 835 597 convivium:'
877 572 912 597 et

216 617 368 648 Martial.
383 626 433 648 1v.
449 619 481 648 8.
517 617 704 657 Temperat
728 616 912 647 ambrosias

214 677 291 700 cum
308 673 365 698 tua
381 678 464 699 cura
474 667 602 708 dapes.'
627 668 725 698 Gron.

258 719 275 758 ξ
299 722 317 748 5
344 719 466 749 Cultz'us
475 721 689 755 exornatur-us,
701 718 913 758 gratioresque

213 769 411 809 reducturus]
428 768 529 809 Angl.
544 779 572 800 c.
587 773 753 800 exornatas
773 779 808 808 g.
830 769 914 800 redi-

214 821 309 850 turas.
339 819 407 851 Hic.
422 819 506 850 illud
519 823 685 851 exornatas
701 824 783 860 puto
800 820 915 860 genui-

215 878 305 900 num.
351 869 427 900 Nec
450 870 538 900 enim
563 870 744 901 verisimile
769 869 917 901 Alexan-

216 918 312 949 drum
327 919 517 959 promisisse
534 919 657 960 ipsum,
678 930 713 951 se
736 925 915 951 exornatu-

216 978 290 999 rum
313 979 383 1008 eas,
398 969 488 1010 quod
505 971 578 1001 vult
592 971 673 1002 lect.
688 971 781 1011 vulg.
818 971 867 1002 At
884 971 916 1002 in

216 1029 302 1050 voce
330 1021 486 1051 redituras
513 1021 638 1061 haereo,
670 1031 859 1062 quanquam
891 1021 916 1053 f.

216 1070 337 1101 melius
362 1075 401 1102 ut
425 1071 615 1111 credamus,
642 1072 834 1112 promisisse
861 1082 917 1104 eas

217 1120 401 1160 redituras,
417 1131 517 1162 quam
534 1131 570 1153 se
587 1122 819 1154 reducturum.
842 1124 917 1155 Sch.

260 1173 278 1212 §
302 1175 322 1203 8
348 1172 423 1203 Tam
437 1172 534 1210 soedae
551 1173 672 1213 gentis]
696 1172 797 1214 Angl.
815 1177 839 1204 t.
853 1184 918 1204 sor-

216 1222 298 1253 didoe
319 1233 354 1262 g.
376 1233 452 1264 quae
476 1233 549 1254 mea
569 1224 741 1255 sententia
763 1225 843 1256 lect.
866 1229 918 1256 est

218 1273 376 1312 genuina,
403 1282 478 1304 cum
511 1274 620 1305 altera
647 1274 693 1305 sit
721 1284 764 1306 ex
793 1276 917 1315 glossa.

218 1323 354 1364 Ubique
383 1324 509 1356 Noster
538 1326 587 1356 ita
613 1330 704 1358 amat
731 1327 841 1368 loqui:
875 1327 917 1358 de

218 1373 300 1412 ipsis
316 1373 407 1405 hisce
425 1375 671 1407 Macedonibus
686 1385 736 1407 vr.
752 1379 784 1407 9.
818 1378 827 1393 ‘
839 1377 919 1407 Sor-

219 1423 334 1454 didum
345 1429 380 1455 et
390 1425 570 1457 obscurum
580 1431 682 1458 antea
690 1427 919 1459 Macedonum

220 1474 376 1505 nomen.'>
390 1475 495 1513 Schef.

264 1525 282 1564 ξ
305 1527 325 1554 9
350 1524 507 1564 Bubares]
535 1524 701 1567 Βουβάρης.
735 1527 867 1559 Herod.
883 1527 922 1559 fi-

222 1568 300 1604 liam
312 1573 472 1615 Amyntae
486 1581 587 1607 vocat
600 1576 731 1616 Γυγαίην
744 1586 777 1609 ν.
792 1583 827 1609 et
840 1587 924 1610 vul.

223 1623 329 1663 Bong.

278 1673 364 1705 CAP.
380 1683 431 1705 lv.
458 1676 475 1716 §
499 1678 516 1706 1
540 1675 713 1707 Successori
729 1677 924 1719 Alexandro]

223 1724 329 1756 Solin.
352 1734 429 1765 cap.
454 1728 484 1757 9.
510 1730 622 1757 tamen
649 1727 826 1759 Perdiccae
851 1739 925 1760 suc-

224 1775 365 1805 cessisse
378 1777 449 1806 vult
462 1776 549 1807 hunc
564 1776 811 1810 Alexandrum:
830 1779 925 1819 cujus

224 1834 373 1856 errorem
401 1827 574 1858 convincit
604 1827 637 1858 in
666 1828 925 1860 absolutissimis

225 1876 268 1907 ad
284 1877 378 1908 illum
399 1877 586 1910 Auctorem
611 1880 925 1912 Exercitationibus

225 1929 268 1960 cl.
283 1929 464 1961 Salmasius
483 1933 555 1961 156.
581 1930 623 1961 A.
641 1932 672 1962 2.
697 1932 796 1963 Bern.

268 1980 285 2019 ξ
303 1981 321 2010 3
338 1980 404 2010 Per
416 1980 568 2020 ordinem]
587 1981 673 2012 Eum
685 1981 838 2012 ordinem
855 1981 924 2013 vid.

226 2037 281 2069 ap.
299 2029 426 2061 Euseb.
451 2031 633 2070 Legendus
649 2031 692 2062 ad
708 2032 775 2064 1ι.1.
793 2033 926 2063 Solinus

225 2088 299 2119 cap.
316 2082 347 2111 9.
364 2084 399 2111 et
414 2080 567 2120 inprimis
590 2082 694 2113 Diod.
712 2091 791 2114 X1v.
810 2088 845 2114 et
861 2092 926 2115 xv.

226 2140 366 2170 quorum
382 2131 585 2162 varietatem
601 2132 776 2172 explicare
790 2143 856 2164 non
873 2138 927 2165 est

223 2180 292 2221 huj.
306 2180 328 2212 1.
350 2181 459 2219 Bong.

269 2230 423 2270 Menelai]
446 2231 572 2264 Euseb.
607 2231 814 2264 ‘Archelai.’
847 2234 928 2264 Ber-

226 2291 290 2312 πει.
314 2280 469 2313 Μενέλαος
479 2282 494 2312 ὃ
503 2282 655 2314 Φιλίππου
663 2282 799 2325 πάππος,
809 2284 927 2316 AElian.

229 2340 298 2363 xii.
314 2332 355 2362 V.
374 2332 418 2364 H.
433 2335 487 2364 43.
512 2333 613 2366 Gron.

271 2383 289 2422 ξ
314 2386 332 2413 5
355 2383 430 2414 Tres
441 2383 544 2424 filios]
569 2385 927 2425 Duorum,Perdiccae

229 2435 265 2463 et
293 2433 455 2473 Philippi,
485 2435 639 2467 meminit
669 2436 804 2467 Probus
835 2436 928 2477 Iphi-

229 2487 345 2514 crate:
382 2484 545 2525 legendus
577 2485 702 2526 Georg.
740 2486 927 2518 Gemistus.

228 2533 332 2572 Bong.

271 2582 445 2615 Alexandri
472 2585 588 2625 Magni
619 2587 814 2627 Macedonis]
842 2587 929 2618 Dele

230 2632 322 2663 istud
350 2634 548 2672 Macedonis;
572 2636 727 2676 putidum
750 2637 840 2668 enim
866 2642 929 2677 est,

231 2683 375 2724 puerile,
390 2688 426 2716 et
440 2695 482 2716 ex
503 2686 682 2718 oscitantia
703 2697 743 2718 ac
767 2688 928 2719 dormita-

232 2734 324 2764 tione
338 2735 514 2775 scriptoris
529 2736 658 2767 librarii
675 2741 802 2769 natum.
828 2739 907 2771 Fab.

287 2784 479 2825 Euryonem]
504 2786 603 2818 Junt.
632 2787 826 2827 Eurynoem:
862 2789 930 2829 leg.

236 2833 411 2873 Eurynoen.
426 2836 509 2866 Mox
520 2836 555 2866 in
569 2836 642 2868 ead.
653 2838 707 2868 ed.
720 2847 780 2878 pro
792 2839 932 2880 Cygnaed

234 2883 357 2922 legitur
383 2885 516 2926 Gygoea,
540 2891 579 2917 ut
605 2887 774 2919 scribend.
799 2889 931 2920 censuit

235 2932 282 2964 Is.
308 2934 406 2965 Voss.
435 2940 472 2966 et
496 2945 558 2976 pro
587 2936 787 2978 Archidemn,
816 2939 867 2970 uti
895 2943 931 2970 et

236 2984 359 3016 Euseb.
375 2995 413 3017 ac
427 2985 528 3018 Oros.
550 2986 711 3019 Arideum.
744 2988 931 3021 Confirmat

971 374 1054 403 vii.
1088 375 1191 404 GAP.
1223 366 1262 404 5.
1574 364 1660 404 745

962 465 1066 497 editio
1074 466 1175 499 vind.
1185 467 1246 498 nisi
1258 467 1346 509 quod
1355 467 1482 499 scribat
1491 467 1661 500 Aridoeum.

963 517 1080 548 Graev.

1000 567 1153 607 Cygnoea]
1171 568 1344 599 Praeclare
1361 567 1407 599 Is.
1419 568 1515 599 Voss.
1531 568 1572 598 Gi
1582 578 1663 606 goea.

962 617 1003 648 In
1018 617 1173 657 quibusd.
1187 617 1372 657 impressis,
1383 618 1472 658 quod
1485 628 1550 648 nou
1564 619 1662 658 longe

964 677 983 698 a
1013 677 1094 698 vero
1124 672 1190 707 est,
1219 667 1344 707 legitur
1373 668 1499 708 Cygoea·
1553 668 1663 699 Paulo

963 721 1043 748 ante
1066 718 1132 758 leg.
1153 722 1192 748 ut
1215 718 1248 748 in
1275 717 1328 748 ed.
1359 718 1458 749 Junt.
1483 718 1665 759 Eurynoen,

966 768 1081 799 Graev.
1096 773 1266 807 monente,
1280 767 1342 798 nisi
1366 766 1391 797 f.
1408 768 1542 804 legend.
1561 769 1665 808 Eury-

965 828 1085 856 nomen,
1113 818 1202 858 quod
1233 827 1298 858 ego
1325 817 1536 848 verissimum
1560 823 1665 857 put03

966 878 1043 899 nam
1070 868 1133 898 hoc
1164 878 1287 898 nomen
1318 867 1352 898 in
1382 868 1504 908 puellis
1535 868 1668 900 Graecis

966 918 1125 960 frequens
1141 923 1207 950 est.
1232 918 1309 949 Fab.

1012 968 1164 1009 Cygnoea]
1189 968 1299 999 Scrib.
1328 968 1463 1009 Gygoea.
1492 968 1588 1000 Voss.
1610 968 1668 1008 Ip-

967 1028 1106 1060 sumque
1130 1018 1212 1049 illud
1237 1019 1271 1049 in
1294 1023 1412 1050 vetere
1429 1017 1484 1050 ed.
1500 1018 1598 1050 Junt.
1617 1028 1668 1050 re-

969 1069 1060 1109 perit
1089 1068 1214 1099 deinde
1243 1068 1359 1099 Graev.
1398 1068 1466 1099 Sed
1494 1072 1529 1098 et
1558 1068 1668 1108 Bong.

967 1119 1176 1159 observarat,
1187 1118 1287 1149 codd.
1301 1119 1418 1160 quosd.
1433 1118 1524 1158 typis
1535 1128 1670 1159 expres-

969 1178 1022 1199 sos
1046 1169 1165 1209 Cygoea
1187 1168 1323 1199 habere.
1369 1167 1499 1199 Herod.
1526 1177 1608 1199 vni.
1634 1171 1671 1199 et

967 1220 976 1236 ‘
991 1219 1180 1261 Gygaeam,'
1198 1219 1358 1260 Amyntae
1374 1218 1490 1258 filiam,
1507 1229 1583 1260 quae
1600 1220 1670 1250 Bu-

969 1269 1042 1300 bari
1072 1271 1188 1301 Persae
1218 1269 1386 1311 nupserit,
1416 1274 1672 1302 commemorat.

974 1321 1061 1352 Vors.

1011 1370 1216 1411 Archisleum]
1239 1371 1249 1388 ‘
1264 1369 1457 1402 Aridaeum'
1473 1371 1591 1410 legunt
1608 1371 1673 1401 Eu-

970 1420 1041 1452 seb.
1065 1425 1100 1452 et
1126 1421 1226 1452 Oros.
1250 1422 1383 1452 Bernec.
1428 1421 1586 1452 Graecum
1605 1431 1672 1452 non

971 1476 1040 1510 est;
1064 1471 1200 1512 legend.
1220 1471 1335 1512 itaque
1352 1471 1406 1502 vel
1420 1471 1584 1502 Aridoeum
1599 1472 1673 1511 (no-

972 1531 1049 1552 men
1062 1527 1116 1553 est
1128 1520 1404 1562 Macedonicum)
1420 1522 1475 1552 vel
1487 1521 1652 1553 Aridez'um
1661 1534 1674 1560 ;

974 1571 1034 1602 sed
1051 1582 1114 1612 ego
1137 1572 1291 1613 suspicor
1314 1571 1521 1602 Macedonas
1544 1572 1674 1604 dixisse

972 1623 1206 1663 Arridoeum,et
1216 1632 1331 1654 verum
1340 1626 1403 1654 est.
1420 1622 1531 1654 Faber.
1549 1623 1675 1656 Euseb.

976 1672 1076 1705 Oros.
1086 1674 1182 1706 Junt.
1193 1674 1358 1714 probante
1369 1674 1485 1704 Graev.
1500 1673 1675 1704 Aridaeum.

975 1724 1066 1755 Puto
1083 1724 1116 1755 in
1132 1724 1203 1754 aliis
1223 1723 1327 1754 fuisse
1349 1724 1560 1755 Arrhideum:
1583 1724 1641 1754 sed
1657 1734 1676 1754 r

974 1784 1090 1813 unum,
1120 1774 1321 1815 adspectum
1349 1784 1410 1815 pro
1439 1784 1467 1814 c,
1498 1775 1675 1815 peperisse

975 1825 1173 1856 Archideum.
1196 1823 1308 1856 Schef.

1020 1877 1037 1916 ᾧ
1060 1878 1080 1906 7
1104 1875 1246 1914 Insidiis,
1267 1874 1337 1915 Syna]
1361 1875 1450 1906 Saxo
1464 1883 1539 1906 xiv.
1555 1884 1586 1915 p.
1601 1878 1676 1907 259.

973 1928 1028 1957 42.
1042 1926 1051 1942 ‘
1066 1925 1237 1956 Invictum
1250 1924 1323 1956 foro
1339 1925 1469 1956 insidiis
1484 1928 1678 1965 occupant!

1018 1975 1217 2015 Pellicatum]
1240 1976 1342 2006 Hanc
1364 1985 1482 2006 vocem
1500 1976 1678 2016 usurpavit

973 2025 1065 2056 Saxo
1079 2035 1131 2056 ιν.
1149 2036 1183 2066 p.
1198 2029 1250 2058 58,
1266 2029 1319 2056 20.
1342 2026 1351 2042 ‘
1364 2025 1545 2065 Indignum
1563 2030 1678 2056 tamen

975 2075 1088 2106 aiebat
1095 2076 1240 2107 maritali
1249 2076 1368 2116 gratiae
1378 2076 1556 2116 pellicatus
1565 2076 1678 2107 odium

976 2125 1165 2158 anteferri.’
1224 2127 1335 2157 Vetus
1365 2127 1499 2166 Interp.
1531 2126 1679 2158 Levitici

976 2186 1089 2209 xvu1.
1112 2181 1162 2209 18.
1199 2178 1209 2194 ⁴
1225 2178 1383 2209 Sororem
1410 2177 1526 2208 uxoris
1553 2182 1620 2207 tuae
1645 2177 1678 2208 in

976 2228 1175 2269 pellicatum
1203 2237 1270 2259 non
1301 2226 1476 2268 accipies.'
1522 2226 1678 2260 Adhelm.

977 2278 1020 2309 de
1037 2278 1145 2311 Laud.
1160 2278 1256 2319 Virg.
1271 2281 1325 2309 53.
1355 2279 1365 2295 ‘
1381 2276 1512 2309 Perfidi
1540 2278 1680 2318 pellica-

977 2333 1031 2360 tus
1047 2333 1166 2369 stupro
1181 2327 1373 2369 deceptus.'

1013 2380 1099 2411 CAP.
1118 2389 1151 2410 v.
1174 2380 1191 2420 ξ
1208 2382 1226 2409 3
1243 2379 1354 2409 Prima
1366 2378 1512 2419 pueritiae
1523 2378 1679 2410 rudimen-

977 2434 1010 2461 ta
1035 2430 1188 2471 deposuit]
1222 2430 1280 2461 Sic
1308 2428 1370 2460 inf.
1397 2438 1449 2460 lx.
1476 2432 1507 2462 1.
1531 2432 1562 2460 8.
1608 2430 1680 2461 ‘Ut

977 2481 1040 2512 sub
1056 2480 1176 2511 militia
1192 2479 1299 2520 patris
1321 2479 1470 2510 tirocinii
1488 2479 1682 2511 rudimenta

978 2529 1192 2571 deponeret?
1230 2530 1275 2561 Et
1304 2538 1374 2559 ΧΠ.
1400 2531 1432 2560 4.
1456 2532 1487 2560 6.
1525 2529 1534 2545 ‘
1551 2530 1586 2560 Si
1613 2539 1680 2561 non

978 2583 1084 2613 solum
1098 2579 1265 2619 tirocinia,
1277 2588 1394 2610 verum
1411 2583 1447 2610 et
1463 2579 1680 2620 incunabula,

978 2633 1011 2663 in
1034 2631 1115 2672 ipsis
1140 2630 1257 2661 castris
1284 2629 1497 2670 posuissent!
1543 2630 1608 2661 Est
1624 2641 1682 2662 au-

979 2687 1048 2714 tem
1068 2683 1076 2699 ‘
1089 2679 1232 2722 ponere’
1250 2684 1285 2710 et
1300 2681 1309 2696 ⁴
1322 2679 1495 2719 deponere
1512 2680 1683 2712 rudimen·

979 2732 1030 2764 ta’
1056 2736 1093 2762 et
1123 2729 1318 2761 ‘tirocinia’
1341 2729 1424 2759 nihil
1450 2730 1541 2760 aliud
1569 2739 1682 2770 quam,

979 2791 1106 2814 exuere
1120 2785 1157 2811 et
1170 2779 1280 2820 finire,
1295 2782 1333 2810 ut
1355 2778 1478 2809 deinde
1493 2779 1536 2809 ad
1551 2779 1682 2820 majora

981 2832 1154 2873 adspirare
1168 2829 1288 2871 possis.
1318 2828 1456 2859 Deinde
1480 2828 1489 2844 ‘
1503 2828 1613 2869 prima
1626 2839 1682 2860 ru-

981 2881 1146 2914 dimenta’
1165 2881 1309 2918 dictum,
1320 2884 1358 2910 ut
1373 2879 1473 2919 paulo
1489 2883 1567 2910 ante
1591 2880 1600 2896 ‘
1613 2881 1682 2920 pri·

981 2943 1034 2965 ma
1046 2932 1143 2964 initia
1152 2930 1172 2971 ;’
1187 2940 1247 2972 per
1260 2930 1490 2971 pleonasmum
1502 2930 1678 2971 quendam.

986 2986 1089 3017 Vorst.
