2101 3419
441 368 577 408 (xxxvi

437 472 606 503 civitatium
631 472 662 509 ii,
677 476 709 508 6,
725 475 745 504 2
768 471 978 505 Macedonum
1003 473 1042 509 vi,
1064 477 1096 510 9,
1112 478 1133 506 6

438 515 588 545 sordidius
603 515 827 545 matrimonium
848 516 889 550 xi,
902 519 934 552 9,
949 519 988 547 16
1011 516 1135 547 sordida

437 557 588 588 clientelae
604 567 673 597 pars
688 557 751 593 viii,
766 560 798 594 4,
813 560 833 589 8
848 557 895 599 (id
912 564 969 594 est,
984 559 1052 588 vilis
1065 569 1133 599 pars

437 598 603 639 clientum)
619 599 721 631 Vorst.
739 600 978 632 sordidissimum
994 602 1065 631 vitae
1081 613 1135 643 ge-

437 652 494 672 nus
518 641 577 678 xxi,
590 646 622 678 5,
633 644 651 673 3

480 684 569 714 Soror
583 685 691 715 eadem
707 689 739 715 et
753 695 828 715 uxor
855 685 927 722 xvii,
942 689 974 723 2,
990 689 1022 718 7.
1050 687 1131 723 xxiv,

436 730 469 762 2,
485 730 516 757 2.
539 737 610 763 xxx,
624 729 655 762 l,
670 730 701 759 7.
723 727 836 763 xxxvii,
851 731 883 764 3,
898 732 930 760 6.
952 729 1051 765 xxxix,
1067 732 1097 765 3,
1111 733 1131 761 2

437 779 567 799 sororem
583 779 669 799 suam
685 770 800 801 occidit
814 771 1001 801 Ptolemaeus
1025 771 1132 802 Philo-

436 816 525 853 pator
546 823 615 848 xxx,
632 815 662 848 1,
678 815 696 843 7
721 812 919 845 Mithridates
942 814 1052 851 xxxvii,
1068 818 1099 852 3,
1110 818 1132 847 9

478 854 598 884 Sororia
613 854 689 885 ultio
712 855 803 891 xxvii,
820 858 852 892 3,
869 860 889 888 4

477 896 547 927 Sors
562 901 680 927 mutata
694 898 888 937 parvulorum
910 898 932 935 i,
947 901 980 940 4,
996 902 1036 931 13
1067 909 1130 930 sor-

435 943 497 969 tem
526 939 597 969 vitae
625 939 726 979 legere
748 939 770 976 i,
785 943 817 976 6,
833 944 854 972 6
877 942 965 972 sortis
990 943 1130 972 humanae

435 982 636 1012 aestimatione
658 983 691 1018 ii,
707 984 760 1018 13,
777 986 817 1014 10
839 993 902 1013 sors
915 984 1067 1015 servitutis
1090 985 1130 1020 vi,

434 1027 466 1059 5,
485 1027 499 1055 l
528 1024 616 1054 sortis
642 1030 783 1055 extremae
805 1024 929 1065 juvenis
958 1037 1046 1063 xxxV,
1064 1030 1094 1063 1,
1110 1029 1131 1057 6

434 1071 514 1096 sorte
538 1066 643 1096 divisae
667 1066 831 1106 provinciae
857 1068 935 1098 inter
963 1068 1131 1099 Alexandri

435 1119 623 1139 successores
645 1108 710 1145 xiii,
726 1112 758 1145 4,
777 1112 816 1141 10
842 1111 940 1140 sortiri
963 1111 1027 1151 (est
1052 1117 1131 1141 sorte

433 1151 599 1192 consequi)
629 1151 693 1187 xiii,
709 1155 741 1187 4,
758 1155 809 1183 15.
846 1153 910 1189 xiii,
925 1157 957 1189 4,
973 1157 1014 1185 23
1051 1159 1131 1184 sorte

433 1193 546 1223 ducere
575 1193 648 1234 (pro
669 1194 787 1234 legere)
818 1195 878 1231 xxi,
894 1198 925 1231 3,
941 1199 961 1228 4
994 1196 1131 1226 Freinsh-

432 1240 513 1266 sorte
529 1235 666 1266 delectus
687 1247 737 1267 rex
763 1236 843 1268 inter
865 1237 1006 1269 ludentes
1028 1237 1050 1274 i,
1066 1242 1130 1275 5,2

434 1283 514 1308 sorte
531 1278 683 1319 contingit
697 1279 789 1309 alicui
804 1279 961 1311 Occidens
994 1280 1047 1317 xii,
1063 1285 1095 1318 2,
1112 1285 1128 1312 l

433 1324 513 1350 sorte
542 1320 626 1350 venit
650 1321 742 1351 alicui
770 1322 931 1364 AEgyptus
954 1323 1017 1360 xiii,
1040 1326 1073 1361 4,
1091 1327 1131 1355 10

434 1367 513 1392 sorte
529 1363 633 1393 evenit
648 1363 739 1394 alicui
755 1364 877 1396 Graecia
899 1366 961 1401 xiii,
977 1371 1008 1402 5,
1025 1369 1044 1397 8

475 1405 581 1435 Sortiri
592 1406 680 1446 (vide
695 1407 788 1446 paulo
803 1412 875 1438 ante
889 1407 920 1438 in
930 1408 1034 1448 Sorte)
1049 1420 1055 1439 z
1068 1419 1131 1439 sor-

434 1447 481 1477 tiri
507 1447 625 1478 felicius
651 1449 769 1479 hostem
797 1460 889 1490 quam
913 1456 1062 1492 cognatos
1089 1451 1129 1488 xi,

434 1492 485 1525 15,
501 1493 521 1521 7
544 1490 643 1521 sortiri
657 1491 785 1533 Lyciam
800 1493 884 1533 (pro,
900 1495 1062 1534 regendam
1080 1505 1133 1525 ac-

432 1531 553 1571 cipere)
576 1533 639 1568 xiii,
659 1536 691 1570 4,
720 1537 758 1565 15
784 1534 886 1566 Vorst.
918 1535 1016 1567 sortiri
1041 1537 1130 1567 sedes

432 1574 546 1605 alicubi
572 1576 656 1613 xviii,
671 1580 703 1612 5,
719 1579 760 1608 12
793 1578 959 1618 gregariam
990 1579 1129 1610 militiam

433 1617 505 1652 xxii,
522 1621 551 1654 l,
568 1621 587 1649 8
611 1619 836 1650 matrimonium
864 1621 945 1657 xxvi,
961 1623 992 1657 3,
1009 1623 1030 1652 8

473 1660 638 1691 Sosthenes
661 1661 881 1693 Macedoniam
905 1674 924 1694 a
950 1663 1049 1695 Gallis
1075 1664 1129 1695 de-

433 1702 532 1732 fendit
553 1703 634 1739 xxiv,
650 1707 681 1740 5,
704 1707 744 1735 12

473 1745 600 1785 Spacos,
617 1746 692 1787 Cyri
707 1747 806 1777 nutrix
830 1747 853 1784 i,
868 1751 900 1784 4,
918 1750 958 1780 14

472 1787 641 1828 Spargere:
659 1789 770 1820 milites
785 1800 817 1820 se
834 1800 888 1831 per
909 1800 996 1832 agros
1012 1800 1130 1832 sparse-

430 1835 498 1860 rant
520 1831 599 1868 xxiv,
615 1833 647 1868 7,
669 1834 690 1863 4
723 1833 820 1872 sparsi
842 1832 939 1863 crines
961 1833 1045 1869 xxiv,
1061 1837 1092 1870 3,
1108 1838 1129 1866 9

429 1878 462 1903 ct
489 1875 522 1909 8,
552 1876 571 1904 3
601 1874 697 1914 sparsi
721 1874 833 1906 milites
858 1875 923 1906 sine
950 1875 1127 1906 insidiarum

429 1919 513 1945 metu
537 1926 566 1952 ν,
582 1919 649 1952 5,2
684 1917 780 1957 sparsi
804 1917 1017 1958 consumtique
1047 1919 1128 1949 bello

428 1957 536 1988 fratres
552 1959 643 1994 xxvii,
659 1961 690 1994 3,
707 1962 723 1990 1
741 1960 837 2000 sparsi
852 1960 954 1990 hostes
969 1960 1050 1997 xxiv,
1067 1964 1128 1997 1,6

471 2000 582 2040 Sparta
605 2001 677 2041 (pro
703 2001 821 2033 ditione
844 2002 962 2043 Spart.)
989 2003 1032 2039 iii,
1054 2006 1085 2039 7,
1106 2007 1125 2034 5

427 2041 564 2072 Freinsh.
585 2043 705 2085 Sparta,
730 2044 884 2085 Spartani,
908 2044 1008 2086 (Vide
1031 2046 1127 2077 Lace-

429 2084 570 2123 daemon)

471 2127 611 2167 Spatium
627 2127 797 2168 respirandi
812 2128 1000 2169 fugientibus
1019 2128 1125 2159 datum

429 2169 513 2206 xviii,
526 2174 557 2206 5,
569 2173 588 2201 7
605 2170 737 2210 spatium
753 2171 784 2201 in
795 2172 1006 2212 poenitentiam
1019 2172 1125 2202 datum

428 2212 449 2248 i,
473 2215 506 2248 9,
532 2215 573 2244 19
610 2212 742 2252 spatium
768 2215 1010 2244 consummando
1039 2214 1124 2255 operi

428 2264 564 2295 quaerere
578 2253 612 2291 ii,
629 2257 681 2291 15,
694 2259 715 2286 6
731 2256 831 2296 spatia
844 2256 960 2287 itineris
974 2267 1004 2293 v,
1018 2259 1070 2293 11,
1085 2259 1121 2288 11

471 2297 503 2327 in
528 2297 670 2338 Speciem
693 2304 858 2329 castrorum
880 2299 962 2336 xxvi,
977 2302 1010 2336 2,
1026 2302 1043 2331 1
1068 2299 1125 2330 sub

428 2339 532 2380 specie
560 2338 733 2372 venationis
767 2341 790 2377 i,
812 2345 846 2378 5,
870 2344 910 2372 10
942 2343 999 2372 sub
1022 2343 1125 2382 specie

428 2381 598 2422 majestatis
638 2383 659 2419 i,
689 2386 720 2419 9,
752 2386 789 2415 11
828 2384 960 2424 speciem
991 2386 1125 2425 praebere

427 2429 585 2464 captarum
599 2430 803 2456 matronarum
819 2426 853 2462 ii,
865 2430 898 2463 8,
914 2429 932 2458 3
949 2428 1006 2457 sub
1022 2427 1125 2468 specie

427 2467 548 2497 sororiae
578 2467 703 2499 ultionis
727 2468 819 2505 xxvii,
832 2472 863 2506 3,
888 2473 908 2502 4
940 2470 1044 2512 specie
1073 2481 1125 2501 ve-

427 2511 522 2540 nandi
544 2510 643 2547 xxxiV,
659 2513 691 2547 3,
707 2514 727 2542 8

469 2553 645 2593 Speciosius
666 2554 708 2590 vi,
721 2556 752 2589 3,
764 2557 785 2586 6

470 2595 635 2635 Speciosus
665 2596 740 2637 (pro
776 2595 944 2638 pulchro):
968 2595 1125 2637 speciosus

427 2638 523 2677 magis
537 2647 629 2678 quam
645 2639 728 2669 utilis
744 2649 815 2681 grex
837 2639 899 2675 xiv,
915 2642 947 2675 6,
963 2642 982 2670 3
999 2638 1103 2670 Vorst.

471 2680 688 2720 Spectaculum
703 2682 819 2712 soedum
834 2692 956 2722 prorsus
979 2686 1012 2711 et
1035 2681 1124 2712 mise-

428 2724 556 2753 randum
579 2723 644 2760 viii,
659 2726 724 2759 4,7
747 2724 960 2765 spectaculum
986 2724 1124 2755 deforme

427 2764 562 2805 aliquem
599 2766 728 2798 reddere
763 2777 814 2804 xv,
843 2770 876 2804 3,
903 2770 925 2799 4
966 2766 1123 2807 egregium

426 2808 638 2846 spectaculum
652 2810 790 2840 hostibus
805 2809 866 2840 suis
881 2809 993 2841 edituri
1013 2809 1077 2845 xiii,
1090 2812 1122 2845 3,

429 2852 469 2880 10
492 2851 669 2890 spectaculo
684 2852 715 2882 di
739 2862 777 2883 na
789 2861 848 2889 res,
860 2851 968 2883 Xerxis
983 2862 1020 2883 ex
1034 2851 1122 2883 Grae-

428 2891 474 2923 cia
489 2892 561 2934 suga
583 2893 615 2931 ii,
634 2897 684 2932 13,
702 2863 742 2928 ὦ
764 2895 1010 2938 spectaculorum
1036 2895 1120 2928 locus

1096 377 1253 408 INDEX

1183 474 1429 505 Massiliensibus
1460 474 1569 505 Romae
1599 475 1630 506 in
1656 481 1764 506 senatu
1785 477 1879 508 datus

1183 517 1259 553 xliii,
1272 521 1303 553 5,
1317 519 1357 548 10

1224 559 1369 600 Spectare
1391 558 1523 589 siderum
1548 564 1647 590 motus
1668 559 1691 596 i,
1709 563 1739 596 1,
1754 563 1774 592 9
1809 571 1874 602 reg-

1181 612 1267 638 num,
1283 602 1439 632 thesauros
1462 601 1525 637 xiii,
1541 604 1571 638 1,
1587 605 1606 633 8
1623 608 1655 633 et
1669 605 1709 634 10
1738 609 1876 644 spectare

1182 643 1330 684 originem
1347 643 1453 674 mundi
1475 655 1524 680 xx,
1538 647 1571 681 4,
1587 648 1606 676 3

1223 687 1370 727 Spectata
1382 686 1460 716 fides
1481 687 1557 728 (hoc
1571 692 1628 723 est,
1652 691 1726 717 nota
1750 692 1782 717 et
1805 698 1875 728 pro-

1181 728 1269 768 bata)
1292 729 1333 764 iv,
1349 732 1380 764 2,
1397 733 1415 760 5
1440 728 1508 759 Ita:
1524 734 1662 769 spectata
1676 729 1770 760 virtus
1786 730 1830 767 iii,
1845 734 1881 766 6,

1182 773 1221 802 12
1246 770 1383 801 Freinsh.
1405 776 1543 812 spectata
1557 772 1636 803 inter
1651 773 1748 803 bonos
1771 773 1877 803 mode-

1180 813 1257 844 ratio
1280 814 1302 850 i,
1317 816 1348 850 1,
1366 817 1383 845 1

1221 856 1384 896 Spectator
1398 866 1510 896 pugna:
1532 855 1566 893 ii,
1586 860 1637 894 12,
1650 858 1693 888 22

1223 898 1357 938 Specula
1379 898 1442 934 viii,
1460 901 1522 935 l,3

1223 940 1380 981 Speculari
1394 941 1467 982 (pro
1482 940 1624 981 cernere)
1636 940 1709 976 xxii,
1721 943 1754 976 6,
1769 943 1790 971 9
1805 951 1875 981 spe-

1181 983 1275 1013 culari
1283 983 1411 1014 consilia
1420 982 1543 1013 alterius
1551 983 1628 1024 (hoc
1635 988 1692 1020 est,
1701 982 1877 1023 explorare)

1181 1025 1264 1061 xviii,
1280 1028 1312 1061 2,
1328 1028 1348 1057 4
1371 1031 1458 1056 actus
1480 1026 1560 1062 xxxi,
1575 1028 1608 1061 2,
1624 1027 1640 1055 1
1667 1025 1784 1055 animos
1812 1025 1876 1062 xxi,

1181 1070 1213 1102 6,
1226 1071 1241 1098 l
1267 1067 1402 1098 Freinsh.
1425 1073 1552 1098 eventus
1573 1067 1676 1098 amissi
1698 1068 1784 1108 regni
1806 1078 1876 1104 xxv,

1181 1112 1213 1147 3,
1229 1112 1249 1140 7
1272 1115 1452 1151 apparatum
1468 1110 1547 1151 regis
1569 1110 1652 1147 xxxi,
1666 1112 1698 1146 4,
1713 1112 1734 1141 4

1223 1152 1351 1193 Sperare
1366 1153 1410 1189 iii,
1426 1156 1458 1188 7,
1473 1156 1504 1184 8.
1518 1152 1599 1187 xxvi,
1614 1155 1646 1189 2,
1657 1156 1688 1185 2.
1701 1153 1795 1190 xxxii,
1810 1157 1843 1190 2,
1857 1157 1873 1185 1

1180 1204 1300 1234 sperare
1323 1195 1527 1236 direptionem
1549 1195 1610 1231 xxi,
1626 1198 1657 1231 2,
1673 1199 1692 1226 5
1722 1197 1876 1227 matrimo-

1180 1236 1265 1267 nium
1288 1237 1328 1274 xi,
1344 1241 1376 1274 9,
1405 1240 1445 1269 16
1467 1237 1621 1268 interitum
1650 1237 1780 1279 alicujus
1810 1238 1876 1275 xlii,

1180 1282 1212 1314 2,
1229 1282 1268 1311 10
1289 1290 1411 1320 sperare
1426 1280 1542 1321 aliquid
1558 1281 1597 1311 de
1612 1279 1716 1321 aliquo
1750 1280 1877 1317 xxxviii„

1180 1324 1212 1356 8,
1231 1325 1268 1353 15
1292 1321 1447 1364 insperata
1472 1322 1599 1354 victoria
1622 1328 1744 1364 sperata
1766 1324 1875 1355 certior

1180 1375 1231 1400 xx,
1247 1369 1279 1400 5,
1292 1367 1311 1396 3

1221 1407 1370 1447 Spernere
1385 1406 1519 1448 aliquem
1534 1417 1589 1448 per
1603 1406 1706 1438 omnia
1719 1407 1799 1444 xxxi,
1810 1411 1843 1444 5,
1854 1411 1872 1440 1

1179 1458 1286 1489 pacem
1301 1449 1432 1490 alicujus
1447 1451 1531 1491 (pro,
1547 1449 1629 1481 nolle
1643 1450 1782 1490 accipere
1793 1451 1876 1491 leges

1179 1491 1282 1532 pacis)
1304 1492 1356 1528 xii,
1376 1495 1403 1527 1,
1419 1495 1439 1524 7
1463 1492 1566 1523 Vorst.
1601 1502 1743 1533 spernere
1771 1493 1876 1524 edicta

1179 1533 1312 1575 alicujus
1326 1535 1429 1571 xxviii,
1445 1537 1477 1571 2,
1494 1537 1534 1565 12

1222 1576 1299 1617 Spes
1315 1577 1388 1618 (pro
1399 1576 1528 1618 fiducia)
1543 1576 1584 1613 iv,
1594 1580 1627 1613 5,
1638 1580 1656 1608 5
1673 1586 1729 1617 spe
1741 1576 1873 1617 aliquem

1178 1618 1304 1659 implere
1327 1620 1368 1656 xi,
1385 1623 1414 1657 1,
1429 1623 1450 1651 8
1473 1619 1608 1650 Freinsh.
1645 1619 1712 1660 spei
1726 1620 1807 1649 urbis
1826 1620 1874 1650 in-

1179 1661 1299 1692 videtur
1320 1662 1352 1699 ii,
1370 1666 1422 1698 15,
1437 1664 1457 1694 4
1484 1662 1564 1692 ultra
1577 1672 1663 1702 spem
1679 1662 1804 1702 gerendi
1820 1671 1876 1702 pa-

1178 1707 1256 1734 trata
1271 1704 1353 1735 bella
1374 1704 1407 1741 ii,
1423 1708 1455 1742 6,
1473 1707 1487 1736 1
1512 1704 1544 1735 in
1557 1715 1642 1745 spem
1657 1704 1743 1745 regni
1756 1704 1874 1735 adduc-

1179 1750 1227 1776 tus
1249 1747 1293 1783 iii,
1322 1750 1352 1784 1,
1379 1750 1399 1779 2
1435 1747 1468 1778 in
1497 1757 1582 1788 spem
1610 1746 1740 1777 sortunae
1768 1746 1879 1787 prioris

1178 1789 1293 1830 erigere
1307 1790 1439 1830 aliquem
1462 1801 1492 1826 v,
1509 1794 1540 1826 5,
1559 1792 1575 1821 1
1604 1799 1722 1829 magnae
1736 1789 1802 1829 spei
1816 1789 1874 1821 irn-

1178 1836 1300 1871 perator
1334 1833 1376 1868 vi,
1392 1837 1424 1868 5,
1439 1835 1459 1864 4
1496 1842 1581 1873 spem
1610 1841 1724 1872 ponere
1753 1832 1785 1862 in
1813 1842 1874 1871 ope

1178 1873 1309 1915 alicujus
1332 1874 1396 1911 viii,
1410 1877 1444 1911 4,
1460 1877 1480 1906 8
1503 1884 1560 1905 nec
1576 1884 1644 1915 spes
1658 1879 1705 1905 est
1728 1874 1761 1904 in
1786 1874 1873 1915 pedi-

1179 1916 1245 1953 bus,
1258 1918 1312 1947 scd
1328 1917 1359 1947 in
1375 1917 1494 1948 lacertis
1515 1917 1557 1953 xi,
1572 1920 1604 1954 6,
1622 1919 1641 1948 7
1663 1927 1734 1958 spes
1758 1921 1873 1947 metum

1177 1958 1273 1989 vincit
1295 1959 1335 1995 xi,
1350 1962 1383 1996 9,
1398 1963 1417 1991 3
1440 1970 1503 1990 non
1515 1964 1562 1990 est
1575 1969 1688 2001 magna
1701 1969 1770 2001 spes
1792 1958 1874 1990 salu-

1178 2000 1217 2030 tis
1238 2001 1298 2038 xiv,
1314 2004 1346 2037 2,
1362 2005 1381 2032 5

1218 2042 1315 2084 Spina
1330 2043 1361 2073 in
1378 2043 1511 2079 Umbris,
1524 2043 1593 2073 urbs
1608 2041 1707 2073 Italiae
1721 2053 1770 2078 xx,
1783 2046 1812 2078 1,
1832 2045 1868 2075 11

1217 2085 1410 2126 Spitamenta
1437 2086 1510 2126 (pro
1540 2085 1621 2126 poris
1650 2090 1681 2116 et
1709 2085 1872 2121 meatibus,

1176 2138 1230 2167 per
1245 2138 1322 2169 quos
1337 2128 1472 2168 spiritus,
1488 2129 1546 2158 hoc
1561 2133 1608 2158 est
1622 2132 1742 2164 ventus,
1758 2127 1871 2158 omitti-

1174 2169 1238 2210 tur)
1260 2171 1301 2207 iv,
1314 2174 1344 2206 1,
1361 2173 1382 2202 6
1396 2176 1428 2201 et
1444 2173 1482 2202 15
1499 2170 1636 2201 Freinsh.

1216 2212 1343 2253 Spirans
1371 2213 1413 2249 xi,
1429 2215 1482 2249 15,
1497 2216 1517 2244 5

1217 2255 1348 2296 Spiritus
1363 2255 1435 2296 (pro
1450 2254 1560 2296 vento)
1582 2254 1624 2290 iv,
1639 2256 1670 2289 1,
1686 2257 1706 2286 4
1732 2252 1870 2301 Freinsh.

1172 2298 1297 2338 spiritus
1334 2298 1463 2338 majores
1500 2296 1668 2337 largiuntur
1695 2300 1870 2337 praesentia,

1173 2349 1266 2380 quam
1281 2340 1492 2372 recordatione
1507 2340 1553 2370 sui
1568 2339 1667 2381 patria
1689 2344 1721 2370 et
1743 2342 1875 2380 penates

1174 2382 1216 2419 vi,
1232 2386 1264 2419 7,
1277 2386 1296 2414 5

1217 2425 1386 2465 Splendere
1409 2424 1493 2461 xviii,
1509 2426 1540 2460 3,
1553 2426 1594 2456 12

1216 2468 1370 2508 Splendor
1384 2467 1488 2509 gloriae
1504 2466 1545 2502 vi,
1560 2469 1592 2502 3,
1608 2469 1627 2498 8
1643 2465 1719 2496 lucis
1732 2464 1791 2502 xxi,
1803 2467 1836 2501 2,
1850 2467 1866 2496 1

1216 2510 1323 2551 Spolia
1345 2510 1386 2545 vi,
1403 2515 1434 2546 5,
1452 2513 1491 2541 10
1514 2509 1614 2550 spolia
1628 2508 1710 2539 orbis
1726 2513 1870 2538 terrarum

1174 2552 1215 2589 xi,
1232 2556 1284 2589 14,
1302 2555 1342 2584 10
1365 2552 1500 2584 Orientis
1522 2552 1603 2588 xxiv,
1618 2554 1650 2589 6,
1667 2554 1684 2583 1
1711 2550 1785 2582 victi
1798 2550 1872 2580 hos-

1175 2595 1213 2625 tis
1236 2596 1296 2631 xix,
1312 2598 1344 2632 3,
1359 2599 1380 2626 6

1216 2637 1353 2679 Spoliare
1368 2637 1501 2678 aliquem
1518 2646 1611 2678 regno
1626 2635 1690 2673 viii,
1702 2637 1734 2671 3,
1746 2637 1786 2667 15
1809 2633 1870 2683 for-

1173 2680 1267 2716 tunis,
1283 2680 1346 2710 vita
1366 2679 1428 2716 xvi,
1443 2682 1476 2716 4,
1491 2682 1545 2711 20.
1573 2689 1663 2715 xxxv,
1680 2682 1712 2715 1,
1727 2680 1749 2709 9
1776 2676 1869 2718 spoli-

1172 2728 1243 2754 atus
1256 2732 1351 2764 regno
1373 2722 1457 2761 xxiv,
1473 2725 1505 2758 3,
1521 2724 1573 2753 10.
1601 2721 1702 2757 xxxiv,
1716 2723 1750 2757 4,
1764 2722 1784 2751 4
1832 2760 1839 2766 .

1214 2765 1372 2806 Spondere
1387 2765 1446 2795 sibi
1461 2768 1580 2795 tantum
1602 2764 1642 2794 de
1657 2763 1770 2794 viribus
1795 2770 1867 2796 suis,

1171 2808 1211 2838 de
1226 2808 1349 2838 fortuna
1370 2807 1414 2844 iii,
1430 2809 1462 2843 4,
1481 2810 1496 2838 1
1524 2806 1698 2847 spondebat
1711 2804 1875 2847 ingenium

1172 2850 1239 2892 ejus
1251 2859 1394 2891 magnum
1410 2849 1506 2880 virum
1522 2849 1573 2888 vii,
1587 2852 1620 2887 6,
1638 2852 1654 2881 1

1213 2893 1325 2935 sponsi
1347 2893 1409 2931 xxi,
1420 2895 1452 2931 2,
1470 2895 1509 2925 10
