2174 3424
588 334 785 365 JUSTlNi
819 334 916 363 mu.
951 333 1066 364 xm.
1098 334 1204 364 CAP.
1234 325 1274 364 5.
1567 321 1651 361 845

257 431 275 470 ξ
301 432 342 461 23
366 427 551 460 Bactrianos
577 426 733 468 Amyntas
760 425 908 466 sortitur]

215 478 427 518 Adscribam,
449 476 614 519 quomodo
630 477 740 508 locum
755 477 843 508 hunc
863 476 909 506 le-

215 530 317 571 gend.
348 534 485 561 censeat
506 528 658 560 Freinsh.
682 528 717 559 in
743 528 842 560 Notis
866 526 908 558 ad

216 580 314 611 Curt.
341 589 378 611 x.
404 582 454 611 10.
479 582 510 610 1.
545 579 733 610 Bactrianos
757 578 910 618 Amyntas

215 631 346 661 sortitur
354 639 366 667 ‚-
381 630 555 668 Sogdianos
571 629 736 669 Philippus
746 639 759 665 ‚·
772 628 911 667 Stagnor

216 681 374 717 Parthos‚·
400 681 564 721 Hyrcanos
579 678 826 717 Phratafernes;
847 677 911 709 Ar-

215 729 330 761 menios
360 729 564 770 Tlepolemus.-
594 730 707 761 Persas
731 730 912 764 Peucestes,-

217 778 407 819 Babylonios
429 779 552 810 Archon
568 780 716 816 Pellaeus,·
737 779 914 810 Arcesilaus

217 829 482 869 Mesopotamiam.
518 830 636 860 Causae
654 839 731 860 vero
747 829 814 869 huj.
832 829 913 859 lect.

218 888 262 910 ex
290 878 394 919 ipsius
418 879 492 920 ejus
520 879 622 912 Notis
652 883 914 919 cognoscantur.

223 929 297 961 Vor.

262 979 436 1018 Sogdianos
452 979 625 1020 Scythaeus,
646 978 714 1019 ᾅϊ]
735 978 802 1010 Ms.
817 978 917 1009 Voss.

220 1031 250 1060 1.
293 1028 463 1059 Sordianus
493 1030 608 1059 suli-eos
634 1032 761 1067 stagnos
797 1037 918 1068 parcos.

218 1078 319 1110 Alter
348 1078 514 1110 Soc-dianas
536 1079 647 1109 sulceos
672 1081 818 1117 staganos
845 1087 918 1117 par-

220 1128 300 1159 thos.
346 1129 428 1168 Leg.
451 1128 624 1168 Sogdianos
637 1129 740 1160 Solius
751 1128 917 1168 Stasanor,

220 1178 370 1218 Parthos,
396 1180 448 1219 ⁸5⁶·
505 1178 602 1209 Hanc
631 1179 711 1209 lect.
741 1177 919 1209 confirmat

222 1228 326 1259 Diod.
349 1237 457 1260 XVIII.
487 1238 519 1268 p.
546 1231 620 1259 648.
656 1229 719 1266 Τὴν
733 1227 920 1268 Βακτριανὴν

222 1276 274 1308 καὶ
296 1277 463 1317 Σογδιανὴν
478 1277 648 1319 Στασάνορι
662 1279 707 1317 ’τῷ
721 1277 830 1317 Σολίῳ,
855 1281 920 1309 &c-

223 1327 270 1359 Et
287 1328 388 1360 Phot.
404 1328 565 1359 Biblioth.
582 1337 726 1360 Lxxxu.
741 1339 783 1359 ex
794 1328 921 1369 Dexip-

224 1386 284 1417 po,
301 1376 463 1418 Στατάνωρ
478 1379 494 1408 ὁ
507 1377 627 1410 Σόλιος.
664 1379 826 1409 Ceterum
842 1388 922 1418 pau-

223 1427 257 1457 lo
283 1433 360 1467 post
384 1428 532 1459 Palmer.
556 1429 590 1459 in
612 1429 765 1460 Exercit.
788 1438 823 1468 p.
849 1431 922 1459 139.

225 1486 268 1507 ex
298 1476 434 1508 Arrian.
465 1482 500 1507 et
528 1478 631 1508 Diod.
669 1478 756 1518 legit
785 1478 922 1509 Phrata-

223 1526 354 1567 phernes
383 1527 556 1564 Armenios,
583 1528 768 1568 Tlepolemus
798 1529 923 1558 Carma-

226 1586 292 1615 nos,
316 1576 432 1607 Persas
457 1578 629 1618 Peucestes,
650 1578 838 1619 Babylonios
861 1579 924 1609 Ar-

227 1626 304 1656 chon
316 1626 458 1657 Pelloeus.
480 1626 585 1658 Gron.

273 1675 473 1715 Tleptolemus
491 1677 622 1716 Persas]
644 1676 665 1708 J
671 1681 742 1708 unt.
763 1678 927 1717 Neoptole-

229 1734 296 1755 mus
310 1725 444 1756 Persas:
469 1736 543 1766 cap.
560 1729 592 1757 6.
615 1727 686 1766 huj.
710 1727 770 1758 lib.
792 1729 801 1744 ‘
820 1727 926 1767 Adju-

229 1778 321 1805 tores
332 1775 362 1805 ei
376 1775 501 1805 dantur
511 1785 585 1806 cum
599 1777 805 1807 exercitibus
818 1776 927 1807 frater

230 1825 404 1856 Perdiecae
428 1825 578 1864 Alcetas,
600 1831 635 1857 et
658 1827 928 1866 Neoptolemus!

233 1874 341 1905 Groev.
374 1873 592 1915 Antiquiores
609 1876 699 1915 typis
715 1886 811 1916 expr.
828 1877 928 1917 inque

229 1923 282 1954 his
317 1923 489 1964 Juntinus,
522 1924 573 1955 uti
611 1924 728 1955 Graev.
769 1930 929 1965 testatur,

232 1974 465 2014 Neoptolemum
493 1979 629 2006 vocant.
682 1975 801 2016 Neque
829 1975 929 2006 aliter

230 2022 264 2054 in
291 2023 365 2054 cod.
396 2023 507 2064 aliquo
534 2024 601 2056 Ms.
617 2028 682 2065 est,
703 2034 802 2066 quem
818 2026 928 2066 Bong.

232 2072 328 2104 vidit.
357 2073 430 2104 Vor.

274 2122 410 2162 Archos]
427 2122 533 2155 Diod.
549 2132 653 2155 xvm.
665 2127 696 2156 3.
712 2124 848 2165 Ἀρχων.
885 2125 931 2156 Et

233 2181 293 2213 pro
306 2173 497 2214 Arcesilaus,
512 2174 600 2215 quod
617 2179 653 2205 et
666 2175 770 2206 Diod.
788 2180 824 2206 et
834 2176 930 2207 Vett.

233 2232 299 2253 nno
315 2228 458 2263 excepto
470 2233 585 2256 omnes
599 2231 801 2265 agnoscunt,
815 2226 931 2256 Fabri-

233 2271 305 2302 cius
318 2272 352 2302 in
364 2272 486 2304 Orosio
497 2273 749 2314 legitArcelaus.
766 2276 932 2316 Bongars.

233 2322 300 2354 Ms.
313 2323 460 2353 Archous.
473 2323 495 2355 J
499 2328 568 2354 unt.
581 2325 738 2356 Arthous:
751 2330 787 2356 et
804 2335 864 2365 pro
873 2326 934 2356 Ar-

234 2372 374 2412 cesilaus,
389 2373 448 2404 iid.
471 2374 633 2413 Arcelaus,
646 2379 683 2405 ut
700 2375 877 2406 Fabricius
892 2375 934 2406 ad

237 2421 338 2453 Oros.
357 2422 462 2453 Groev.
500 2423 570 2454 Pro
585 2424 715 2463 Archos,
732 2434 798 2455 non
813 2424 934 2455 dubito

235 2471 370 2512 legend.
388 2481 462 2503 esse
478 2473 616 2513 Archon,
632 2479 669 2504 ut
689 2479 740 2504 est
760 2484 814 2514 ap.
830 2473 934 2504 Diod.

234 2523 305 2554 Sed
320 2528 355 2554 et
379 2533 440 2564 pro
461 2524 609 2563 Pelasgos
622 2525 757 2565 legend.
773 2535 847 2556 esse
866 2526 936 2556 Pel-

236 2573 323 2613 laeus,
345 2574 396 2604 uti
413 2574 486 2605 vult
502 2574 654 2606 Freinsh.
672 2584 835 2616 perquam
853 2574 937 2606 veri-

237 2624 344 2656 simile
359 2625 403 2656 id.
420 2625 568 2657 reddidit
594 2626 628 2657 iu
657 2627 758 2658 Notis
784 2626 826 2658 ad
851 2636 938 2667 prae-

239 2672 367 2704 dictum
382 2675 491 2706 locum
509 2676 631 2708 Curtii.
658 2676 732 2707 Vor.

283 2724 358 2764 §24
381 2725 461 2755 Hoec
485 2725 612 2766 divisio]
645 2727 684 2758 F.
715 2726 851 2767 legend.
882 2726 939 2757 hac

241 2772 400 2806 divisione.
425 2775 531 2806 Gron.

287 2825 547 2858 Incrementorum
562 2828 710 2869 materia]
731 2829 840 2860 Miror
856 2832 940 2861 vett.

245 2884 360 2907 omnes
389 2885 450 2917 pro
474 2878 604 2909 materia
629 2878 754 2910 habere
781 2879 939 2911 memoria.

959 426 969 444 ‘
982 426 1227 458 Praefecturas’
1247 430 1343 458 vocat
1359 425 1548 466 satrapias.
1572 427 1653 457 Σατ-

957 475 1055 517 ράπης
1084 477 1212 516 Persis,
1250 477 1378 508 Latinis
1413 476 1422 493 ‘
1452 475 1651 516 praefectus'

959 527 1097 558 dicitur.
1122 528 1229 567 Bong.

1003 578 1091 608 CAP.
1110 587 1145 609 v.
1180 579 1230 618 §1
1255 577 1459 608 Athenienses
1482 580 1512 607 et
1540 576 1655 616 AEtolz']

961 627 1152 659 Lamiacum
1164 627 1300 664 bellum,
1312 627 1353 657 de
1369 637 1434 667 quo
1448 626 1549 657 Diod.
1566 635 1657 657 xvu.

961 680 1014 708 87.
1031 681 1066 708 et
1082 685 1188 708 xvni.
1209 680 1238 707 8.
1262 682 1297 707 et
1312 677 1423 708 Strab.
1440 686 1492 707 ιχ.
1535 677 1658 706 Memi-

961 726 1013 757 nit
1028 730 1063 756 et
1079 725 1172 757 Plut.
1195 725 1228 756 in
1252 725 1384 765 Pyrrho
1406 735 1483 765 cap.
1501 727 1530 755 1.
1554 730 1589 754 et
1606 727 1658 755 10.

963 781 999 807 et
1015 776 1047 806 in
1063 775 1243 806 Demostli.
1258 778 1309 806 38.
1325 779 1360 806 et
1373 775 1558 806 Pausanias
1570 773 1661 805 Atti-

963 825 1026 857 cis.
1079 825 1135 856 Ita
1161 825 1382 866 appellatum,
1414 825 1502 864 quod
1530 823 1572 855 ad
1599 825 1661 854 La-

964 877 1076 914 miam,
1099 876 1133 906 in
1159 885 1256 917 quam
1271 885 1307 906 se
1324 878 1502 914 receperat
1518 873 1660 914 Antipa-

964 929 1031 966 ter,
1055 930 1185 967 gestum
1210 926 1267 958 sit.
1310 925 1480 963 Justinus,
1509 929 1567 955 aut
1594 934 1663 955 me-

965 977 1071 1007 moria
1086 977 1201 1016 lapsus
1219 980 1277 1006 aut
1304 975 1387 1007 alios
1406 979 1568 1016 sequutus
1585 984 1662 1005 aue-

967 1031 1072 1065 tores,
1086 1027 1095 1044 ‘
1108 1026 1310 1058 Heracleam
1322 1026 1330 1040 '
1346 1036 1406 1067 pro
1419 1025 1536 1057 Lamia
1551 1030 1661 1056 vocat.

971 1077 1073 1115 Bong.

1010 1127 1027 1167 ξ
1053 1130 1072 1157 2
1098 1125 1271 1166 Epistolas]
1296 1126 1446 1158 Quarum
1471 1125 1664 1166 exemplum

969 1181 1020 1208 est
1033 1177 1065 1206 in
1083 1177 1185 1208 Diod.
1203 1185 1313 1208 xvnl.
1331 1180 1361 1207 8.
1386 1176 1485 1207 Rern.

1011 1227 1138 1257 Proeter
1152 1227 1244 1258 coedis
1258 1226 1414 1266 damnati]
1432 1227 1485 1257 Ita
1500 1227 1579 1258 Sall.
1590 1227 1666 1259 Cat.

967 1276 977 1294 ‘
994 1277 1139 1317 praeter’
1156 1286 1228 1317 pro,
1242 1277 1315 1308 nisi.
1341 1277 1415 1308 Fab.
1449 1276 1667 1317 Antiquiores

969 1327 1058 1367 typis
1084 1337 1182 1367 expr.
1205 1328 1375 1358 damnatos.
1428 1327 1496 1357 Sed
1525 1327 1669 1358 mutavit

969 1377 1199 1416 Bongarsius;
1222 1376 1338 1415 credo,
1353 1376 1442 1416 quod
1459 1377 1492 1406 in
1509 1377 1591 1406 Mss.
1610 1376 1668 1406 ali-

970 1430 1022 1456 ter
1035 1427 1212 1466 reperiret.
1247 1426 1302 1456 Ita
1315 1436 1394 1457 vero
1418 1427 1427 1443 ‘
1441 1425 1586 1466 praeter'
1603 1436 1669 1456 non

971 1486 1034 1516 pro
1059 1477 1309 1516 praepositione,
1333 1476 1392 1507 sed
1420 1486 1479 1516 pro
1506 1476 1670 1507 adverbio

971 1525 1172 1563 habendum,
1195 1530 1230 1556 et
1251 1536 1326 1566 pro,
1349 1532 1589 1567 praeterquam,
1610 1536 1671 1566 po-

973 1575 1074 1605 sitnm
1089 1575 1205 1605 fuerit.
1234 1575 1306 1606 Vor.
1347 1576 1430 1606 Mss.
1446 1576 1570 1606 habent
1586 1577 1672 1606 dam-

973 1625 1068 1664 natis,
1089 1635 1163 1666 quae
1180 1625 1260 1655 lect.
1277 1624 1302 1656 f.
1327 1625 1434 1655 videri
1452 1629 1566 1665 potest
1583 1635 1673 1666 vera,

974 1675 1097 1715 hicque
1112 1675 1318 1715 reponenda.
1361 1675 1470 1705 Locus
1488 1681 1581 1706 certe
1599 1676 1672 1707 Sal-

975 1724 1082 1764 lustii,
1115 1724 1171 1765 qui
1202 1723 1343 1754 affertur
1373 1734 1393 1754 a
1426 1725 1580 1756 Freinsh.
1612 1735 1672 1765 pro

975 1776 1058 1806 lect.
1084 1776 1232 1816 vulgata,
1253 1785 1327 1806 eam
1354 1776 1435 1805 nihil
1455 1776 1569 1815 juvat,
1593 1786 1674 1817 quo-

976 1824 1064 1854 niam
1081 1829 1116 1854 et
1141 1825 1212 1864 ipse
1239 1824 1272 1854 in
1298 1825 1466 1854 nonnullis
1483 1830 1675 1865 corruptus.

978 1873 1130 1913 Optimae
1152 1873 1229 1904 edd.
1256 1874 1306 1904 ita
1330 1873 1477 1905 habent:
1503 1875 1512 1892 ‘
1530 1876 1674 1906 Caeterae

978 1923 1190 1954 multitudini
1206 1923 1294 1954 diem
1323 1924 1455 1964 statuit,
1477 1929 1556 1955 ante
1578 1935 1677 1966 quam

977 1974 1099 2004 liceret
1131 1973 1202 2004 sine
1229 1973 1350 2004 fraude
1378 1974 1421 2005 ab
1445 1975 1545 2006 armis
1568 1975 1677 2006 disce-

979 2024 1074 2063 dere,
1099 2027 1226 2064 praeter
1252 2033 1363 2054 rerum
1386 2024 1581 2064 capitalium
1599 2035 1679 2056 con-

981 2073 1172 2106 demnatis!
1217 2074 1307 2107 Quia
1322 2079 1435 2106 tamen
1451 2075 1484 2105 in
1500 2075 1550 2106 his
1566 2076 1678 2107 verbis

982 2123 1130 2155 Sallustii
1152 2123 1188 2154 τὸ
1211 2124 1219 2140 ‘
1239 2124 1491 2156 condemnatis’
1514 2126 1645 2165 regitur
1660 2136 1681 2157 a

982 2175 1088 2205 verbo
1104 2174 1266 2215 ‘liceret,'
1278 2184 1344 2205 non
1357 2184 1377 2205 a
1392 2176 1401 2193 ‘
1416 2175 1681 2217 praeter,'quod,

982 2234 1056 2255 cum
1074 2224 1118 2255 sit
1132 2224 1343 2265 adverbium,
1366 2235 1480 2256 casum
1504 2226 1594 2265 regit
1609 2227 1680 2257 nul-

981 2275 1071 2313 lum;
1106 2283 1161 2315 ap.
1191 2275 1311 2306 Nostr.
1344 2285 1425 2307 vero
1457 2276 1596 2307 verbum
1628 2281 1682 2307 est

983 2326 990 2342 ‘
1011 2325 1319 2363 restituebantur3’
1343 2325 1462 2366 itaque
1488 2331 1547 2357 aut
1571 2327 1603 2357 in
1630 2336 1682 2356 re·

983 2379 1106 2415 spectu
1135 2374 1223 2405 illius
1264 2376 1432 2406 servanda
1473 2377 1554 2407 lect.
1588 2377 1681 2416 vulg.

985 2427 1144 2466 quoniam
1159 2426 1304 2466 primum
1321 2436 1436 2458 casum
1450 2428 1612 2467 postulat,
1623 2432 1682 2458 aut

984 2475 1080 2507 facta
1108 2476 1349 2516 praepositione
1377 2486 1419 2507 ex
1447 2477 1609 2508 adverbio
1637 2478 1686 2508 le-

986 2526 1086 2567 gend.
1118 2536 1184 2557 non
1215 2527 1382 2565 damnatis,
1418 2526 1477 2556 sed
1511 2528 1683 2565 damnatos,

987 2577 1087 2617 quod.
1117 2581 1152 2607 et
1175 2581 1262 2608 vett.
1289 2576 1443 2616 impressi
1470 2576 1604 2616 quidam
1629 2577 1684 2606 ha-

987 2627 1081 2659 bent.
1112 2627 1215 2665 Schef.
1268 2627 1406 2658 Nullum
1438 2628 1537 2667 plane
1568 2628 1684 2658 discri-

987 2688 1063 2710 men
1081 2679 1169 2709 inter
1186 2678 1339 2710 Sallustii
1358 2684 1392 2709 et
1401 2678 1527 2710 Justini
1544 2679 1685 2710 locutio-

988 2737 1076 2759 nem.
1114 2728 1202 2759 Nam
1221 2730 1230 2746 ‘
1244 2728 1495 2759 condemnatis'
1509 2729 1554 2759 ibi
1571 2738 1682 2769 neque

988 2778 1115 2819 pendet
1131 2787 1150 2808 a
1165 2779 1173 2795 ‘
1188 2778 1333 2818 praeter,'
1354 2783 1393 2809 ut
1408 2778 1462 2809 hic
1485 2778 1494 2794 ‘
1510 2778 1685 2810 damnati.'

988 2829 1024 2859 Si
1053 2828 1135 2859 licet
1159 2828 1295 2858 dicere:
1320 2828 1414 2859 Nulli
1440 2829 1522 2860 licet
1547 2829 1610 2859 hoc
1633 2828 1683 2859 fa-

990 2887 1069 2910 cere
1099 2882 1225 2919 praeter
1251 2878 1496 2910 condemnato:
1520 2879 1599 2910 lieet
1622 2879 1685 2909 uti-
