2174 3424
613 371 810 402 JUS'rmi
846 373 940 402 [AB.
974 374 1045 403 x1.
1077 375 1185 405 cAP.
1216 366 1255 405 5.
1557 366 1639 406 781

196 464 363 506 impressi,
386 463 526 504 rectius,
551 464 681 505 opinor,
697 474 795 505 quam
813 475 893 506 quo.

195 515 294 546 modo
318 516 425 555 Bong.
447 515 568 555 edidit,
585 515 764 546 Adornato:
788 517 891 547 maxi-

195 574 250 595 me
273 575 348 596 cum
371 569 406 595 et
428 563 509 595 alibi
524 564 571 596 sic
587 565 746 606 loquatur
761 565 892 597 Auctor

193 614 234 644 iis
261 614 358 652 locis,
383 623 457 654 quae
485 614 704 645 Freinshemii
727 619 892 647 monstrat

195 665 314 696 Index.
339 666 438 696 Ber-n.

238 714 408 745 Duodecim
421 724 492 745 aras
502 714 654 754 Deorum]
667 715 776 746 Scribi
791 716 894 757 volui,

196 764 366 796 Duodecim
377 774 448 795 aras
460 765 611 804 Deorum,
623 775 683 805 per
696 766 813 797 literas
825 776 893 797 ma-

192 814 365 854 jusculas;
399 823 508 854 neque
531 815 563 845 id
588 818 728 855 temere,
755 814 804 856 (in
830 815 893 847 hac

195 865 283 896 enim
295 864 348 896 ed.
361 864 441 895 nihil
456 865 681 896 somniculose
695 866 829 897 executi
843 876 894 897 su-

195 914 298 956 mus,)
320 925 385 945 non
402 919 514 946 autem
531 920 610 946 sunt
625 916 802 947 duodecim
816 927 896 957 arae,

195 965 254 997 sed
266 975 331 996 arae
345 966 354 983 ‘
365 966 555 997 Duodecim
567 967 742 998 Deorum!
759 967 826 1000 Qui
837 978 894 998 au-

196 1019 267 1046 tem
284 1016 331 1046 illi
348 1016 538 1047 Duodecim
555 1016 616 1047 Dii
632 1017 713 1056 sint,
730 1015 830 1048 facile
851 1027 895 1048 ex

195 1065 246 1096 his
261 1065 390 1096 duobus
415 1065 516 1096 Ennii
540 1075 593 1097 vv.
614 1066 744 1097 discas:
767 1066 776 1083 ‘
792 1066 896 1106 Juno,

195 1114 312 1153 Vesta,
338 1116 507 1155 Minerva,
534 1116 651 1155 Ceres,
679 1116 804 1155 Diana,
828 1117 895 1148 Ve-

195 1174 271 1204 nus,
295 1166 405 1205 Mars,
431 1166 608 1206 Saturnus,
625 1166 733 1204 Jovis,
758 1167 896 1198 Mercu-

195 1215 278 1255 rius,
304 1216 496 1255 Neptunus,
517 1216 665 1256 Apollo!
700 1216 747 1247 Hi
770 1219 820 1248 12.
836 1216 896 1248 Dii

195 1264 239 1295 ab
270 1264 396 1296 Ovidio
422 1265 582 1296 dicuntur
610 1266 672 1296 Dz'z‘
697 1266 825 1306 nobiles,
854 1266 898 1297 ad

196 1313 449 1346 distinctionem
460 1315 709 1355 Semideorum,
724 1316 897 1356 Nympha-

196 1373 284 1402 rum,
301 1365 506 1404 Faunorum,
529 1366 738 1405 Satyrorum,
765 1371 800 1397 et
823 1367 896 1408 Syl-

197 1424 384 1445 vanorum:
417 1424 444 1446 1.
470 1416 518 1446 Μ.
547 1415 556 1431 ‘
581 1416 717 1446 Dextra
743 1416 897 1458 laevaque

197 1464 349 1495 Deorum
371 1463 471 1495 Atria
496 1465 658 1496 nobilium
681 1465 786 1496 valvis
809 1468 896 1497 cele-

197 1513 340 1544 brantur
367 1513 521 1554 apertis.'
565 1514 657 1545 Alibi
686 1519 800 1554 vocat,
828 1517 896 1556 ple-

201 1563 294 1593 beios
308 1564 412 1601 Deos,
423 1574 449 1595 s,
465 1564 507 1594 de
522 1564 621 1604 plebe
637 1565 740 1596 Deos.
765 1566 898 1598 Notiss.

199 1618 312 1643 autem
331 1618 381 1643 est
397 1617 432 1644 et
448 1612 622 1644 decretum
637 1615 718 1645 illud
737 1616 897 1647 Lacedae-

200 1662 388 1693 moniorum
414 1672 517 1703 super
543 1662 754 1703 Alexandro,
775 1666 832 1705 qui
859 1676 896 1697 se

199 1711 291 1742 inter
314 1715 366 1743 12.
396 1713 490 1743 Deos
518 1712 639 1744 referri
666 1714 825 1753 volebat3
849 1715 898 1746 ita

198 1762 280 1793 illud
304 1772 420 1803 genus,
433 1763 489 1793 ubi
506 1773 541 1794 se
563 1763 730 1794 hominem
747 1774 822 1795 esse
838 1765 897 1796 ob-

197 1812 377 1851 liviscitur,
399 1812 576 1843 ridiculum
593 1817 646 1843 est
671 1818 706 1843 et
731 1814 893 1854 ineptum.

197 1863 326 1894 Verum
341 1862 476 1894 Arrian.
492 1866 523 1894 3.
548 1867 678 1894 tantum
708 1864 802 1895 Deos
824 1865 855 1896 h.
872 1866 894 1896 l.

198 1918 451 1952 commemorat,
479 1913 572 1954 queis
597 1913 794 1945 Alexander
822 1924 894 1947 rem

197 1971 330 1993 sacram
351 1961 483 1993 fecerit.
528 1963 584 1993 Ita
612 1968 685 2002 est;
718 1964 778 1995 sed
806 1974 895 1996 nunc

198 2021 266 2042 non
294 2012 336 2042 ad
365 2011 500 2044 Arrian.
531 2012 719 2053 scribimus,
744 2014 824 2054 imo,
851 2015 894 2046 ad

196 2061 289 2093 Just.
314 2062 427 2093 Faber.
464 2063 611 2103 Singulis
624 2063 778 2094 nimirum
795 2065 896 2104 majo-

198 2120 271 2142 rum
288 2112 436 2152 gentium
453 2111 530 2142 Diis
551 2121 661 2144 unam.
705 2114 895 2145 Duodecim

197 2161 351 2192 Deorum
366 2161 501 2192 nomina
514 2161 658 2194 disticho
675 2162 813 2194 inclusit
830 2165 898 2194 En-

197 2210 271 2240 nius
294 2209 358 2241 hoc
384 2211 506 2248 modo3
539 2211 549 2228 ‘
564 2212 668 2250 Juno,
691 2212 809 2252 Vesta,
832 2213 897 2244 Mi-

197 2269 314 2300 nerva,
341 2260 458 2300 Ceres,
481 2261 606 2300 Diana,
632 2262 762 2302 Venus,
791 2263 898 2304 Mars,

197 2309 405 2349 Mercurius,
430 2310 537 2350 Jovis,
557 2311 750 2352 Neptunus,
773 2313 898 2344 Vulca-

198 2370 273 2400 nus,
303 2359 449 2401 Apollo!
504 2361 581 2392 Vid.
611 2361 898 2393 Commentarium

198 2410 344 2441 Merulae
369 2410 412 2441 ad
428 2410 487 2442 lib.
504 2420 529 2442 1.
558 2410 683 2442 Annal.
708 2412 819 2442 Ennii.
851 2411 899 2443 A·

199 2460 310 2491 thenis
328 2461 538 2501 Euphranor,
561 2461 681 2492 nobilis
707 2462 828 2502 pictor,
846 2465 897 2493 12.

199 2511 294 2544 Deos
324 2511 463 2551 pingere
488 2516 631 2542 conatus
662 2516 736 2550 est;
774 2512 835 2543 sed
865 2513 898 2543 in

197 2560 271 2601 ipso
286 2570 391 2601 opere
407 2559 545 2592 defecit.
579 2561 659 2592 vid.
676 2561 767 2592 Plin.
785 2571 898 2594 xxxv.

201 2613 253 2642 11.
277 2611 380 2641 Paus.
397 2611 522 2642 Atticis
539 2615 575 2642 et
589 2612 666 2642 Val.
685 2612 734 2643 M.
751 2621 830 2644 vui.
848 2616 899 2644 11.

200 2661 282 2692 Ext.
299 2664 330 2692 5.
347 2660 476 2692 Herod.
501 2670 633 2702 quoque
660 2661 695 2691 in
720 2662 824 2693 Erato
847 2665 898 2693 12.

200 2710 459 2742 Atheniensium
485 2711 575 2742 Deos
602 2711 780 2750 nominat3
807 2718 843 2743 et
867 2713 900 2743 in

201 2760 352 2801 Euterpe
366 2761 496 2801 scribit,
510 2761 690 2802 AEgyptios
707 2763 831 2802 primos
849 2765 901 2794 12.

206 2810 354 2842 Deorum
378 2812 514 2842 nomina
540 2812 572 2842 in
597 2821 659 2843 usu
684 2812 852 2852 habuisse,
868 2817 902 2844 et

204 2861 245 2892 ab
261 2861 327 2893 illis
344 2863 484 2894 Graecos
501 2862 604 2895 fuisse
620 2869 804 2895 mutuatos.
828 2865 902 2896 Vor.

247 2912 330 2944 Aras
346 2913 496 2953 Deorum]
521 2914 599 2946 Jovi
622 2914 842 2952 Descensori,
868 2919 902 2946 et

942 465 1121 505 Minervae,
1136 470 1170 497 et
1183 466 1324 499 Herculi
1341 471 1489 500 structas
1505 477 1578 500 aras
1596 469 1643 500 ait

942 513 1077 546 Arrian.
1094 525 1118 546 1.
1142 516 1241 546 Bern.

985 565 1038 604 §6
1061 564 1181 595 Littore
1202 565 1375 605 excederet]
1396 566 1492 597 Junt.
1511 568 1644 599 cederet.

943 615 980 646 F.
1002 615 1104 646 littori
1127 617 1293 646 accederet.
1337 617 1420 647 Mox
1445 618 1503 648 iid.
1527 623 1562 649 et
1578 620 1644 650 Ms.

943 665 1117 704 longinquae
1132 675 1149 695 a
1163 666 1249 695 domo
1262 665 1398 696 militias.
1415 666 1528 697 Graev.
1564 669 1644 698 Sus-

943 715 1103 755 picantur
1125 715 1188 745 viri
1204 715 1344 747 doctiss.
1367 717 1457 746 litore
1478 718 1644 749 accederet.

944 764 1008 795 Sed
1023 768 1117 804 puto,
1132 764 1186 805 agi
1204 765 1235 795 h.
1250 765 1274 796 l.
1291 764 1334 795 de
1352 765 1446 795 abitu
1460 764 1646 797 Alexandri

944 823 988 845 ex
1004 815 1151 854 Europa,
1162 815 1195 844 in
1212 824 1278 855 quo
1294 814 1437 854 pariter,
1450 819 1487 846 ut
1504 815 1537 845 iu
1553 816 1647 846 aditu

946 864 988 894 ad
1004 864 1132 900 Asiam,
1155 863 1322 895 sacrificia
1342 863 1436 895 fecit.
1467 864 1604 896 Arrian.
1620 876 1644 897 1.

945 913 954 930 ‘
971 914 1100 944 Ferunt
1131 913 1254 945 altaria
1292 915 1454 945 struxisse
1483 915 1563 946 Jovi
1590 916 1649 946 de-

945 965 1110 1003 scensori,
1124 970 1159 995 et
1175 964 1355 1003 Minervae,
1371 971 1406 996 et
1430 965 1573 996 Herculi
1590 966 1647 1004 ibi,

946 1014 1036 1045 unde
1053 1023 1095 1044 ex
1115 1014 1251 1055 Europa
1266 1015 1380 1055 solvit,
1396 1015 1478 1046 etin
1494 1026 1533 1046 eo
1554 1015 1646 1047 Asiae

946 1063 1033 1103 loco,
1059 1064 1093 1094 in
1120 1074 1220 1104 quem
1250 1064 1449 1096 descendit?
1494 1066 1581 1096 Saue
1612 1070 1648 1096 et

948 1122 1023 1154 quae
1040 1114 1192 1153 proxime
1210 1114 1411 1154 praecedunt
1427 1115 1469 1145 de
1485 1115 1648 1146 divisione

947 1164 1140 1204 patrimonii
1157 1165 1248 1195 inter
1263 1167 1402 1205 amicos,
1418 1175 1483 1196 nou
1501 1165 1535 1196 in
1551 1165 1647 1206 Asia,

948 1215 1007 1246 sed
1025 1216 1174 1255 Europa,
1189 1215 1283 1246 facta
1299 1220 1389 1246 sunt.
1415 1215 1520 1254 Schef.

992 1265 1009 1305 ξ
1025 1267 1043 1295 7
1071 1265 1188 1300 Quibus
1201 1266 1306 1304 longa,
1320 1265 1388 1304 Sym]
1409 1266 1476 1296 Sed
1494 1269 1576 1306 quot
1591 1275 1648 1296 an-

947 1323 1066 1345 norum
1082 1315 1139 1345 illa
1161 1314 1249 1345 ratio
1266 1315 1342 1345 est?
1366 1315 1531 1346 Crederes
1548 1315 1649 1354 enim,

948 1367 1001 1395 12.
1027 1368 1086 1394 ant
1111 1367 1161 1395 13.
1185 1364 1388 1396 seculorum.
1433 1364 1479 1395 At
1507 1365 1554 1395 nil
1581 1366 1648 1396 tale

947 1418 1022 1451 est;
1044 1423 1120 1443 nam
1138 1423 1157 1443 a
1173 1414 1261 1453 Cyro
1278 1414 1409 1454 imperii
1427 1415 1557 1445 Persici
1570 1424 1649 1446 con-

947 1462 1057 1493 ditore
1071 1463 1111 1493 ad
1125 1463 1220 1493 Darii
1235 1469 1377 1494 mortem
1392 1464 1468 1494 auni
1484 1469 1559 1495 sunt
1572 1467 1649 1495 230.

947 1522 1013 1543 non
1031 1513 1154 1552 plures.
1197 1513 1255 1543 Sic
1285 1513 1430 1552 Nereus,
1452 1524 1505 1553 ap.
1526 1515 1648 1544 Horat.

947 1572 1089 1603 regnum
1104 1562 1232 1594 Priami
1248 1566 1334 1593 cetus
1350 1564 1518 1603 appellat:
1535 1565 1544 1581 ‘
1564 1564 1649 1595 Con-

941 1612 1060 1652 jurata
1076 1616 1149 1643 tuas
1171 1621 1328 1652 rumpere
1346 1613 1494 1653 nuptias,
1512 1613 1558 1644 Et
1573 1623 1649 1653 reg-

947 1672 1026 1693 num
1042 1664 1168 1694 Priami
1185 1668 1282 1694 vetus
1298 1663 1318 1695 :'
1341 1669 1375 1695 et
1393 1669 1504 1695 tamen
1522 1675 1542 1695 a
1560 1665 1649 1695 Dar-

948 1713 1033 1743 dano
1050 1718 1087 1744 et
1101 1714 1232 1745 Teucro
1254 1714 1295 1744 ad
1320 1714 1420 1745 finem
1437 1715 1566 1745 Priami
1580 1724 1649 1745 non

947 1768 1088 1803 possunt
1102 1773 1174 1794 esse
1192 1765 1267 1804 plus
1283 1774 1383 1805 quam
1399 1767 1472 1796 300.
1506 1764 1582 1796 Fab.

990 1814 1007 1853 ξ
1030 1816 1049 1844 8
1073 1814 1298 1854 Proesumptz'o]
1344 1815 1372 1846 Ι.
1402 1825 1432 1847 e.
1460 1815 1648 1855 persuasu),

946 1861 1041 1902 fides,
1075 1862 1211 1903 fiducia,
1246 1863 1373 1904 opinio.
1431 1864 1488 1895 Sic
1527 1873 1584 1895 111.
1616 1867 1649 1897 4.

946 1911 956 1928 ‘
973 1911 1096 1952 Itaque
1122 1921 1211 1950 cum,
1232 1917 1351 1943 contra
1373 1914 1648 1954 praesumtionem

944 1970 1052 2000 suam,
1066 1961 1161 1992 annis
1177 1961 1295 1992 decem
1311 1962 1345 1992 in
1361 1962 1538 1993 obsidione
1554 1963 1647 1994 urbis

945 2013 1145 2041 tenerentur
1158 2010 1179 2049 ;’
1203 2010 1225 2041 i.
1253 2020 1283 2042 e.
1312 2016 1430 2042 contra
1454 2022 1554 2053 quam
1584 2013 1649 2043 sibi

947 2065 1207 2101 proposuerant,
1225 2062 1279 2092 vel
1306 2066 1431 2101 praeter
1454 2062 1555 2093 animi
1576 2063 1649 2103 opi-

946 2111 1091 2143 nionem.
1122 2112 1206 2143 Cum
1223 2117 1335 2143 autem
1349 2113 1358 2129 ‘
1376 2113 1598 2152 praesumere'
1615 2117 1650 2144 et

945 2161 955 2178 ⁴
972 2162 1158 2202 praecipere
1170 2161 1179 2176 ’
1200 2161 1268 2193 sint
1283 2161 1356 2194 fere
1372 2163 1474 2202 idem,
1488 2164 1554 2195 huc
1570 2173 1650 2205 quo-

948 2222 1012 2253 que
1029 2213 1101 2243 sine
1120 2212 1369 2244 machinatione
1392 2214 1492 2245 istum
1515 2214 1651 2254 Virgilii

947 2272 999 2292 vs.
1020 2263 1158 2293 trahas:
1181 2261 1190 2279 ‘
1210 2262 1334 2294 Omnia
1360 2265 1520 2304 praecepi,
1546 2270 1649 2305 atque

948 2311 1060 2343 animo
1089 2321 1220 2344 mecum
1251 2318 1329 2344 ante
1358 2314 1499 2354 peregi.'
1536 2315 1650 2346 Faber.

949 2362 1040 2394 Plin.
1058 2371 1110 2394 lx.
1126 2364 1192 2403 Ep.
1208 2366 1240 2395 3.
1263 2363 1272 2380 ‘
1286 2362 1400 2394 Alium
1417 2373 1481 2403 ego
1497 2364 1652 2395 beatissi-

949 2422 1039 2443 mum
1056 2413 1224 2450 existimo,
1235 2413 1290 2454 qui
1305 2413 1401 2445 bonae
1417 2424 1650 2456 mansuraeque

949 2461 1048 2493 famae
1072 2463 1313 2503 praesumtione
1331 2463 1553 2504 perfruitur!
1582 2465 1649 2497 vid.

950 2512 998 2544 ibi
1015 2514 1184 2544 Buchner.
1211 2514 1318 2545 Groev.

993 2567 1009 2606 ξ
1026 2569 1046 2597 9
1068 2565 1259 2605 Longinquoe
1278 2567 1365 2596 domo
1386 2566 1525 2605 militioe]
1548 2566 1616 2596 Ms.
1630 2577 1650 2596 a

950 2617 1048 2656 domo,
1077 2615 1166 2656 quod
1205 2614 1365 2656 praefero,
1396 2616 1565 2657 habetque
1600 2616 1650 2647 sic

950 2665 973 2698 J
978 2670 1047 2696 unt.
1069 2664 1171 2702 Schef.

993 2716 1010 2756 ξ
1038 2719 1077 2746 10
1104 2715 1264 2756 Jaculum]
1296 2714 1388 2756 Δόρυ.
1417 2716 1523 2748 Diod.
1541 2725 1649 2749 xvtu.

952 2768 1002 2796 17.
1033 2766 1138 2804 Bong.

997 2815 1196 2855 Tripudiantz'
1206 2814 1332 2855 similis]
1343 2815 1552 2847 Membranae
1566 2826 1648 2847 meae

951 2864 1171 2905 tripudiantis:
1199 2875 1262 2906 quo
1293 2866 1391 2897 niodo
1417 2866 1506 2897 dixit
1533 2866 1647 2897 Plaut.

954 2914 1088 2947 Asinar.
1112 2916 1121 2933 ⁴
1140 2915 1205 2947 Hic
1221 2921 1368 2957 quastus
1387 2921 1500 2947 noster
1518 2918 1648 2957 aucupii
