2174 3424
159 1922 167 1929 .
205 1900 309 1931 celeri
322 1900 459 1931 victima
472 1899 568 1931 tarda
580 1899 681 1930 Deo.'

634 299 832 332 svs‘rmi
865 301 963 332 mn.
997 300 1030 332 1.
1063 301 1171 332 cAP.
1202 291 1272 333 10.

226 398 236 415 ‘
250 406 314 439 per
326 395 399 437 ejus
417 393 562 436 effigiem
576 394 709 436 Trojani
725 394 819 436 capti
833 394 916 431 sint:

226 449 280 479 vel
307 447 396 489 quod
426 458 465 479 eo
490 457 616 488 genere
646 447 796 478 animalis
823 447 918 477 Mars

224 498 386 529 delectari
399 497 602 537 putaretur.'
645 496 712 528 Sed
727 497 847 527 nimius
863 496 918 527 hic

223 556 315 579 sum:
339 547 404 579 nisi
430 547 519 589 quod
536 547 625 578 volui
652 547 816 586 stabilire,
841 556 916 587 quae

222 597 301 628 olim
317 601 409 629 recte
424 607 444 628 a
459 607 513 628 me
536 596 579 628 ad
601 597 695 628 Curt.
711 600 845 635 notata,
868 600 916 626 te-

220 656 326 686 mere,
352 652 391 678 ut
416 646 584 678 levissime
610 646 734 685 dicam,
758 655 778 676 a
805 645 916 676 sciolis

221 697 377 739 quibusd.
408 696 621 738 reprehensa,
650 701 687 727 et
720 700 759 727 ut
796 704 915 736 parum

219 750 325 779 certae
351 746 429 778 fidei
455 747 488 777 in
520 746 785 787 disquisitionem
821 754 916 776 revo-

219 802 297 829 cata
319 801 416 828 sunt:
441 806 529 828 nunc
556 806 661 837 pergo
685 804 798 836 agere,
823 795 912 836 quod

219 857 295 888 ago.
324 849 413 880 Mod.
468 847 544 879 Hoc
574 847 684 887 ipsum
706 846 828 878 Strabo
856 845 914 878 ub.

219 905 283 928 xv.
304 907 336 938 p.
347 900 421 928 503.
455 897 611 928 Macrob.
626 906 650 928 1.
663 900 695 928 6.
719 900 754 927 et
766 896 822 927 alii
835 906 914 928 con-

217 946 367 979 firmant.
415 947 460 978 At
485 947 531 978 id.
554 947 667 979 Strab.
690 947 750 978 sub
773 945 830 978 fin.
853 947 912 978 lib.

219 1005 282 1029 xv.
339 997 489 1028 Martem
518 1007 620 1028 unum
647 996 770 1027 Persas
799 997 913 1027 Deum

218 1049 329 1080 colere
352 1048 477 1079 tradit:
515 1053 550 1080 et
578 1049 675 1080 Curt.
701 1057 751 1080 1v.
778 1051 830 1079 13.
863 1050 913 1079 17.

217 1098 364 1129 Martem
378 1108 398 1129 a
409 1098 514 1129 Dario
527 1097 610 1129 facit
622 1098 828 1129 invocatum.
844 1098 913 1129 Sed

214 1147 416 1179 Strabonem
432 1148 483 1178 sui
505 1148 608 1188 ipsius
631 1148 770 1178 oblitum
788 1147 912 1178 erroris

214 1198 357 1229 arcessit
372 1198 465 1238 Lips.
479 1198 562 1229 Not.
576 1206 704 1229 xcvm.
717 1197 758 1228 ad
770 1195 910 1228 Tac.V1.

215 1246 259 1279 A.
301 1247 420 1279 Curtio
437 1253 602 1286 veterem,
627 1247 659 1279 h.
672 1257 702 1278 e.
729 1257 822 1278 suam
846 1247 912 1278 lec-

214 1297 341 1329 tionem
355 1297 502 1328 restituit
516 1297 611 1329 Mod.
632 1307 693 1338 pro
710 1298 848 1328 Martem
863 1307 909 1329 sc.

214 1347 357 1378 Mithren
386 1356 446 1378 seu
474 1347 628 1377 Mithram
652 1347 808 1386 legendo.
854 1346 910 1378 Sic

216 1397 303 1429 enim
318 1398 441 1429 Persas
458 1398 569 1429 Solem
593 1398 765 1438 appellare
783 1398 912 1437 solitos,

213 1456 258 1477 ex
274 1447 347 1478 eod.
373 1447 550 1486 Strabone,
566 1447 680 1485 Suida,
697 1452 733 1478 et
757 1447 909 1487 pluribus

214 1502 330 1528 notum
343 1502 406 1528 est.
453 1497 532 1537 Huj.
548 1497 617 1528 Dei
632 1497 818 1528 antistitem
835 1506 909 1538 per-

213 1551 327 1587 petuae
352 1546 525 1587 pudicitiae
543 1545 698 1577 feminam
718 1546 836 1586 fuisse,
854 1555 907 1587 pa-

214 1601 266 1628 tet
281 1607 324 1628 ex
335 1597 484 1628 Auctore
500 1605 536 1627 x.
548 1600 579 1628 2.
593 1599 623 1627 2.
646 1597 744 1628 Rern.

254 1648 300 1678 Et
314 1658 415 1688 equos,
427 1647 495 1688 5⁶⁶2]
511 1647 566 1679 Ita
578 1648 670 1692 ,Xen.
684 1647 810 1688 Cyrop.
825 1656 906 1679 vrit.

211 1702 285 1732 219.
309 1702 354 1732 D.
367 1705 401 1731 et
415 1701 524 1731 Anah.
537 1709 585 1731 ιν.
600 1703 674 1731 333.
690 1701 732 1731 B.
758 1700 904 1732 Pausan.

210 1749 246 1780 in
260 1749 381 1781 Lacon.
400 1759 454 1782 111.
470 1753 544 1780 201.
559 1752 610 1780 14.
637 1749 814 1780 Rationem
828 1749 903 1780 red-

208 1799 261 1830 dit
283 1799 348 1831 Ov.
374 1809 397 1831 1.
425 1801 463 1831 F.
499 1801 508 1817 ‘
525 1799 646 1831 Placat
675 1809 761 1840 equo
788 1800 902 1830 Persis

208 1849 310 1881 radiis
324 1850 524 1890 Hyperiona
539 1849 688 1880 cinctum
703 1860 711 1880 z
737 1849 790 1880 Ne
803 1849 904 1880 detur

725 1899 902 1932 Quomodo

206 1955 242 1982 et
256 1951 385 1983 Herod.
406 1952 465 1983 lib.
480 1961 504 1983 1.
519 1956 589 1983 ext.
612 1951 824 1992 Massagetas
841 1953 899 1991 ait,

206 2009 308 2042 equos
322 2001 396 2033 ideo
412 2002 478 2033 Soli
489 2007 666 2042 mactasse,
681 2003 690 2019 ‘
702 2003 790 2044 quod
806 2005 899 2035 Deo-

203 2060 277 2081 rum
309 2051 539 2091 pernicissimo
570 2061 588 2082 e
620 2052 898 2093 quadrupedibus

203 2101 355 2132 omnibus
383 2101 651 2142 pernicissimum
678 2103 901 2135 conveniret!

203 2149 252 2181 At
268 2151 425 2182 Romanis
448 2161 555 2193 equus
578 2162 644 2183 non
667 2153 734 2183 Soli
747 2153 899 2193 victima,

203 2200 263 2231 sed
280 2201 396 2241 Marti,
425 2202 434 2219 ‘
447 2202 537 2243 quod
555 2211 617 2242 per
639 2202 711 2243 ejus
733 2202 898 2244 effigiem’

203 2250 283 2291 [&c.
298 2252 339 2282 V.
350 2251 458 2292 supr.]
473 2252 589 2283 Festus
602 2252 636 2282 in
650 2254 765 2292 Equus.
788 2253 842 2285 Id.
855 2254 896 2284 de

201 2301 310 2341 Mysis
330 2302 419 2332 Flor.
434 2311 484 2333 ιν.
502 2305 553 2333 12.
568 2305 619 2334 17.
642 2301 733 2334 Add.
749 2303 896 2335 Pontani

200 2350 383 2392 Progymn.
399 2361 448 2382 ιν.
460 2354 511 2383 76.
536 2353 635 2384 Rern.

243 2401 261 2441 ς
283 2403 303 2431 8
325 2401 423 2431 Darii
437 2401 542 2442 equus]
570 2401 671 2433 Unde
687 2406 808 2442 postea
823 2403 894 2434 Da-

200 2448 285 2480 rium
319 2450 351 2480 in
386 2450 493 2490 sigillo
530 2451 685 2482 habuisse
723 2453 893 2493 sculptum

200 2508 333 2541 equum,
349 2509 410 2540 per
426 2511 526 2542 quem
548 2502 712 2533 hinnitum
734 2503 891 2535 edentem

198 2558 260 2580 rex
285 2549 393 2582 factus
418 2550 544 2593 fuerat,
563 2562 583 2583 a
605 2553 716 2584 Schol.
741 2554 891 2595 Thucyd.

198 2604 249 2630 est
259 2604 425 2631 notatum.
448 2601 499 2632 Id.

241 2653 281 2681 12
307 2651 404 2681 Tanta
421 2651 576 2691 patientia
590 2651 711 2684 cessisse
726 2662 771 2692 eo,
796 2653 889 2694 quod]

195 2699 305 2741 Bong.
332 2701 446 2732 edidit'
463 2711 521 2733 eos.
565 2702 632 2733 Sed
656 2703 788 2742 praetuii
810 2704 890 2736 lect.

136 2744 143 2751 ⁵
196 2759 294 2791 quam
310 2751 400 2782 idem
415 2752 450 2782 in
467 2751 672 2783 variantibus
683 2762 702 2783 e
717 2754 783 2784 Ms.
797 2763 888 2784 mon-

194 2804 291 2833 strat.
331 2801 389 2833 Sc.
403 2801 466 2832 hoc
487 2806 561 2832 erat
575 2802 787 2843 incredibile,
810 2813 887 2844 pro-

196 2860 287 2882 ceres
309 2851 396 2891 ilios,
421 2861 537 2891 regno,
560 2852 649 2893 quod
666 2862 733 2883 suae
749 2854 886 2895 quisque

195 2901 273 2933 vita».
289 2901 440 2942 periculo
465 2902 575 2943 Magis
588 2902 772 2944 eripuerat,
790 2913 886 2946 aequo

1581 290 1667 332 647

970 392 1081 425 animo
1107 393 1163 425 uni
1183 393 1287 426 Dario
1312 393 1462 425 cessisse.
1505 393 1516 411 ‘
1533 393 1666 425 Cedere

968 443 1068 475 alicui
1105 443 1233 483 regno,'
1275 443 1360 475 dicit
1396 443 1529 474 Auctor
1562 444 1664 475 etiam

968 501 1072 524 xxlx.
1085 495 1116 524 2.
1130 496 1161 524 6.
1190 498 1224 524 et
1240 493 1249 509 ‘
1261 493 1392 524 Cedere
1406 503 1545 533 regnum
1560 493 1568 506 '
1584 503 1619 524 x.
1633 497 1665 525 2.

966 544 997 572 3.
1042 541 1194 572 Freinsh.
1215 541 1264 571 ita
1289 542 1427 572 mallet:
1451 551 1497 580 eo,
1520 541 1555 572 ob
1571 544 1661 582 quod.

965 592 1044 624 Vid.
1061 597 1097 623 et
1112 592 1243 623 Acidai.
1264 592 1297 622 in
1315 592 1405 623 Vell.
1428 602 1462 633 p.
1477 595 1550 624 244.
1583 593 1666 623 Ber—

964 653 1030 675 nec.
1076 644 1220 674 Bernec.
1249 642 1454 673 auctoritate
1471 642 1566 673 unius
1590 643 1666 673 cod.

965 703 1065 734 quem
1097 692 1183 723 vidit
1212 692 1322 731 Bong.
1352 691 1490 731 scripsit
1515 701 1560 731 eo,
1588 701 1664 723 cum

963 743 1033 782 alii,
1063 747 1133 774 tum
1163 742 1252 782 typis
1281 741 1432 781 expressi
1471 746 1541 772 tum
1582 742 1666 773 Mss.

964 793 1132 824 haberent
1159 802 1236 829 eos;
1269 801 1315 822 sc.
1351 791 1453 822 verbo
1493 791 1663 822 ‘cedere’

967 843 1147 884 adjiciend.
1171 842 1305 883 putavit
1320 851 1433 872 casum
1451 847 1583 873 sextum
1600 843 1663 882 rei,

965 903 1031 935 qua
1045 893 1093 924 illi
1110 893 1286 924 cesserint.
1331 893 1458 923 Verum
1485 893 1662 932 reputand.

963 948 1049 983 erat,
1066 953 1179 975 casum
1202 946 1356 984 quartum
1374 951 1526 982 personae
1544 942 1664 973 abesse

964 993 1040 1025 itid.
1055 1004 1119 1025 nou
1135 1003 1245 1034 posse.
1290 993 1363 1032 Ego
1379 991 1514 1033 quidem
1531 991 1663 1022 facilius

964 1054 1165 1084 concoxero,
1191 1043 1219 1074 si
1240 1053 1336 1074 casus
1352 1047 1468 1073 sextus
1491 1046 1550 1072 aut
1565 1051 1665 1082 qnar-

963 1098 1016 1124 tus
1040 1094 1088 1124 rei
1104 1093 1205 1132 absit,
1230 1102 1327 1134 quam
1344 1092 1370 1123 si
1398 1101 1496 1123 casus
1521 1097 1660 1132 quartus

960 1154 1132 1185 personae:
1149 1154 1244 1175 casus
1259 1144 1346 1174 enim
1359 1147 1473 1174 sextus
1489 1146 1548 1173 aut
1561 1152 1662 1183 quar-

960 1198 1014 1225 tus
1033 1194 1236 1234 pronominis
1253 1202 1319 1234 quo
1342 1202 1395 1223 res
1418 1196 1554 1223 notetur
1571 1201 1661 1223 com-

959 1244 1058 1275 mode
1072 1243 1243 1275 subaudiri
1268 1247 1392 1283 potest,
1415 1242 1569 1284 quoniam
1586 1252 1663 1283 pro-

959 1303 1046 1325 nom.
1093 1294 1271 1325 relativum
1309 1294 1318 1310 ‘
1341 1293 1431 1334 quod
1450 1292 1458 1306 '
1495 1293 1660 1334 sequitur.

960 1344 1070 1375 Plena
1092 1345 1219 1376 locutio
1235 1343 1335 1384 foret,
1361 1349 1369 1362 ¹
1384 1349 1479 1375 tanta
1494 1345 1659 1385 patientia

958 1394 1099 1425 cessisse
1126 1404 1183 1425 eos
1209 1394 1313 1425 illnd'
1338 1395 1390 1425 vel
1416 1395 1505 1434 ‘illo,
1530 1394 1618 1436 quod
1635 1394 1657 1425 :'

959 1446 1085 1477 dicitur
1099 1446 1188 1477 enirn
1213 1451 1408 1486 utrumque,
1432 1446 1441 1463 ‘
1456 1445 1579 1477 cedere
1597 1445 1656 1475 ali-

957 1495 1056 1537 quid'
1082 1500 1117 1526 et
1141 1495 1286 1526 ‘cedere
1310 1495 1464 1537 aliqu0.'>
1488 1496 1566 1528 Jam
1590 1495 1657 1527 fre-

957 1556 1064 1587 quens
1080 1547 1181 1586 plane
1195 1551 1247 1577 est
1272 1551 1350 1577 ante
1374 1555 1523 1587 pronom.
1541 1547 1655 1577 relati-

956 1608 1033 1628 vum
1055 1597 1165 1629 omitti
1191 1596 1529 1637 subaudiendumque
1554 1597 1654 1628 relin—

957 1648 1013 1688 qui
1030 1657 1181 1688 pronom.
1199 1647 1511 1679 demonstrativum.
1536 1648 1654 1688 Nepos

954 1706 995 1728 11.
1010 1700 1040 1728 9.
1055 1700 1085 1728 1.
1109 1698 1118 1714 ‘
1133 1697 1232 1730 Quod
1258 1701 1361 1728 aetate
1379 1698 1547 1738 proximus
1564 1704 1651 1738 erat,

954 1747 1011 1787 qui
1029 1747 1162 1778 illorum
1179 1752 1370 1787 temporum
1386 1747 1560 1779 historiam
1575 1749 1653 1779 reli-

953 1796 1120 1838 querunt!
1146 1796 1213 1827 Ubi
1226 1802 1303 1827 ante
1315 1797 1324 1813 ‘
1336 1797 1391 1838 qui
1404 1796 1413 1811 ’
1431 1797 1651 1828 subaudiend.

952 1851 1017 1886 est,
1041 1847 1117 1879 illis.
1152 1847 1204 1878 Id.
1233 1855 1268 1878 x.
1293 1849 1324 1878 9.
1350 1850 1381 1878 5.
1418 1847 1428 1863 ‘
1452 1847 1650 1878 Miseranda

950 1897 1035 1935 vita,
1051 1897 1106 1938 qui
1123 1906 1159 1928 se
1182 1896 1285 1927 metui
1304 1896 1459 1928 malunt!
1486 1897 1552 1928 Ubi
1568 1903 1648 1928 ante

951 1947 960 1964 ‘
979 1948 1036 1989 qui
1048 1947 1057 1960 '
1074 1946 1215 1978 subaud.
1230 1956 1355 1977 eorum.
1392 1946 1466 1978 Vor.

992 1999 1009 2038 §
1035 2000 1073 2028 13
1100 1998 1284 2037 Quanquam
1296 1996 1649 2040 proetersormam...hoe

947 2047 1076 2088 imperio
1091 2047 1233 2087 dignam]
1257 2047 1446 2078 Delendam
1469 2057 1542 2078 esse
1558 2048 1647 2079 arbi-

948 2101 1022 2129 tror
1047 2099 1172 2138 partic.
1198 2098 1298 2128 istam
1321 2097 1397 2133 hoc;
1426 2096 1532 2128 debet
1557 2098 1646 2128 enim

947 2158 1019 2180 esse
1034 2148 1246 2180 enuntiatum
1262 2148 1452 2179 universum
1469 2147 1511 2179 de
1529 2149 1648 2189 quovis

947 2197 1102 2239 imperio,
1128 2208 1195 2229 non
1227 2198 1268 2229 de
1299 2207 1364 2228 uno
1395 2197 1530 2239 aliquo;
1566 2208 1643 2229 curn

947 2249 1138 2289 praesertim
1157 2247 1258 2279 facile
1280 2253 1447 2288 appareat
1471 2248 1644 2280 Justinum

946 2310 1021 2331 sese
1043 2299 1252 2340 cogitatione
1268 2297 1397 2329 referre
1413 2297 1456 2329 ad
1482 2297 1642 2329 decanta-

945 2351 1109 2383 tissimum
1135 2350 1227 2380 illum
1254 2348 1426 2389 Euripidis
1454 2349 1576 2388 locum,
1608 2349 1643 2379 in

944 2412 1009 2443 quo
1026 2401 1136 2442 gravis
1162 2405 1197 2431 et
1219 2400 1320 2440 plena
1343 2398 1517 2439 dignitatis
1533 2398 1642 2430 forma

943 2451 1068 2483 dicitur
1083 2451 1092 2468 ‘
1110 2450 1210 2491 digna
1226 2449 1367 2490 imperio
1378 2448 1386 2460 '
1402 2459 1427 2481 s.
1443 2449 1638 2489 tyrannide.

941 2502 1018 2534 Fab.

983 2553 1001 2592 ξ
1025 2553 1065 2582 14
1091 2549 1169 2591 Cyri
1189 2549 1272 2589 regis
1288 2548 1407 2590 filiam,
1427 2548 1496 2588 δῖα]
1528 2548 1636 2590 Atqui

940 2602 1022 2633 duas
1040 2601 1119 2642 Cyri
1143 2599 1227 2631 filias
1243 2598 1400 2629 Atossam
1420 2603 1457 2629 et
1478 2597 1636 2639 Artysto·

939 2663 1027 2692 nam,
1052 2662 1115 2683 nee
1139 2661 1204 2683 non
1235 2651 1383 2691 Parmyn
1406 2650 1567 2689 Smerdis,
1598 2655 1634 2682 et

938 2702 1148 2735 Phaedimam
1176 2701 1312 2740 Otanis,
1341 2699 1454 2740 filiam,
1488 2700 1634 2731 Darium

939 2753 1073 2784 duxisse
1100 2750 1207 2783 refert
1230 2749 1362 2781 Herod.
1387 2758 1445 2781 111.
1467 2752 1519 2781 88.
1564 2750 1631 2781 Sed

937 2806 1054 2836 harum
1070 2804 1227 2845 princeps
1243 2801 1309 2832 fuit
1324 2800 1512 2842 Artystona
1526 2801 1632 2832 Dario

937 2854 1081 2886 maxime
1097 2852 1264 2889 adamata,
1281 2851 1373 2891 cujus
1396 2851 1496 2881 etiam
1518 2851 1630 2891 imagi.

936 2915 1012 2937 nem
1039 2913 1081 2935 ex
1105 2912 1186 2934 auro
1210 2901 1316 2933 solido
1341 2904 1548 2941 compactam
1571 2901 1629 2932 ha-
