2174 3424
522 326 607 368 782

521 435 575 462 est
590 431 811 464 simillimus!
835 434 871 462 et
892 431 982 463 Plin.
1006 432 1054 463 H.
1078 432 1124 463 N.
1148 440 1217 465 ΧΗ.

521 484 572 512 17.
590 481 599 498 ‘
614 481 780 512 Mastiche
795 481 898 512 tertia
912 481 946 512 in
959 481 1071 513 Ponto
1084 481 1217 513 bitumi-

518 531 571 561 nis
585 531 748 562 sin1ilior.’
775 532 864 563 Mod.

563 582 581 622 ξ
599 584 635 612 11
661 582 831 622 Precatur]
852 582 934 622 Leg.
947 585 1101 622 precatus.
1133 582 1215 615 Fab.

564 631 615 662 Ne
625 641 657 662 se
668 641 782 671 regem,
792 632 863 672 ξω]
877 633 996 672 Virgil.
1011 632 1078 663 fine
1090 632 1215 672 Georg.

519 681 562 712 de
578 681 665 722 Imp.
682 681 837 722 Augusto
852 693 860 713 ε
880 683 888 699 ⁴
901 682 1087 723 Victorque
1102 683 1216 713 volen—

518 736 571 763 tes
598 732 667 762 Per
694 733 837 773 populos
860 733 919 764 dat
935 733 1037 773 jura:
1072 733 1128 764 Ita
1147 734 1216 764 De-

517 782 637 813 mosth.
660 782 693 813 in
711 783 860 824 Philipp.
887 782 1018 813 ἑκόντων
1040 781 1215 823 ἧρξανἝλ-

516 831 627 871 λήνων,
642 842 741 874 quam
765 843 925 864 summam
945 833 1079 864 laudem
1096 833 1215 873 guber-

516 883 645 913 natoris
672 892 758 922 esse,
783 884 871 914 Xen.
902 883 949 914 ait
979 884 1012 913 in
1036 883 1212 915 OEconom.

516 932 653 963 Videsis
668 933 789 964 AElian.
806 942 872 964 ΧΠ.
896 934 938 965 V.
960 933 1006 964 H.
1032 937 1063 964 9.
1089 934 1132 964 de
1159 935 1213 964 Τί-

516 982 728 1021 mesia,ultro
739 983 914 1023 imperinm
927 982 1213 1024 abdicante,qu0d

515 1031 668 1062 omnibus
680 1032 756 1063 odio
774 1042 810 1063 se
827 1042 900 1064 esse
916 1032 1059 1064 videret.
1084 1033 1132 1064 At
1146 1042 1213 1064 non

513 1081 613 1111 hodie
629 1085 762 1112 tantum
786 1085 845 1112 aut
870 1082 957 1122 heri,
973 1083 983 1099 ‘
1000 1082 1212 1113 ostentaudae

515 1140 578 1171 per
601 1135 746 1162 terrores
770 1132 932 1172 potentiae
959 1132 1044 1171 dira,
1068 1132 1127 1163 sed
1147 1131 1213 1163 fre-

515 1191 621 1222 quens
638 1181 766 1221 magnis
782 1182 942 1223 imperiis,
966 1182 1095 1223 gloria.’
1132 1183 1210 1215 Sen.

515 1231 558 1261 de
574 1232 680 1262 Clem.
698 1241 722 1262 1.
741 1235 771 1263 1.
798 1233 897 1263 Bern.

556 1282 629 1320 §12
659 1281 808 1320 Heroum]
836 1281 1009 1312 Palmaria
1031 1282 1211 1321 correctio,

511 1329 607 1369 cujus
621 1331 767 1362 inventae
784 1331 918 1361 laudem
938 1331 1074 1371 ingenio
1089 1331 1211 1362 Sebisii

511 1380 725 1411 transcribo:
751 1381 965 1419 temeritatis,
994 1381 1022 1411 si
1049 1391 1116 1422 qua
1146 1385 1210 1421 est,

511 1429 657 1469 culpam,
672 1430 728 1470 qui
757 1430 850 1460 nulla
872 1431 1042 1461 Mstorum
1067 1429 1209 1461 auctori-

510 1484 581 1511 tate
611 1479 866 1520 comprobatam
889 1481 923 1510 in
948 1484 1080 1511 textum
1109 1490 1208 1511 ausus

509 1539 581 1560 sum
599 1529 791 1569 admittere,
808 1529 888 1560 mihi
902 1539 1009 1560 servo.
1047 1529 1209 1561 Faciebat

508 1580 673 1611 audacem
696 1584 732 1611 et
752 1589 872 1611 vocum
897 1578 1053 1618 affinitas,
1069 1589 1145 1610 cum
1166 1589 1210 1610 ex

507 1639 621 1665 eorum,
636 1629 802 1670 quomodo
817 1630 979 1660 hactenus
998 1638 1113 1660 omnes
1129 1629 1207 1661 edd.

507 1679 690 1719 habebant,
704 1680 738 1710 in
753 1680 877 1711 heroum
893 1679 1001 1710 facilis
1025 1680 1070 1710 sit
1086 1679 1209 1710 transi·

509 1735 584 1762 tus:
623 1735 658 1761 et
692 1740 772 1761 vero
807 1739 989 1761 consensus
1019 1734 1206 1761 auctorum.

509 1780 598 1811 Nam
611 1784 645 1811 et
659 1781 752 1811 Plut.
767 1780 800 1811 in
817 1779 915 1811 Alex.
932 1789 962 1810 c.
977 1782 1029 1811 24.
1050 1783 1087 1810 et
1103 1779 1206 1810 Diod.

510 1839 603 1862 xvu.
633 1834 664 1862 7.
687 1830 919 1861 Alexandrum
942 1829 997 1860 Ilii
1013 1829 1138 1860 heroum
1154 1833 1206 1860 tu-

508 1880 615 1910 mulos
628 1880 662 1910 in
674 1881 821 1910 transitu
834 1883 1033 1909 veneratum
1046 1878 1207 1910 scribunt.

507 1931 689 1963 Ber-neccer.
713 1931 812 1961 Nunc
826 1929 973 1971 praefero
985 1934 1081 1960 vetus
1092 1939 1206 1960 eorum.

510 1982 597 2012 Nam
614 1991 678 2012 non
697 1986 828 2012 tantum
847 1981 888 2012 ad
906 1981 1043 2010 heroum
1060 1980 1206 2011 tumulos

506 2034 700 2074 parentavit
716 2033 932 2071 Alexander3
954 2031 1013 2062 sed
1026 2036 1061 2062 et
1077 2035 1206 2062 cetero-

505 2093 579 2114 rum
606 2084 756 2124 Trojano
780 2083 868 2114 bello
895 2091 1072 2119 caesorum,
1094 2081 1143 2111 nti
1161 2081 1206 2111 ci-

506 2138 579 2164 tato
596 2133 615 2163 1.
630 2133 755 2163 diserte
772 2131 866 2162 addit
882 2130 989 2162 Diod.
1014 2131 1111 2161 Idem.
1136 2129 1206 2160 Ad·

504 2184 579 2215 misi
593 2184 824 2224 conjecturam
841 2181 1040 2221 Sebisii,qui
1056 2181 1137 2220 legit
1154 2181 1205 2210 he-

504 2245 602 2265 roum-
638 2234 766 2266 Notiss.
784 2238 896 2265 autem
910 2237 963 2263 est
979 2232 1035 2263 illa
1051 2236 1206 2272 tempora

505 2284 599 2314 dicta
614 2284 718 2314 fuisse
732 2284 879 2314 heroica.
925 2282 966 2313 In
982 2281 1135 2312 omnibus
1154 2285 1203 2312 ta-

504 2343 580 2364 men
597 2334 692 2365 libris
702 2334 863 2374 scriptum
880 2337 932 2363 est
948 2342 1061 2364 eorum.
1085 2331 1204 2362 Faber.

503 2384 593 2415 Illud
621 2385 745 2415 heroum
780 2384 814 2414 in
846 2382 1090 2424 posterioribus
1124 2380 1203 2413 edd.

503 2434 743 2474 Ultrajectina,
781 2432 1014 2473 Lugdunensi,
1062 2432 1202 2472 ipsaque

503 2484 785 2525 Argentoratensi
799 2488 970 2514 servatum
986 2483 1095 2514 video.
1129 2483 1202 2513 Me-

503 2535 569 2564 rito
594 2538 706 2564 autem
730 2534 894 2564 Bernecc.
913 2533 1107 2574 repudiavit
1129 2542 1201 2563 rur-

503 2595 570 2616 sus.
617 2585 705 2616 Nam
732 2594 794 2615 nec
821 2584 853 2615 in
879 2585 946 2615 ullo
970 2583 1045 2615 cod.
1061 2584 1128 2614 Ms.
1144 2586 1202 2614 aut

502 2636 690 2676 antiquiore
722 2635 811 2675 typis
839 2644 999 2675 expresso
1027 2637 1201 2674 repertum

502 2685 582 2716 iilud
601 2685 686 2723 fuit3
710 2691 745 2716 et
762 2684 865 2716 Diod.
884 2694 974 2715 xvn.
995 2687 1045 2715 17.
1069 2683 1201 2722 scribit,

501 2735 732 2766 Alexandrum
750 2745 813 2766 non
838 2735 878 2766 ad
905 2735 1048 2766 tumulos
1061 2735 1199 2765 heroum

501 2789 643 2822 tantum,
662 2785 721 2815 sed
738 2790 772 2815 et
786 2789 991 2822 ceterorum,
1007 2784 1062 2824 qui
1084 2782 1199 2823 Troja-

501 2844 542 2864 no
559 2834 646 2865 bello
664 2835 847 2873 perierunt,
862 2839 1071 2875 parentasse.
1095 2833 1196 2864 Vorst.

500 2884 626 2919 Merito
642 2885 805 2917 uei-nece.
822 2884 906 2916 hauc
929 2884 1196 2917 emendationem

976 339 1117 370 NOTAE
1150 339 1415 371 VARIORUM
1449 341 1501 370 IN

1267 432 1392 464 Sebisii
1410 432 1576 473 probavit,
1591 436 1836 474 sequentesque
1857 431 1965 465 edito-

1269 491 1333 522 res,
1345 487 1383 513 ut
1398 487 1434 514 et
1449 483 1671 514 recentissimi
1687 482 1796 513 Faber
1813 486 1849 513 et
1873 482 1965 513 Oxo-

1267 531 1405 571 niensis,
1433 533 1512 573 quia
1537 532 1619 563 nihil
1649 532 1774 563 certius
1803 541 1866 562 non
1894 536 1964 563 tam

1267 581 1358 613 bello
1382 582 1533 622 Trojano
1559 591 1722 613 caesornm
1751 581 1850 622 (quot
1873 581 1965 612 enim

1266 631 1416 662 homines
1427 631 1521 662 nihili
1534 631 1732 663 ceciderunt
1742 630 1770 671 ἓ)
1783 641 1883 672 quam
1893 630 1964 662 exi-

1267 682 1408 712 miorum
1423 682 1563 712 heroum
1590 681 1739 712 manibus
1765 685 1964 721 parentasse

1267 731 1506 762 Alexandrum.
1537 731 1643 762 Groev.

1308 781 1395 813 CAP.
1410 790 1458 812 vr.
1483 782 1500 821 ᾧ
1526 784 1542 811 1
1567 781 1704 821 Milites]
1733 780 1801 812 Ms.
1817 781 1961 820 militem,

1266 830 1355 871 quod
1384 834 1438 861 est
1474 831 1674 870 elegantius,
1701 835 1737 862 et
1762 830 1787 862 f.
1819 831 1962 862 alterum

1264 880 1456 921 glossatoris
1470 884 1536 920 est,
1552 889 1617 911 non
1633 880 1772 912 Justini.
1796 880 1898 918 Schef.

1306 930 1500 960 Parcendum
1525 929 1589 960 suis
1612 928 1716 968 rebus]
1748 928 1803 960 Ita
1826 930 1961 960 Croesus

1264 979 1352 1020 Cyro
1380 979 1537 1018 suadens,
1562 989 1603 1009 ne
1626 978 1768 1019 Lydiam
1800 979 1964 1019 populan-

1264 1029 1341 1060 dam
1370 1029 1468 1059 militi
1490 1028 1600 1068 daret,
1625 1028 1634 1045 ‘
1650 1028 1730 1059 Non
1755 1027 1888 1067 meam,’
1915 1028 1964 1059 in-

1264 1079 1351 1119 quit,
1365 1079 1375 1096 ‘
1392 1079 1520 1118 urbem,
1536 1088 1603 1109 non
1619 1087 1673 1108 res
1690 1087 1793 1117 meas,
1810 1077 1962 1118 diripies,

1263 1129 1344 1159 nihil
1360 1128 1448 1159 enim
1465 1128 1508 1158 ad
1529 1139 1581 1160 me
1595 1128 1668 1168 jam
1684 1128 1748 1159 ista
1763 1128 1936 1168 pertinent
1951 1139 1960 1158 :

1263 1182 1322 1209 tua
1335 1181 1431 1209 sunt:
1458 1182 1515 1209 tua
1527 1178 1574 1208 ilii
1589 1178 1755 1218 perdent!
1786 1178 1917 1209 Herod.
1934 1188 1961 1209 1.

1262 1231 1314 1259 88.
1350 1227 1437 1259 Add.
1461 1229 1625 1260 monitum
1649 1228 1778 1261 Qnintii
1805 1229 1962 1259 Flaminii

1262 1288 1317 1317 ap.
1334 1278 1428 1309 Plut.
1443 1278 1476 1308 in
1493 1278 1563 1318 ejus
1576 1278 1658 1309 Vita
1671 1288 1701 1310 c.
1718 1282 1748 1310 7.
1773 1278 1961 1310 Alexandri

1262 1329 1450 1360 AEtolorum
1473 1329 1636 1370 principis
1662 1339 1717 1370 ap.
1743 1330 1817 1361 Liv.
1839 1339 1959 1361 xxxn.

1261 1382 1314 1410 33.
1334 1382 1384 1411 ll.
1415 1379 1616 1410 Athenionis
1639 1380 1673 1410 in
1696 1381 1860 1420 Excerpt.
1876 1380 1961 1412 Dio-

1261 1429 1335 1460 dori
1350 1437 1484 1460 xxxvr.
1500 1439 1533 1469 p.
1551 1432 1624 1462 847.
1642 1440 1692 1470 pr.
1722 1431 1824 1470 Nam,
1852 1435 1891 1461 ut
1911 1431 1960 1461 in-

1261 1479 1334 1519 quit
1368 1479 1509 1511 Jocasta
1550 1480 1593 1510 ad
1627 1480 1838 1520 Polynicem,
1877 1480 1958 1512 Sen.

1259 1528 1364 1559 Theb.
1379 1532 1446 1559 act.
1462 1537 1512 1560 ιν.
1524 1528 1628 1561 ‘Quae
1643 1528 1769 1569 corripi
1783 1529 1871 1570 igne,
1883 1539 1959 1571 quae

1260 1580 1342 1610 meti
1373 1579 1496 1619 gladio,
1528 1580 1643 1621 jubes,
1674 1580 1797 1611 Aliena
1825 1579 1960 1612 credis!

1261 1632 1270 1646 ‘
1288 1629 1426 1660 Nullum
1457 1629 1705 1669 desperationis
1745 1629 1959 1670 [Persarum]

1260 1679 1366 1719 majus
1378 1679 1535 1710 indicium
1545 1679 1756 1719 [Alexandro
1767 1679 1847 1719 fuit]
1859 1689 1959 1722 quam

1260 1729 1349 1769 quod
1375 1729 1489 1767 urbes,
1516 1729 1607 1769 quod
1635 1739 1734 1769 agros
1764 1739 1855 1770 suos,
1882 1739 1958 1760 ure-

1260 1783 1357 1810 rent:
1376 1778 1534 1820 quicquid
1550 1788 1616 1809 non
1633 1778 1870 1819 corrupissent,
1885 1779 1959 1810 hos-

1259 1830 1341 1860 tium
1359 1839 1433 1861 esse
1449 1829 1595 1861 confessi
1609 1830 1628 1860 :'
1667 1831 1763 1861 Curt.
1784 1838 1833 1860 1v.
1858 1832 1908 1860 14.
1926 1832 1958 1862 2.

1258 1880 1349 1912 Add.
1369 1880 1463 1911 Plut.
1484 1880 1638 1910 Demetr.
1655 1889 1686 1911 c.
1704 1882 1734 1910 8.
1749 1877 1775 1910 f.
1798 1879 1957 1910 Pertinet

1257 1931 1321 1961 huc
1337 1930 1504 1971 expositio
1517 1929 1737 1960 Freinshemii
1751 1928 1793 1960 ad
1811 1929 1906 1961 Curt.
1921 1938 1955 1962 v.

1257 1983 1289 2012 6.
1307 1983 1357 2011 12.
1390 1981 1488 2011 Rern.

1300 2031 1317 2070 ξ
1334 2033 1353 2061 2
1377 2030 1417 2061 In
1432 2029 1570 2060 exercitu
1584 2028 1664 2070 ejus]
1688 2029 1782 2060 Plut.
1804 2028 1838 2059 in
1855 2027 1955 2060 Alex.

1258 2090 1287 2111 c.
1304 2083 1357 2112 23.
1380 2080 1510 2118 scribit,
1534 2079 1651 2120 quosd.
1677 2079 1871 2110 Alexandro
1899 2079 1958 2110 tri·

1257 2130 1358 2161 bitere
1381 2129 1567 2171 τρισμυρίους
1591 2128 1714 2168 πεζοὺς,
1739 2129 1790 2170 (et
1815 2133 1867 2160 tot
1884 2129 1956 2160 edit

1257 2181 1361 2212 Diod.
1389 2190 1480 2212 xvu.
1497 2183 1548 2211 17.
1575 2184 1610 2211 et
1638 2179 1774 2211 Arrian.
1801 2178 1845 2220 1.)
1872 2179 1954 2210 alios

1255 2229 1519 2272 τετρακισχιλίους
1542 2228 1594 2260 καὶ
1614 2230 1811 2271 τρισμυρίους.
1851 2230 1955 2271 Equi-

1255 2286 1326 2313 tum
1343 2286 1455 2313 autem
1472 2282 1518 2312 illi
1535 2285 1565 2313 5.
1589 2282 1637 2312 Μ.
1660 2282 1694 2312 1ιί
1709 2284 1740 2313 4.
1764 2280 1867 2312 fuisse
1885 2285 1955 2312 tra-

1255 2333 1427 2363 diderunt.
1462 2331 1567 2363 Diod.
1590 2331 1623 2362 in
1645 2340 1785 2362 numero
1802 2331 1953 2372 equitum

1255 2382 1425 2414 consentit
1448 2392 1524 2413 cum
1548 2382 1704 2414 Justino:
1730 2381 1873 2413 navibus
1896 2391 1955 2413 au-

1255 2438 1323 2465 tem
1339 2433 1445 2473 longis
1464 2436 1518 2464 60.
1544 2432 1720 2472 trajecisse
1747 2432 1953 2474 Hellespon-

1254 2488 1324 2515 tum
1354 2482 1473 2514 refert.
1509 2483 1662 2513 Frontin.
1686 2491 1735 2513 1v.
1760 2485 1791 2513 2.
1815 2485 1846 2513 4.
1872 2481 1953 2514 solis

1253 2533 1420 2564 hominum
1434 2536 1487 2564 40.
1504 2533 1553 2564 Μ.
1571 2532 1687 2563 orbem
1710 2536 1875 2564 terrarum
1897 2542 1954 2573 ag-

1253 2593 1400 2625 gressum
1413 2582 1542 2614 scribit.
1570 2583 1675 2621 Bong.

1296 2635 1313 2675 ς
1337 2636 1355 2665 3
1385 2634 1496 2664 Utrum
1525 2632 1739 2663 admirabilius
1760 2632 1883 2672 vicerit,
1907 2643 1949 2664 tm

1251 2684 1382 2723 aggredi
1397 2693 1488 2714 ausus
1504 2682 1617 2722 fuerit,
1633 2683 1783 2713 incertum
1804 2682 1864 2722 est]
1889 2683 1951 2713 Le·

1252 2735 1342 2775 gitur
1354 2734 1452 2773 vulgo
1464 2737 1526 2764 utr.
1541 2733 1582 2764 sit
1595 2732 1818 2771 admirabilius,
1828 2733 1950 2774 vicerit,

1249 2794 1300 2815 an.
1326 2784 1497 2814 Putarunt
1521 2783 1609 2813 eninr
1633 2783 1784 2813 librarii‘
1804 2783 1949 2814 admira·

1251 2833 1349 2863 bilius
1362 2832 1369 2845 '
1387 2842 1458 2863 csse
1476 2842 1609 2871 nomen,
1634 2832 1731 2872 eique
1754 2832 1947 2863 necessario

1249 2882 1596 2916 verbumsubstantiv.
1606 2881 1684 2913 addi
1695 2887 1864 2923 oportere.
1880 2882 1948 2912 Ve—
