2174 3424
573 312 766 345 Jus‘rmi
803 312 898 342 Lm.
931 311 984 342 11.
1018 312 1123 344 CAP.
1152 303 1220 343 ll.

182 407 301 441 scribit
322 407 412 439 Saxo
437 415 486 439 lv.
513 416 548 448 p.
564 410 616 439 61.
635 410 689 438 15.
712 408 721 424 ‘
738 407 823 438 Cum
847 406 876 437 is

180 463 261 490 ante
292 467 406 490 omnes
436 457 526 488 bella
562 457 707 498 gesserit
735 457 876 498 primus,

179 510 262 551 fuga
276 519 356 542 vero
371 514 562 551 postremus
578 509 776 541 incesserit-⁹

219 559 261 590 In
284 559 431 599 periculis
453 558 595 598 timidus]
616 558 674 590 Ita
694 557 769 590 fere
799 557 872 589 Liv.

176 619 228 642 ιν.
253 612 307 641 28.
330 612 364 640 4.
395 609 405 626 ‘
429 609 472 640 In
500 609 570 640 otio
599 608 809 648 tumultuosi,
838 609 873 639 in

176 659 265 691 bello
280 658 425 700 segnes-⁹
455 659 502 690 Et
513 667 578 689 vn.
596 661 647 689 15.
662 661 694 690 2.
717 658 727 675 ‘
743 658 786 689 In
802 667 873 689 cas-

175 710 237 740 tris
250 707 398 747 feroces,
421 708 456 739 'm
472 708 545 739 acie
560 708 699 748 pavidi!
742 708 872 739 Contra.

174 759 253 790 Tac.
276 758 321 790 H.
343 768 368 790 1.
391 761 445 790 84.
468 759 478 776 ‘
494 759 708 789 Fortissimus
735 758 769 788 in
797 758 871 798 ipso

172 807 366 840 discrimine
381 808 566 847 exercitus,
589 809 646 849 qui
662 813 740 839 aute
756 807 872 839 discri-

172 867 251 889 men
273 857 564 890 modestissimus!
614 858 733 891 Qualis
759 858 870 889 Livia·

172 916 236 938 nus
251 907 317 939 iste
332 908 481 939 Manlius
496 917 563 939 vn.
579 911 629 939 10.
645 911 677 939 9.
701 908 759 949 qui
779 909 872 939 nulla

172 966 257 989 voce
273 962 332 989 ant
347 958 445 990 minis
461 959 496 989 in
511 958 648 990 Gallum
662 958 736 990 ibat
750 969 758 989 :
782 961 791 976 ‘
809 958 869 989 sed

170 1012 304 1049 pectus,
316 1009 502 1040 animorum
521 1008 649 1050 iraeque
664 1009 780 1040 tacitae
797 1009 870 1048 ple-

170 1067 264 1098 num,
284 1067 417 1090 omnem
442 1058 604 1090 ferociam
629 1059 663 1089 in
687 1058 871 1090 discrimen

169 1109 280 1150 ipsum
294 1110 488 1141 certaminis
504 1109 707 1141 distulerat!
727 1110 825 1140 Ber-n.

214 1160 232 1200 ξ
247 1162 289 1191 24
306 1159 450 1191 Conuexa
463 1159 604 1199 tullium]
617 1159 762 1190 Turneb.
778 1158 867 1189 Adv.

170 1209 230 1241 lib.
244 1218 333 1240 xxx.
348 1219 423 1250 cap.
436 1213 489 1242 27.
506 1209 549 1240 ad
564 1209 647 1240 illud
660 1209 780 1250 Virgil.
792 1209 867 1240 AEu.

170 1269 223 1292 ιν.
259 1261 269 1277 ‘
296 1261 420 1292 Taedet
454 1260 530 1292 caeli
560 1270 714 1291 convexa
747 1260 867 1292 tueri:'

168 1310 179 1327 ‘
192 1310 391 1350 Annotant‚’
403 1311 526 1352 inquit,
537 1311 546 1328 ‘
559 1309 782 1342 Grammatici
795 1310 867 1351 qui·

170 1359 260 1398 dam,
274 1369 460 1391 convexum
477 1360 554 1391 caeli
569 1360 662 1392 cerni
676 1369 742 1390 uon
756 1370 867 1400 posse,

170 1409 231 1440 sed
262 1410 337 1450 ejus
378 1419 574 1442 concavum.
631 1409 683 1441 Ac
720 1410 865 1451 denique

167 1459 178 1476 ‘
196 1459 363 1491 convexa'
379 1469 441 1500 pro
459 1460 615 1491 concavis
638 1459 761 1490 dixisse
778 1460 865 1491 Poe-

170 1512 262 1540 tam:
297 1518 374 1540 cum
406 1510 451 1541 sit
485 1519 685 1549 convexum,
726 1520 866 1542 curvum

170 1568 254 1590 cavo
270 1560 474 1600 oppositum.
518 1560 587 1591 Sed
609 1569 796 1591 convexum
812 1571 866 1591 ca-

169 1619 248 1640 vum
265 1619 340 1641 esse
355 1620 444 1651 reor,
466 1610 555 1652 quod
571 1621 589 1642 e
602 1611 738 1643 Justino
754 1620 794 1642 11.
812 1615 863 1643 10.

167 1659 311 1700 intelligi
327 1665 453 1700 potest,
474 1660 647 1692 scribente
670 1661 712 1692 de
735 1662 864 1701 Xerxe,

166 1708 176 1725 ‘
195 1709 241 1740 Et
256 1715 386 1741 montes
408 1710 444 1741 in
467 1711 628 1750 plannm‚'
643 1713 706 1742 ὅτε.
730 1716 766 1742 ct
789 1712 864 1752 ipso

165 1758 308 1790 Marone
321 1769 347 1791 1.
369 1760 444 1792 AEn.
456 1763 529 1791 310.
551 1761 560 1776 ‘
574 1761 721 1792 Classem
737 1761 770 1791 in
786 1771 864 1792 con-

163 1816 251 1838 vexo
266 1817 438 1840 nemorum
463 1809 524 1840 sub
547 1819 631 1850 rupe
657 1814 775 1841 cavata
797 1809 863 1841 Ar-

163 1857 302 1888 boribus
328 1860 476 1890 clausam
502 1860 629 1891 circum
657 1865 759 1901 atque
787 1861 861 1891 hor-

164 1907 317 1939 rentibus
333 1909 457 1940 umbris
474 1909 654 1941 Occulit.''
677 1911 766 1942 Mod.

207 1957 538 1999 Quaedam...ducebat]
554 1960 631 1991 Hoc
645 1959 688 1991 de
705 1959 858 2001 perfosso

162 2006 254 2038 Atho
278 2009 353 2039 vult
381 2010 540 2050 intelligi,
571 2010 674 2050 idque
702 2020 722 2040 a
746 2011 859 2041 multis

162 2056 237 2087 aliis
252 2055 378 2089 factum
393 2058 496 2090 fnisse
511 2060 683 2100 proditum
698 2059 777 2091 fnit.
813 2061 859 2091 Et

161 2110 275 2138 tamen
289 2107 410 2139 falsum
426 2114 492 2149 est,
513 2114 553 2140 ut
568 2119 611 2140 ex
633 2109 730 2140 Petri
744 2110 858 2140 Bello-

161 2157 209 2187 nii
224 2156 452 2199 descriptione
467 2164 617 2198 constat,
631 2160 688 2200 qui
704 2159 857 2190 oculatus

161 2208 262 2238 testis
283 2207 359 2240 fnit.
400 2209 456 2240 An
472 2209 550 2250 qnia
564 2209 631 2240 illis
649 2209 858 2249 temporibus

159 2265 254 2288 mare
269 2257 421 2298 AEgaeum
437 2259 578 2290 navibus
604 2268 671 2290 non
698 2258 860 2299 patebat?

162 2306 247 2347 Huj.
263 2308 394 2347 generis
411 2313 465 2340 est
480 2309 678 2340 miraculum
692 2308 775 2339 illud
789 2308 856 2339 An-

160 2356 294 2396 nibalis,
310 2367 329 2388 a
341 2368 406 2399 qno
419 2358 526 2399 Alpes
539 2364 670 2398 ruptas,
684 2357 858 2398 disjectas,

160 2411 197 2438 et
220 2407 472 2447 dispnlveratas
497 2412 595 2439 aceto
616 2407 742 2448 ferunt,
764 2408 858 2448 qnasi

160 2457 287 2488 calcem
302 2466 390 2498 aqua
403 2467 587 2498 aspersam.
619 2458 628 2474 ‘
645 2458 677 2489 O
699 2459 817 2497 Pater,
837 2467 857 2488 o

158 2506 329 2537 hominum
340 2507 533 2548 Divumque
543 2513 670 2538 aeterna
683 2508 858 2548 potestas?

160 2556 335 2588 Quantum
350 2557 439 2588 aceti
454 2567 539 2597 opus
554 2557 636 2588 fuit!
660 2558 743 2588 Plus
759 2562 855 2588 certe

160 2614 260 2646 quam
276 2611 438 2646 quantum
462 2615 557 2647 aquae
580 2612 680 2646 pater
695 2606 857 2638 Oceanus

159 2655 322 2686 continet.
347 2655 461 2686 faber.
507 2656 725 2687 Marcellinus
747 2665 854 2687 xxx1.

157 2702 342 2735 fabulosam
354 2714 488 2746 qnoque
499 2705 602 2736 habet
616 2706 702 2736 hanc
714 2705 856 2736 Athonis

160 2751 415 2792 perfossionem.
460 2753 527 2784 Sed
562 2754 633 2785 vid.
663 2754 745 2795 quid
775 2755 855 2785 Bel-

159 2801 250 2832 lonio
282 2807 318 2833 et
351 2802 528 2834 Ammiano
566 2804 773 2844 respondeat
808 2805 854 2836 Is.

160 2850 261 2883 Voss.
284 2852 319 2883 in
343 2853 433 2884 notis
456 2854 497 2884 ad
532 2854 573 2885 P.
602 2854 727 2886 Melam
754 2863 794 2886 11.
825 2857 855 2886 2.

1541 300 1625 342 685

929 406 1038 436 Groet.

967 456 1055 488 CAP.
1069 464 1119 487 xr.
1142 457 1158 497 ξ
1175 459 1195 487 2
1218 456 1371 496 Leonida]
1395 458 1478 498 Leg.
1496 463 1622 498 praeter

923 506 1055 538 Herod.
1072 516 1138 538 vu.
1156 510 1229 539 219.
1254 508 1355 539 Diod.
1371 517 1411 539 11.
1427 511 1458 539 4.
1476 514 1511 540 et
1524 509 1623 540 Oros.

922 565 962 587 11.
977 559 1008 587 9.
1037 556 1151 588 Strab.
1167 556 1225 587 lib.
1240 566 1291 589 tx.
1314 558 1435 588 AElian.
1447 567 1503 588 111.
1521 559 1562 588 V.
1573 558 1619 589 H.

922 608 974 637 25.
992 606 1167 637 Valerium
1189 615 1246 637 111.
1263 610 1294 638 2.
1319 612 1355 638 et
1377 608 1479 638 Paus.
1497 609 1621 639 Lacon.

921 655 1081 687 Meminit
1103 661 1139 687 et
1153 656 1283 688 Seneca
1309 658 1375 697 Ep.
1391 666 1535 688 lxxxii.
1562 657 1621 689 fin.

920 705 1000 737 Vid.
1015 710 1051 737 et
1066 706 1189 738 Ctesiae
1206 708 1389 748 Excerpta.
1431 708 1549 738 Variat
1565 708 1620 739 hic

920 755 1062 786 multum
1079 765 1098 785 a
1109 756 1248 787 ceteris,
1264 757 1420 797 Bongars.
1447 756 1536 788 Add.
1549 758 1620 789 Cic.

919 805 1018 836 Tusc.
1034 814 1058 836 1.
1069 808 1122 836 24.
1147 805 1262 847 Agell.
1275 816 1331 839 111.
1345 810 1376 838 7.
1399 808 1516 838 Tzetz.
1534 808 1619 839 Chil.

920 863 963 886 11.
979 857 1031 886 32.
1053 855 1154 886 Ber-n.
1341 852 1346 857 '

963 905 1169 937 Marathonia
1197 917 1305 947 pugna
1337 906 1509 946 interfecti,
1550 907 1618 947 ὄςικ]

919 955 1094 987 Decennio
1111 963 1200 989 ante.
1245 958 1327 999 Snp.
1346 968 1421 999 cap.
1435 961 1465 990 9.
1481 961 1534 989 20.
1566 959 1617 989 Id.

963 1007 979 1047 ’ς
1009 1011 1027 1037 5
1051 1008 1226 1048 Recedant]
1258 1008 1314 1040 Sic
1341 1008 1401 1040 inf.
1428 1017 1558 1040 xxvia.
1584 1012 1616 1042 4.

919 1058 952 1087 9.
975 1056 1028 1088 Id.

962 1107 978 1146 ξ
996 1108 1016 1136 8
1037 1106 1107 1139 Aut
1128 1108 1197 1147 regi
1213 1107 1449 1150 Spartanorum,
1465 1113 1520 1140 unt
1534 1109 1616 1148 urbi,

917 1158 1099 1198 cadendum]
1120 1158 1318 1190 Istiusmodi
1343 1159 1415 1190 fere
1443 1160 1616 1191 oraculum

917 1205 950 1236 in
978 1215 1081 1238 cansa
1109 1218 1242 1250 qnoque
1269 1209 1527 1240 Atheniensium
1557 1210 1616 1241 ali-

916 1257 1050 1297 quando
1080 1258 1209 1290 editum
1238 1259 1323 1298 fuit;
1355 1260 1456 1291 videl.
1483 1262 1492 1278 ‘
1516 1270 1615 1301 supe-

916 1307 1023 1338 riores
1039 1306 1113 1339 fore
1126 1309 1326 1350 Dorienses,
1340 1310 1375 1341 ni
1387 1319 1499 1350 regem
1512 1311 1617 1342 Athe-

914 1357 1081 1388 niensium
1119 1359 1346 1391 occidissent!
1403 1361 1614 1391 Tantundem

916 1408 1004 1437 enim
1019 1408 1083 1439 hoc
1100 1413 1152 1439 est
1168 1418 1206 1439 ac
1224 1409 1251 1440 si
1268 1409 1398 1440 dictum
1424 1416 1526 1449 esset,
1554 1416 1616 1441 aut

915 1456 1172 1489 Atheniensium
1188 1459 1261 1499 regi
1284 1459 1407 1499 Codro,
1432 1465 1491 1490 aut
1508 1470 1614 1500 popu-

915 1508 959 1546 lo,
982 1509 1171 1540 cadendum
1195 1519 1282 1540 esse.
1330 1510 1408 1540 vid.
1431 1520 1504 1551 sup.
1522 1520 1562 1542 11.
1579 1514 1611 1542 ὃ.

917 1561 967 1589 17.
997 1558 1099 1589 Vorst.
1142 1558 1245 1599 Angl.
1261 1569 1435 1600 responsum
1453 1561 1530 1600 cegi
1553 1561 1615 1600 Sp.

903 1607 1028 1648 ficerat,
1041 1619 1069 1639 a.
1084 1618 1114 1640 u.
1129 1612 1184 1639 aut
1199 1610 1277 1648 regi.
1324 1610 1437 1641 Etiam
1462 1611 1516 1641 hic
1543 1620 1611 1641 ser-

913 1659 1022 1690 vanda
1036 1660 1117 1690 lect.
1134 1660 1224 1699 vulg.
1257 1661 1332 1691 Nec
1348 1661 1435 1691 enim
1453 1667 1520 1693 tam
1538 1663 1611 1703 regi

911 1708 1027 1740 fuerat
1049 1718 1259 1750 responsum,
1285 1720 1382 1751 qnam
1409 1713 1614 1744 sciscitanti-

912 1758 985 1797 bus,
1006 1765 1045 1790 ut
1068 1760 1244 1799 snpen'ora
1265 1761 1463 1793 ostendunt.
1511 1762 1560 1793 Ac
1578 1763 1611 1794 hi

912 1807 1008 1839 fuere
1050 1809 1190 1849 Delphi,
1233 1819 1300 1840 non
1340 1820 1400 1841 rex
1440 1812 1609 1852 privatim.

911 1858 1014 1896 Sches.

953 1909 1007 1948 §9
1031 1908 1083 1939 Ita
1110 1918 1180 1940 suos
1193 1909 1397 1950 firmat-erat]
1421 1910 1498 1942 Nou
1526 1912 1608 1942 satis

908 1959 972 1989 hoc
988 1959 1149 1999 intelligo.
1196 1960 1249 1991 An
1272 1960 1371 1996 enim,
1400 1966 1438 1992 nt
1462 1962 1533 2002 quis
1559 1961 1608 1992 fa-

908 2009 978 2041 ciat
1007 2011 1147 2051 aliquid,
1181 2011 1222 2042 ad
1253 2012 1287 2042 id
1318 2021 1402 2052 opus
1424 2012 1540 2052 habet,
1570 2018 1609 2044 nt

907 2059 1081 2091 firmetur?
1126 2060 1175 2091 At
1202 2061 1285 2092 dicit
1312 2063 1455 2099 Noster,
1477 2062 1525 2093 ita
1553 2061 1609 2092 fir·

907 2119 1016 2141 masse
1033 2110 1216 2141 Leonidam
1237 2121 1326 2150 suos,
1348 2116 1386 2143 ut
1409 2112 1549 2152 scirent,
1571 2122 1608 2143 se

907 2160 1106 2200 (Leonidam
1124 2160 1190 2200 sc.)
1217 2161 1267 2192 ire
1293 2161 1405 2192 animo
1429 2168 1549 2202 parato
1564 2163 1605 2193 ad

908 2210 1130 2242 moriendum.
1175 2210 1283 2252 Atqui
1299 2211 1412 2243 facere
1427 2213 1490 2243 boc
1511 2220 1606 2254 pote-

907 2264 960 2291 rat
980 2260 1122 2300 simplici
1142 2260 1277 2292 indicio.
1324 2262 1438 2293 Quare
1454 2263 1607 2302 suspicor

908 2310 1085 2350 scripsisse
1100 2310 1278 2350 Nostrum,
1297 2311 1321 2342 i.
1343 2321 1369 2341 s.
1387 2311 1523 2350 format.
1541 2313 1560 2343 i.
1574 2322 1605 2343 e.

906 2357 1160 2389 informaverat.
1206 2360 1251 2390 Et
1268 2360 1315 2391 sic
1328 2360 1456 2391 Noster
1471 2371 1605 2402 quoque

906 2417 1015 2439 xvut.
1032 2411 1064 2439 3.
1087 2409 1096 2425 ‘
1112 2407 1169 2439 Ab
1186 2418 1226 2439 eo
1242 2408 1421 2449 formatus,
1442 2420 1517 2440 cnm
1538 2420 1607 2440 mc-

907 2459 962 2490 dio
988 2459 1098 2489 noctis
1118 2468 1233 2490 omnes
1259 2459 1295 2490 in
1317 2469 1418 2490 unum
1449 2470 1604 2499 campum

906 2509 1164 2549 processissent,
1201 2509 1325 2540 ceteriS
1364 2510 1398 2540 in
1438 2511 1603 2540 orientem

906 2558 1155 2598 spectantibus,
1177 2559 1266 2589 solus
1292 2559 1480 2590 occidentis
1497 2560 1604 2598 regio-

905 2617 980 2638 nem
1009 2607 1231 2638 intuebatur)
1284 2608 1374 2639 Sane
1399 2608 1602 2647 adhortatio,

907 2667 971 2698 qna
999 2666 1057 2688 eos
1086 2656 1209 2693 firmat,
1231 2657 1333 2696 paulo
1360 2663 1437 2697 post
1467 2657 1601 2688 demum

906 2717 959 2747 ap.
969 2706 1087 2737 Nostr.
1104 2706 1267 2746 sequitur,
1278 2710 1315 2736 ut
1330 2712 1507 2746 appareat,
1524 2711 1601 2736 ante

904 2756 1135 2797 nonsit-masse,
1160 2755 1219 2786 sed
1236 2755 1401 2793 formasse.
1425 2755 1534 2786 Idem.

948 2807 1021 2845 §10
1049 2805 1090 2835 L't
1115 2815 1181 2835 cum
1205 2805 1324 2844 paucis,
1350 2805 1417 2846 fisa]
1443 2804 1497 2835 Ita
1520 2813 1597 2834 mox

905 2864 980 2895 cap.
999 2857 1048 2886 13.
1066 2857 1095 2886 3.
1119 2854 1216 2885 Bern.
