2101 3419
426 340 510 382 862

427 444 619 476 Cassandro
649 445 835 477 amicitiam
863 456 902 478 ac
927 447 1123 478 societatem

425 495 551 534 iniisse,
561 496 654 535 cujus
668 496 832 527 beneficio
843 498 971 538 aliquot
984 499 1123 528 millium

425 545 614 576 exercitum
647 545 691 576 ab
716 556 755 576 eo
783 547 980 579 obtinuerit.
1036 549 1124 581 Quia

424 601 538 626 tamen
557 597 684 626 Noster
701 596 849 628 occisum
872 598 1004 635 scribit,
1021 599 1124 638 conji-

424 655 502 676 cere
529 646 624 685 licet,
652 645 789 677 tandem
818 656 932 678 rursus
960 647 1122 678 offensum

426 696 629 735 Cassandro,
653 702 755 738 atque
781 697 829 728 ita
854 698 896 729 ab
917 698 994 729 eod.
1020 699 1124 729 inter-

424 746 553 778 fectum
570 746 686 778 fuisse.
714 747 786 778 Vor.

469 798 487 837 ξ
500 800 519 828 2
535 797 783 837 Postulantibus]
808 799 998 839 Legatioue
1011 799 1125 837 missa,

425 848 468 880 de
496 858 563 889 qua
579 847 727 889 Appian.
754 849 796 880 B.
824 851 896 890 Syr.
925 859 958 890 p.
977 852 1050 880 121.
1083 851 1124 881 Ε.

427 899 526 930 Bern.

471 948 587 988 Capta]
613 948 688 979 Hoc
711 952 907 989 suspectum
934 949 1023 980 mihi.
1069 949 1123 981 An

426 998 513 1029 enim
531 998 678 1038 pecunia
704 999 736 1029 in
762 999 879 1039 praeda
905 1009 978 1030 esse
1010 1004 1125 1040 potest

424 1058 491 1079 non
505 1049 632 1089 capta?
677 1049 769 1080 Puto
786 1049 885 1089 plane
903 1059 1020 1080 vocem
1035 1053 1125 1090 capta

426 1099 621 1140 glossatoris
637 1110 722 1140 esse,
738 1110 811 1141 quae
823 1101 1021 1141 explicabat
1031 1106 1124 1131 aute-

425 1149 589 1181 cedentes
618 1151 627 1167 ‘
642 1150 788 1190 pecunia
806 1150 839 1180 in
858 1150 997 1191 praedass
1021 1149 1125 1188 Senes.

489 1200 666 1238 Antigonus
701 1201 839 1239 negarit,
875 1200 945 1241 δῖα]
990 1201 1126 1239 Fabius,

423 1250 432 1266 ‘
447 1260 545 1291 quam
563 1251 715 1282 arborem
732 1253 973 1292 conseruisset,
997 1253 1059 1282 sub
1086 1262 1125 1283 ea

425 1300 573 1331 fructum
592 1301 673 1332 alios
691 1301 817 1341 legere,
834 1302 1008 1342 indignum
1032 1302 1124 1333 esse'

425 1350 532 1381 dixit:
559 1351 633 1382 Liv.
649 1360 684 1382 x.
699 1354 750 1382 24.
764 1354 794 1382 S.
819 1352 893 1382 Nec
911 1353 1009 1383 aliter
1025 1352 1125 1382 Pom-

425 1400 520 1440 peius
533 1411 587 1441 ap.
605 1402 720 1433 Strab.
733 1411 800 1433 ΧΠ.
816 1412 847 1442 p.
861 1404 935 1433 384.
947 1405 999 1433 30.
1023 1402 1124 1433 Bern.

468 1451 507 1481 In
529 1451 614 1489 cajus
639 1452 825 1492 periculum]
848 1451 951 1493 Angl.
975 1453 1125 1492 pericula,

424 1500 510 1541 quod
523 1502 708 1542 respondet
721 1503 910 1543 elegantius
928 1503 1124 1544 praeceden-

425 1551 451 1581 ti
468 1552 476 1568 ‘
493 1551 654 1591 praemia!
683 1552 788 1590 Sclief.

468 1602 484 1641 ς
507 1604 525 1631 3
552 1601 596 1632 Ee
626 1605 660 1633 ut
682 1603 850 1642 honestum,
878 1603 944 1644 ξω]
975 1604 1125 1644 Lepidus

426 1662 481 1692 ap.
503 1652 584 1682 Sall.
599 1653 689 1684 Hist.
709 1661 764 1684 111.
777 1656 807 1685 4.
825 1657 875 1685 17.
893 1655 902 1671 ‘
917 1655 1022 1685 Dicta
1037 1655 1123 1686 alia:

425 1702 486 1732 sed
511 1707 679 1733 certatum
704 1703 863 1745 utrinque
888 1704 929 1735 de
948 1705 1126 1736 dominati-

425 1752 511 1783 one!
536 1753 659 1793 Polyb.
673 1754 810 1794 egregie
825 1763 883 1785 111.
902 1758 933 1785 6.
947 1765 991 1786 m.
1026 1756 1124 1786 Rern.

467 1803 642 1834 Alexandri
655 1804 764 1845 filium
780 1816 847 1836 cum
863 1810 960 1837 matre
969 1807 1125 1838 obsidione

424 1853 678 1893 Ampliipolilanu
707 1855 851 1895 liberare]
888 1856 992 1886 Filius
1009 1856 1063 1886 ille
1082 1855 1124 1886 A·

424 1904 578 1934 lexandri
604 1909 639 1935 et
664 1905 736 1945 ipse
765 1905 963 1936 Alexander
985 1910 1124 1937 vocatus

425 1951 510 1983 fuit:
541 1958 576 1984 et
594 1954 701 1994 primo
726 1964 801 1985 cum
826 1955 1031 1995 Olympiade
1049 1956 1125 1986 avia

425 2008 461 2034 et
492 2004 633 2034 Roxane
660 2010 766 2035 matre
794 2005 947 2045 Pydnam
969 2005 1122 2043 delatus;

425 2053 548 2085 deinde
578 2055 691 2085 occisa
714 2055 788 2085 avia
813 2065 888 2085 cum
913 2060 1018 2085 matre
1036 2056 1123 2085 Rox-

425 2112 487 2133 ane
505 2103 537 2133 in
554 2113 665 2134 arcem
684 2103 995 2144 Amphipolitanam
1012 2111 1124 2135 custo-

425 2153 567 2184 diendus
595 2154 715 2184 missus
739 2153 805 2185 fuit
829 2165 847 2184 a
864 2154 1070 2195 Cassandro,
1085 2160 1124 2186 ut

424 2213 466 2234 ex
485 2212 560 2235 xiv.
575 2208 605 2235 ὃ.
617 2207 649 2235 2.
664 2210 699 2236 et
713 2207 764 2235 13.
778 2205 922 2245 intelligi
939 2205 1029 2236 licet.
1074 2206 1124 2236 Ea

424 2253 527 2293 igitur
542 2253 694 2284 custodia
713 2259 748 2285 et
763 2254 963 2294 captivitate
980 2254 1123 2286 liberare

424 2303 619 2344 Antigonus
645 2314 721 2335 eum
748 2305 866 2335 voluit.
912 2305 1027 2345 Ipsam
1044 2315 1123 2345 cap-

424 2353 593 2385 tivitatem
610 2359 645 2385 et
661 2354 849 2385 custodiam
873 2354 999 2386 Noster
1013 2356 1022 2372 ‘
1035 2355 1125 2386 obsi-

426 2402 577 2433 dionem'
609 2402 712 2435 dicit:
738 2404 907 2445 quomodo
931 2409 965 2436 et
992 2413 1122 2436 xxxix.

426 2455 456 2482 l.
472 2454 501 2482 1.
531 2452 603 2483 Vor.

467 2502 484 2541 ς
507 2504 528 2532 6
551 2502 660 2533 Asiam
677 2506 707 2533 et
721 2503 857 2543 partem]
892 2504 976 2535 Mss.
1002 2505 1069 2536 mei
1094 2508 1125 2536 et

420 2554 546 2592 partes.-
560 2552 727 2593 quomodo
743 2560 833 2585 amat
845 2554 933 2595 loqui
946 2555 1101 2587 ,lustinus
1117 2567 1123 2585 :

424 2601 471 2632 sic
488 2601 576 2632 enim
595 2608 630 2633 et
647 2611 669 2634 1.
687 2605 719 2634 7.
734 2606 765 2634 7.
789 2605 797 2620 ‘
812 2604 929 2635 Croeso
942 2610 977 2636 et
995 2606 1074 2646 vita,
1089 2610 1125 2637 et

425 2654 619 2693 patrimonii
632 2659 758 2695 partes,
776 2660 811 2686 et
828 2656 906 2687 urbs
921 2658 1030 2688 Barce
1045 2667 1124 2689 cou-

424 2712 519 2735 cessa
545 2704 645 2736 sunt.’
674 2705 814 2736 Medius.
860 2707 944 2739 Mss.
972 2707 1125 2739 Modiani

425 2757 460 2784 et
477 2763 559 2784 unus
571 2754 751 2795 Bongarsii
762 2759 790 2785 et
801 2760 930 2795 partes;
947 2758 1036 2798 quod
1054 2759 1124 2799 pla-

425 2808 478 2834 cet
494 2813 563 2844 prae
579 2804 743 2836 hactenus
759 2806 864 2846 edito,
889 2811 1022 2848 partem.
1068 2809 1123 2840 Sic

424 2854 513 2885 enim
539 2854 670 2887 Auctor
696 2857 798 2889 etiam
822 2866 847 2889 1.
877 2861 908 2891 7.
928 2862 959 2891 7.
984 2864 1019 2891 et
1045 2859 1123 2892 alibi

425 2907 584 2948 loquitur.
609 2909 707 2941 Bern.

882 352 1022 382 NOTAE
1056 353 1319 384 VARlORUM
1356 353 1405 383 IN

1217 448 1310 488 Apud
1329 449 1508 489 Gamalam]
1531 447 1683 488 Legend.
1700 447 1819 478 Gazam
1831 456 1876 478 ex

1175 498 1273 529 Diod.
1293 501 1437 530 xix.9›l.
1462 499 1553 529 Plut.
1571 499 1602 529 in
1623 499 1776 528 Demetr.
1799 507 1828 528 c.
1843 501 1875 530 6.

1174 546 1322 587 Appiau.
1351 548 1384 578 in
1408 548 1562 589 Syriaca,
1585 554 1619 579 et
1641 549 1710 589 huj.
1726 548 1785 580 lib.
1810 548 1875 579 Pe-

1175 597 1298 628 riocha.
1342 598 1502 628 Meminit
1531 598 1599 638 huj.
1630 598 1740 638 proelii
1773 599 1874 629 Paus.

1175 648 1207 678 in
1240 648 1312 679 Att.
1343 658 1408 689 quo
1435 649 1452 678 l.
1479 649 1658 679 Ptolemaei
1682 659 1734 679 res
1760 653 1874 689 gestas

1176 698 1326 729 breviter
1349 703 1384 729 et
1407 704 1567 730 accurate
1594 704 1761 731 recenset.
1789 700 1876 730 Βοη-

1171 758 1258 787 garS.
1302 750 1411 789 Bong.
1429 750 1512 789 legit
1527 750 1645 780 Gazam
1662 760 1702 780 ex
1720 750 1821 781 Diod.
1838 755 1875 781 et

1176 798 1261 828 aliis.
1309 799 1397 829 Puto
1428 804 1539 830 tamen
1572 800 1663 832 Just.
1698 800 1874 840 scripsisse

1178 848 1342 880 Gamalan.
1400 849 1561 880 Proxima
1597 851 1686 880 enim
1715 855 1769 881 est
1795 849 1874 880 urbs

1174 898 1246 929 lia-c
1263 899 1378 929 Gazre.
1424 900 1561 940 Quippe
1578 900 1610 930 iu
1634 899 1787 930 Idumaea
1807 904 1872 930 est.

1175 949 1255 979 Noli
1282 948 1369 980 hane
1395 949 1604 980 confundere
1630 959 1703 980 cum
1724 946 1876 980 ‘Gamala

1175 999 1374 1030 Plioeniciae.
1417 999 1529 1030 Etiam
1549 1000 1681 1030 Gabala
1698 1010 1724 1030 s.
1742 1000 1875 1031 Gebala

1175 1050 1380 1089 appellatur,
1402 1055 1440 1080 ut
1460 1055 1604 1080 testatur
1626 1050 1743 1090 Steph.
1774 1050 1874 1081 Unde

1175 1099 1288 1139 portio
1315 1099 1477 1130 Idumaeae
1499 1100 1592 1131 dicta
1615 1105 1667 1130 est
1684 1099 1872 1130 Gabalene.

1175 1150 1355 1180 Sexcentis
1371 1154 1483 1181 autem
1505 1150 1695 1182 nominibus
1712 1150 1747 1180 τὸ
1762 1163 1784 1189 μ
1807 1151 1837 1181 in
1851 1153 1875 1186 β

1175 1205 1340 1231 mutatum
1366 1205 1429 1239 est,
1452 1205 1486 1231 et
1511 1206 1651 1232 contra:
1676 1201 1874 1232 ut‘Aman-

1176 1251 1244 1282 tes’
1266 1254 1274 1268 ‘
1287 1250 1464 1291 Abantes‚'
1479 1250 1597 1292 μύρμηξ
1612 1251 1740 1292 βύρμηξ,
1756 1251 1874 1292 τέρμιν-

1175 1303 1226 1332 Θος
1253 1300 1433 1342 τερέβινθος.
1465 1303 1521 1334 Sic
1545 1313 1678 1344 quoque
1705 1313 1723 1333 e
1749 1303 1874 1333 Graeco

1174 1351 1284 1386 βουνὸς
1314 1353 1426 1382 Latini
1456 1352 1570 1383 fecere
1596 1353 1734 1384 ‘mons.'
1788 1354 1874 1385 Voss.

1176 1401 1346 1432 Praeclare
1371 1403 1469 1432 Voss.
1499 1403 1653 1434 Gamalan
1669 1403 1874 1435 emendavit.

1176 1451 1276 1484 Quod
1304 1451 1477 1482 stabilitur
1500 1462 1518 1482 a
1548 1452 1674 1492 Juniis,
1701 1453 1734 1483 in
1755 1453 1874 1493 quibus

1176 1502 1273 1541 plane
1303 1502 1480 1533 Gamalam.
1511 1502 1626 1535 Graev.
1673 1505 1781 1544 Bong.
1807 1504 1873 1533 Ga-

1174 1562 1252 1582 zam.
1283 1552 1380 1583 Voss.
1420 1553 1587 1591 Gamalan,
1623 1563 1698 1594 quae
1729 1553 1806 1584 olim
1830 1552 1873 1584 ad

1177 1603 1304 1633 Gazam
1330 1607 1416 1634 erat.
1474 1603 1514 1634 Id
1554 1603 1665 1634 firmat
1691 1603 1744 1634 ed.
1777 1603 1874 1635 Junt.

1177 1663 1273 1693 qnam
1291 1654 1423 1685 clariss.
1448 1654 1504 1684 ille
1527 1654 1624 1685 Voss.
1648 1663 1714 1685 non
1731 1653 1874 1692 viderat,

1176 1713 1252 1734 cum
1268 1704 1376 1735 Notas
1393 1714 1467 1734 suas
1483 1704 1660 1736 scriberet.
1701 1704 1827 1734 Tamen
1841 1703 1875 1734 in

1176 1755 1295 1785 minori
1328 1756 1483 1795 Epitome
1513 1756 1612 1795 plane
1634 1755 1761 1796 legitur
1783 1754 1874 1786 ‘Ga-

1177 1805 1272 1836 zam.’
1317 1806 1484 1836 Minorem
1498 1806 1678 1847 Epitomen
1690 1815 1775 1836 voco
1791 1804 1874 1836 Pro-

1177 1855 1269 1895 logos
1295 1856 1382 1895 illos,
1411 1865 1435 1887 s.
1464 1856 1638 1896 periochas
1659 1855 1758 1896 Trogi
1776 1855 1875 1886 Pom-

1177 1907 1256 1946 peii.
1282 1906 1397 1937 faber.
1443 1907 1565 1938 Editur
1581 1907 1681 1946 vulgo
1711 1906 1874 1936 Galaman.

1176 1956 1291 1986 Vorst.
1339 1957 1504 1987 Gamalam
1529 1957 1643 1987 Vorst.
1674 1956 1806 1996 recepit
1840 1955 1874 1986 in

1177 2010 1320 2036 textum.
1344 2005 1446 2043 Scliaes.

1219 2057 1235 2096 ξ
1268 2059 1286 2087 7
1324 2057 1429 2095 Major
1463 2057 1624 2087 Ptolemoei
1656 2057 1875 2087 moderationis

1172 2106 1292 2146 glorio]
1314 2106 1542 2147 Thrasybulus
1567 2107 1754 2148 ‘insignem
1769 2107 1874 2138 victo-

1176 2156 1259 2186 riam
1291 2157 1468 2187 clariorem
1495 2157 1665 2198 aliquanto
1691 2157 1875 2188 moderati-

1176 2205 1246 2236 onis
1259 2206 1357 2237 laudc
1375 2206 1458 2237 fecit
1471 2207 1492 2237 :'
1516 2208 1593 2238 Val.
1607 2209 1657 2239 M.
1675 2217 1722 2238 iv.
1741 2211 1770 2238 l.
1792 2207 1874 2239 Aci-

1176 2255 1238 2286 lius
1255 2257 1331 2287 Cos.
1346 2257 1473 2288 ‘multo
1490 2257 1655 2289 modestia
1671 2263 1749 2299 post
1765 2259 1874 2290 victo-

1177 2305 1272 2344 riam,
1286 2316 1384 2346 quam
1403 2307 1475 2347 ipsa
1486 2308 1630 2339 victoria
1643 2308 1845 2340 laudabilior
1855 2308 1876 2340 :’

1175 2354 1248 2385 Liv.
1274 2363 1402 2386 xxxvi.
1419 2359 1472 2387 21.
1495 2359 1526 2387 3.
1572 2357 1661 2389 Quia
1687 2358 1874 2398 praesertim

1177 2404 1257 2435 alias
1284 2406 1293 2421 ‘
1307 2406 1448 2436 victoria
1473 2411 1593 2437 natura
1613 2408 1757 2439 insoleus
1773 2413 1809 2439 et
1823 2417 1875 2439 su-

1177 2455 1284 2496 perba
1300 2462 1353 2487 est
1367 2457 1386 2487 :'
1409 2458 1480 2488 Cic.
1499 2467 1557 2498 pro
1571 2459 1725 2489 Marcell.
1742 2461 1773 2490 3.
1788 2459 1797 2475 ‘
1812 2458 1875 2490 Re-

1177 2505 1210 2545 gi
1238 2504 1352 2536 fraenis
1385 2507 1501 2547 nequit
1531 2507 1575 2537 Et
1602 2508 1663 2546 ira,
1694 2512 1730 2538 et
1754 2508 1874 2539 ardens

1176 2556 1293 2596 bostis,
1315 2561 1350 2587 et
1366 2556 1532 2596 Victoria,
1549 2557 1761 2599 Gladiusque
1779 2557 1874 2596 felix,

1177 2607 1230 2647 cuj
1238 2617 1273 2638 us
1287 2607 1404 2638 infecti
1416 2608 1519 2638 semel
1530 2609 1657 2640 Vecors
1673 2609 1776 2640 libido
1792 2614 1842 2641 est
1854 2609 1877 2641 :'

1177 2658 1252 2689 Seu.
1267 2657 1395 2688 Troad.
1413 2660 1487 2688 278.
1505 2661 1569 2690 &c.
1593 2660 1691 2690 Bern-

1219 2709 1235 2749 ς
1260 2711 1279 2739 8
1304 2709 1376 2740 Non
1392 2709 1488 2740 solum
1503 2720 1569 2740 cum
1583 2711 1647 2741 suis
1671 2711 1759 2742 rebus
1782 2711 1874 2743 dimi-

1175 2758 1229 2798 sit,
1241 2768 1344 2789 rerum
1360 2760 1454 2789 etiam
1470 2770 1499 2790 α.
1517 2760 1539 2790 i.
1555 2770 1593 2791 m.
1610 2761 1788 2802 honoravit]
1814 2761 1872 2793 Ita

1176 2808 1363 2839 rectissime
1402 2809 1609 2850 antiquiores
1647 2811 1737 2853 typis
1776 2821 1870 2852 expr.

1174 2859 1380 2899 Bongarsius
1406 2859 1444 2889 τὸ
1463 2860 1623 2891 honorat-it
1644 2865 1872 2902 expunxerut,

1175 2910 1273 2952 inque
1290 2910 1363 2951 ejus
1385 2911 1494 2943 locum
1518 2910 1555 2941 τὸ
1576 2911 1696 2943 dimisit
1724 2916 1870 2944 transtu-
