2174 3424
468 336 552 376 7:20

514 439 751 480 Pharnabazus]
766 439 940 471 Persicum
957 439 1044 470 bunc
1057 439 1173 470 Satra-

471 498 548 529 pam
566 489 680 520 nescio
704 499 807 530 quare
832 491 841 506 ‘
858 489 995 521 ducem'
1011 490 1173 520 Lacedae-

469 538 657 569 moniorum
685 539 839 580 appellet
863 539 1016 570 Auctor:
1045 539 1173 570 socium

469 588 598 619 rectius
612 593 647 620 et
664 589 807 621 amicum
824 589 977 621 dixisset.
1001 589 1103 621 Bern.

514 640 531 680 ξ
548 642 568 670 4
595 640 715 676 Quibus
728 650 763 671 ea
776 651 825 671 res
839 644 988 681 quaestum
1001 639 1173 681 praebebat]

470 691 577 722 Diod.
609 701 692 724 XIII.
722 696 775 725 53.
809 703 862 734 pr.
893 695 933 725 Οἱ
956 695 1174 733 πολεμοποιεῖν

471 741 620 783 εἰωθότες,
641 743 691 774 καὶ
710 744 767 775 τὰς
788 744 934 783 δημοσίας
948 744 1087 786 ταραχὰς
1100 744 1174 776 ἰδίας

471 790 639 830 ποιούμενοι
651 793 830 834 προσόδους.
847 795 1007 834 Bongars.
1044 795 1100 825 Sic
1117 804 1173 834 ap.

470 842 546 873 Liv.
576 851 632 874 111.
657 846 711 874 66.
742 847 773 876 3.
804 849 843 876 ut
867 845 967 885 AEqui
996 848 1033 875 et
1056 844 1173 875 Volsci

470 897 563 924 cont.
581 893 752 924 Romanos
769 903 863 925 arma
877 898 1057 934 caperent,
1072 895 1081 911 ‘
1098 903 1174 934 per-

469 947 647 974 suaserant
680 943 720 974 iis
751 943 858 974 duces
898 943 1015 984 cupidi
1041 943 1174 984 praeda-

470 991 570 1022 rum.’
616 992 663 1023 Hi
686 993 771 1024 tales
796 993 965 1033 nimirum,
986 994 995 1010 ‘
1013 997 1174 1034 tanquam

471 1041 621 1073 artifices
638 1042 796 1083 improbi,
820 1053 903 1084 opus
924 1048 1093 1084 quaerunt,
1118 1043 1175 1084 qni

472 1096 510 1122 ct
526 1101 661 1133 semper
673 1094 755 1133 aegri
767 1093 892 1134 aliquid
904 1103 979 1124 esse
993 1094 1025 1124 in
1037 1093 1172 1133 republ.

472 1143 605 1181 volunt,
633 1147 669 1173 ut
695 1143 738 1174 sit
769 1143 811 1174 ad
834 1144 930 1183 cujus
958 1143 1173 1174 curationem

472 1193 722 1225 adhibeantur!
747 1194 819 1225 Liv.
834 1203 868 1225 v.
885 1196 916 1226 3.
932 1197 964 1225 6.
988 1194 1087 1225 Bern.

514 1244 531 1283 ἕ
548 1247 566 1274 5
592 1244 722 1274 Illatum
737 1254 755 1274 a
774 1243 1100 1283 Carthaginiensibus]
1119 1243 1174 1274 De

470 1302 538 1333 quo
577 1293 644 1326 vid.
679 1294 783 1324 Diod.
813 1303 896 1326 xm.
928 1297 981 1326 43.
1012 1298 1049 1325 et
1078 1304 1174 1336 seqq.

471 1343 578 1381 Bong.

515 1394 667 1435 Domum]
690 1393 799 1425 Abest
816 1404 835 1425 a
851 1394 916 1426 Ms.
946 1394 1047 1426 Unde
1066 1395 1173 1435 suspi-

471 1453 532 1475 cor
548 1445 718 1485 adjectum
731 1455 772 1475 ex
785 1444 1072 1485 interpretatione
1086 1446 1173 1486 glos-

472 1495 605 1526 satoris,
633 1495 740 1533 Schef.

516 1546 533 1586 §
561 1548 582 1576 6
611 1545 749 1585 Adjicit]
773 1546 860 1577 Mss.
888 1546 954 1576 mei
980 1545 1114 1577 addicit:
1139 1549 1175 1577 et

471 1605 550 1626 mox
576 1595 770 1627 Alcibiadem
796 1596 929 1627 miratur
951 1606 1012 1637 pro
1035 1597 1175 1637 vulgata

472 1645 543 1675 Alc.
569 1645 744 1682 mirantum
767 1646 827 1677 sed
850 1650 1009 1677 neutrum
1033 1647 1175 1688 recipio.

474 1695 566 1726 Mod.

515 1745 652 1786 Adjicit]
676 1746 817 1776 Rectum
834 1746 920 1778 hoc:
943 1746 1003 1777 sed
1018 1747 1102 1778 Mss.
1117 1747 1174 1778 alii

473 1796 603 1836 addicit,
626 1797 682 1827 alii
708 1798 825 1829 adicit.-
850 1798 941 1839 quod
959 1799 1129 1838 posterius
1155 1809 1173 1830 e

471 1846 635 1877 Veterum
660 1848 941 1887 pronunciatione
964 1853 1029 1887 est,
1058 1852 1092 1879 et
1118 1857 1174 1879 ex-

474 1896 608 1926 terendi
633 1897 645 1927 z'
670 1898 821 1928 vocalem
849 1897 1109 1936 consuetudine,
1131 1898 1174 1929 de

474 1954 542 1985 qua
580 1945 694 1985 Agell.
732 1956 779 1978 ιν.
814 1950 864 1978 17.
927 1947 983 1977 Sic
1024 1948 1174 1979 Martial.

473 1994 564 2026 idem
581 1996 720 2027 verbum
735 1997 872 2037 scripsit
889 2005 924 2027 x.
941 2000 994 2028 82.
1019 1998 1028 2014 ‘
1042 1997 1173 2039 Siquid

473 2052 589 2077 nostra
619 2047 686 2077 tuis
724 2047 830 2078 adicit
871 2047 1009 2078 vexatio
1051 2046 1176 2078 rebus!

475 2096 563 2127 Haec
595 2095 730 2129 Acidal.
770 2096 813 2128 ad
845 2098 935 2128 Vell.
963 2106 1003 2128 11.
1037 2100 1110 2129 130.
1141 2100 1173 2129 8.

475 2145 575 2177 Bern.

519 2197 572 2236 §8
597 2195 662 2226 His
684 2195 822 2226 omnibus
841 2196 976 2237 pra’liz's]
997 2199 1027 2228 5.
1050 2199 1174 2227 terres-

476 2244 584 2277 tribus
601 2250 634 2276 et
650 2249 681 2276 3.
700 2246 884 2277 navalibus.
902 2246 1048 2277 Probus.
1068 2246 1173 2285 Bong.

519 2296 572 2336 §9
596 2297 773 2336 Mirantur]
796 2297 865 2327 Per
878 2297 1069 2336 Syntliesin.
1099 2297 1174 2327 Μο-

476 2345 523 2376 dii
539 2351 651 2377 tamen
672 2346 757 2376 Mss.
773 2346 918 2377 miratur.
943 2346 1047 2376 Bcrn.

519 2397 536 2436 ᾗ
554 2398 593 2426 10
610 2396 659 2427 De
671 2397 743 2426 coelo
755 2396 896 2436 missum]
912 2396 1037 2427 Minut.
1051 2395 1175 2428 Octav.

476 2446 486 2463 ‘
504 2446 545 2477 In
570 2446 768 2477 hodiernum
794 2446 970 2486 inopinato
986 2446 1074 2477 visos
1091 2447 1176 2477 caelo

476 2496 608 2535 missos,
637 2496 804 2536 ignobiles
835 2502 871 2527 et
911 2497 1044 2537 ignotos
1072 2501 1175 2528 terrae

477 2545 578 2584 filios,
601 2546 837 2577 nominamus.'
859 2547 1019 2585 Bongars.
1064 2547 1110 2578 Et
1132 2556 1176 2577 ex

478 2605 519 2627 eo
537 2596 696 2627 Lactant.
714 2605 738 2626 ι.
759 2599 810 2627 11.
835 2596 844 2612 ‘
858 2597 997 2628 Virtute
1022 2596 1176 2627 nobilita-

478 2650 530 2677 tos
547 2651 582 2677 et
599 2646 774 2686 inopinato
790 2647 877 2678 visos
894 2647 980 2678 coelo
997 2647 1108 2687 lapsos
1121 2656 1176 2677 no-

477 2696 666 2727 minumus!
700 2697 770 2728 Cic.
783 2706 807 2728 I.
824 2697 865 2727 ad
879 2698 920 2729 Q.
935 2697 990 2728 Fr.
1004 2700 1036 2728 2.
1058 2697 1067 2714 ‘
1081 2696 1176 2728 Grae-

479 2746 512 2776 ci
539 2747 588 2777 sic
612 2752 646 2777 te
672 2747 722 2777 ita
744 2746 916 2777 viventem
940 2746 1178 2786 intuebuntur,

479 2800 518 2826 ut
543 2806 561 2826 e
588 2797 673 2827 coelo
694 2797 845 2827 divinum
869 2797 1037 2827 hominem
1052 2805 1126 2827 esse
1143 2796 1176 2826 in

480 2847 692 2885 provinciam
707 2847 880 2886 delapsum
893 2845 1036 2886 putent.'
1066 2845 1176 2877 Simil-

482 2896 562 2927 limc
580 2897 706 2929 Nostro
723 2896 834 2929 Amin.
852 2897 902 2928 M.
920 2905 1012 2928 xxii.
1027 2899 1058 2927 2.
1085 2896 1094 2913 ‘
1119 2895 1176 2927 Ef-

922 345 1064 374 NOTAE
1098 345 1360 375 VARIORUM
1395 345 1443 374 ΙΝ

1221 438 1432 471 fundebatur
1447 442 1529 471 aetas
1546 438 1650 471 omnis
1666 442 1702 470 et
1717 447 1829 478 sexus,
1846 441 1920 469 tan-

1222 500 1322 531 quam
1348 490 1528 521 demissum
1558 490 1705 530 aliquem
1733 489 1845 520 visura
1877 488 1919 519 de

1222 539 1332 571 coelo!
1378 540 1472 580 Lips.
1488 539 1607 580 Antiq.
1621 540 1719 570 Lect.
1733 548 1772 570 ιι.
1789 541 1841 570 12.
1856 538 1920 570 hoc

1222 590 1289 621 dici
1303 594 1399 630 putat
1411 589 1600 621 imitatione
1611 589 1753 620 Homeri
1765 588 1831 620 Od.
1840 597 1920 620 vnr.

1223 643 1296 673 173.
1311 642 1443 674 Bernec.
1477 641 1580 681 Angli
1599 649 1664 671 una
1677 649 1761 671 voce
1778 639 1923 677 auctius,

1222 691 1311 730 quasi
1335 691 1439 722 Deum
1471 692 1509 722 de
1539 691 1620 721 coelo.
1675 690 1823 721 Videtur
1852 698 1921 720 non

1222 741 1410 781 inelegans.
1461 741 1529 772 Sed
1559 740 1586 771 si
1614 743 1708 771 recte
1735 739 1922 775 examines,

1223 791 1332 831 glossa
1347 795 1412 830 est,
1435 800 1498 822 nec
1515 800 1554 821 ea
1570 791 1651 821 satis
1668 794 1760 830 apta.
1805 789 1924 830 Sequi-

1224 845 1281 872 tur
1303 841 1390 872 cnim
1413 841 1422 858 ‘
1443 846 1481 872 ut
1503 841 1611 881 ipsam
1627 839 1839 879 Victoriam,'
1862 839 1922 870 ubi

1223 890 1305 921 illud
1321 891 1330 907 ⁶
1344 890 1462 931 ipsam’
1487 891 1633 931 positum
1658 889 1850 929 emphatice
1871 898 1924 919 os-

1223 940 1347 978 tendit,
1361 941 1435 980 plus
1451 940 1559 971 inesse
1574 940 1667 971 hisce
1679 937 1807 977 verbis,
1822 947 1923 979 quam

1224 991 1405 1023 antecedd.
1450 990 1499 1022 At
1526 991 1554 1021 si
1582 990 1675 1020 Deus
1698 989 1817 1019 missus
1838 987 1923 1019 dici-

1223 1044 1290 1077 tur,
1324 1040 1381 1080 qui
1416 1040 1525 1080 possit
1560 1049 1634 1070 esse
1665 1039 1788 1077 minor,
1822 1046 1922 1079 quam

1222 1090 1323 1120 missa
1334 1090 1510 1121 Victoria?
1540 1089 1616 1120 Hoc
1632 1088 1737 1129 igitur
1750 1098 1818 1119 non
1834 1087 1923 1119 dixit

1222 1140 1391 1179 Jusfinus,
1415 1140 1473 1171 sed
1490 1140 1601 1180 simpl.
1619 1138 1831 1170 Alcibiadem
1848 1138 1924 1169 mis-

1222 1199 1295 1220 sum
1323 1189 1366 1220 de
1394 1190 1493 1230 coelo,
1520 1190 1540 1221 i.
1564 1200 1595 1221 e.
1623 1190 1785 1229 singulari
1812 1189 1924 1230 gratia

1223 1240 1385 1271 coelornm
1430 1240 1599 1271 tributum
1641 1239 1924 1272 Atheniensibus,

1223 1289 1327 1328 Schef.

1266 1341 1283 1380 ᾗ
1313 1343 1352 1371 12
1387 1341 1520 1371 Tantum
1548 1341 1583 1371 in
1612 1350 1673 1371 uno
1701 1339 1784 1379 viro]
1815 1339 1924 1371 Isocr.

1225 1390 1324 1420 Orat.
1342 1390 1383 1420 ad
1398 1390 1552 1430 Philipp.
1576 1390 1735 1429 Bongars.
1777 1390 1834 1421 Sic
1849 1391 1924 1421 Liv.

1225 1449 1274 1471 νι.
1300 1443 1331 1472 8.
1356 1444 1387 1472 5.
1412 1441 1455 1471 de
1483 1441 1644 1472 Camillo:
1669 1443 1679 1459 ⁴
1701 1442 1925 1482 Quocumque

1225 1499 1261 1521 sc
1286 1491 1468 1530 intulisset,
1491 1491 1668 1521 victoriam
1693 1500 1808 1522 secum
1834 1491 1926 1522 haud

1225 1539 1359 1571 dubiam
1388 1540 1570 1571 trahebat.'
1616 1540 1708 1572 Add.
1731 1541 1833 1572 eund.
1851 1541 1925 1572 Liv.

1224 1599 1265 1621 11.
1281 1593 1333 1622 43.
1347 1593 1376 1621 8.
1392 1594 1428 1621 et
1442 1599 1492 1620 iv.
1508 1593 1561 1622 28.
1572 1593 1603 1622 9.
1619 1596 1654 1621 et
1672 1600 1809 1623 xxxix.
1824 1594 1878 1623 49.
1893 1595 1925 1623 5.

1224 1640 1376 1671 Probum
1396 1640 1454 1671 fin.
1471 1641 1627 1681 Epamin.
1651 1641 1752 1672 Rern.

1269 1691 1286 1730 ᾧ
1306 1693 1344 1722 13
1371 1691 1528 1731 Oneravit]
1550 1691 1651 1723 Quod
1676 1701 1694 1722 e
1721 1691 1804 1723 Mss.
1819 1691 1853 1722 in
1869 1701 1926 1722 va-

1224 1741 1391 1773 riantibus
1405 1743 1506 1774 lectt.
1520 1741 1674 1773 adfertur
1687 1742 1926 1783 honerant‚esse

1225 1793 1427 1833 legitimum,
1449 1797 1486 1823 et
1511 1801 1573 1832 pro
1603 1792 1753 1823 honorant
1785 1792 1925 1833 antique

1226 1843 1368 1881 dictum,
1390 1841 1566 1882 pertendit
1585 1842 1760 1873 Acidalius
1779 1842 1822 1873 ad
1837 1842 1925 1874 Vell.

1225 1901 1268 1923 ιι.
1285 1894 1359 1923 124.
1375 1895 1406 1922 5.
1431 1892 1565 1923 Bernec.
1611 1892 1688 1923 Non
1709 1892 1824 1932 placet
1846 1901 1924 1924 con-

1220 1942 1359 1982 jectura
1385 1942 1543 1982 Actdahi,
1571 1941 1735 1982 honeravit,
1764 1942 1854 1983 quod
1890 1943 1924 1973 in

1226 1992 1310 2022 Mss.
1332 1991 1490 2032 quibusd.
1507 1996 1572 2030 est,
1587 2000 1662 2022 esse
1679 2001 1741 2032 pro
1763 1992 1926 2024 honorant.

1226 2041 1288 2072 Est
1303 2041 1392 2072 enim
1410 2041 1521 2081 potius
1537 2051 1598 2081 pro
1617 2045 1756 2073 onerant.
1801 2042 1925 2084 Neque

1226 2101 1348 2122 novum
1378 2096 1429 2122 est
1459 2091 1559 2122 rebus
1593 2100 1725 2132 quoque
1752 2091 1849 2123 bonis
1875 2096 1925 2123 at-

1225 2152 1289 2183 que
1318 2142 1473 2182 acceptis
1501 2142 1625 2173 onerari
1655 2142 1817 2182 quosdam
1844 2142 1924 2175 dici.

1226 2192 1362 2224 Phaedr.
1380 2202 1413 2224 v.
1425 2196 1478 2224 86.
1502 2194 1510 2210 ‘
1525 2193 1646 2224 Multis
1662 2203 1803 2224 onerare
1820 2194 1928 2225 laudi·

1226 2242 1314 2274 bus.'
1360 2243 1464 2283 Cujus
1481 2243 1614 2283 generis
1631 2244 1729 2283 plura
1751 2244 1784 2274 in
1807 2244 1867 2277 lib.
1882 2244 1925 2276 de

1226 2293 1369 2324 Latinit.
1394 2293 1496 2333 vulgo
1515 2291 1589 2324 fere
1610 2294 1769 2333 neglecta
1785 2303 1925 2335 conges-

1225 2344 1341 2375 simus.
1368 2343 1440 2374 Vor.

1269 2394 1286 2434 ἕ
1309 2396 1347 2425 14
1372 2393 1458 2432 Ipsos
1472 2392 1537 2432 illi]
1561 2393 1600 2423 F.
1617 2393 1744 2424 rectius
1762 2394 1821 2435 ips.
1842 2394 1925 2426 illos.

1226 2443 1382 2474 Freinsh.

1270 2494 1358 2533 Ipsos
1392 2493 1441 2524 illi
1480 2493 1579 2533 Deos]
1617 2491 1813 2525 Admonent
1851 2494 1925 2526 liaec

1226 2544 1330 2575 verba
1355 2544 1431 2583 loci,
1455 2544 1510 2584 qui
1533 2543 1723 2574 habebatur
1747 2554 1823 2584 sup.
1849 2553 1927 2585 cap.

1228 2596 1257 2625 l.
1274 2596 1305 2624 3.
1321 2593 1376 2624 ubi
1396 2594 1495 2633 vulgo
1512 2593 1649 2632 legitur,
1671 2594 1680 2610 ‘
1703 2593 1815 2624 Etiam
1843 2593 1926 2624 diris

1227 2653 1290 2684 per
1322 2644 1468 2674 omnium
1502 2643 1715 2674 sacerdotum
1744 2643 1925 2684 religiones

1227 2693 1390 2724 devotum
1421 2693 1607 2733 cognovit.’
1659 2694 1805 2725 Videtur
1835 2694 1924 2725 enim

1228 2754 1271 2775 ex
1287 2744 1470 2774 collatione
1486 2743 1557 2783 huj.
1574 2744 1596 2774 l.
1613 2743 1816 2774 restituend.
1835 2743 1924 2784 quod

1227 2795 1377 2826 occurrit
1392 2794 1424 2824 in
1441 2794 1509 2825 Ms.
1544 2793 1652 2824 Etiam
1667 2794 1741 2824 Diis
1754 2793 1847 2824 iratis
1858 2803 1927 2833 per,

1226 2846 1278 2884 ξε.
1327 2845 1415 2876 Nam
1435 2844 1445 2860 ‘
1464 2843 1608 2874 devotus
1631 2843 1924 2874 exsecrationibus

1228 2894 1399 2927 Deorum'
1431 2899 1466 2925 ct
1504 2895 1512 2911 ‘
1537 2893 1681 2925 devotus
1708 2892 1785 2925 Diis
1810 2892 1923 2924 iratis’
