2101 3419
558 321 811 352 tzncssnsus
849 320 1128 351 EnrrioNUM
1164 320 1375 351 susi-rw.
1589 310 1695 350 1065

250 421 312 457 riis
333 420 498 458 externis
520 420 624 458 Libri
657 431 779 458 xmv.
802 434 916 471 quam
950 421 1241 472 diligentissime
1272 435 1319 459 ex
1351 420 1539 459 variorum
1570 432 1696 458 exem-

250 484 410 532 plarium
444 483 647 521 collatione
679 485 854 522 recensiti
885 492 923 522 et
947 485 1137 534 castigati,
1166 491 1205 522 et
1237 485 1336 522 notis
1367 485 1602 535 optimorum
1633 485 1696 521 In-

250 553 459 597 terpretum
492 547 683 585 illustrati.
714 548 870 592 Quibus
900 547 1085 597 adjicitur
1122 548 1380 597 Chronologia
1413 547 1462 585 ad
1498 547 1695 585 historiam

247 610 552 656 accommodata,
572 624 660 648 curn
681 611 812 648 Indice
837 624 961 648 reruni
991 617 1030 648 et
1050 611 1255 649 verborum
1287 611 1484 661 praecipue
1511 622 1696 648 memora-

247 673 393 710 bilium.
425 674 467 711 In
495 687 604 712 usum
633 674 779 712 scholae
807 675 1070 712 Mercatorum
1091 675 1320 712 Scissorum.
1361 674 1491 712 Editio
1521 673 1693 711 secunda

244 743 426 774 accurate
444 737 652 788 recognita.
685 738 806 784 (Cura
833 737 936 775 Tho.
962 738 1140 786 Parsell.)
1171 738 1348 784 Londini,
1381 738 1562 788 impensis
1587 739 1623 776 J.
1654 744 1694 775 et

244 800 281 837 J.
305 800 510 838 Bonwicke
527 807 564 838 et
580 802 616 839 J.
639 800 832 839 Walthoe.

301 870 401 908 1739
431 864 587 915 Lipsiae.
614 870 671 902 12.
693 877 729 902 c.
751 878 788 903 n.
806 864 1006 903 Junckeri.

301 933 401 971 1740
430 928 607 965 Berolini.
630 933 665 966 8.
686 941 721 966 c.
743 942 780 966 n.
802 929 936 966 Germ.
957 929 1005 966 ad
1028 927 1187 965 modum
1209 928 1367 966 Sinceri.

301 997 394 1035 1741
439 991 655 1040 Rotomagi.
694 990 752 1028 16.
791 992 931 1030 Justini
966 991 1225 1029 Historiarum
1254 1005 1301 1028 ex
1335 992 1467 1040 Trogo
1503 993 1690 1044 Pompeio

242 1054 346 1092 Libri
364 1064 490 1093 XLIV.
517 1053 804 1092 accuratissime
834 1055 942 1092 editi.
969 1055 1189 1104 Rotomagi,
1223 1055 1327 1105 apud
1363 1056 1567 1094 Nicolaum
1608 1058 1691 1095 Lal-

241 1119 400 1156 lemant.

296 1187 394 1225 1742
424 1181 600 1221 Londini.
623 1188 658 1221 8.
680 1195 715 1220 e.
736 1181 1052 1233 interpretatione
1072 1188 1112 1221 et
1132 1182 1234 1221 notis
1255 1184 1354 1222 Petr.
1379 1184 1460 1221 Jos.
1483 1185 1619 1222 Cantel
1652 1185 1687 1224 in

239 1259 347 1284 usum
371 1245 566 1296 Delphini.

289 1309 446 1348 --ibid.
469 1315 504 1347 8.
525 1323 613 1347 cum
634 1310 800 1347 versione
822 1310 982 1359 Anglica
997 1311 1060 1348 J0.
1082 1310 1232 1349 Clarke.

295 1377 391 1416 1743
421 1373 706 1423 Heidelbergae.
728 1373 810 1411 Fol.
832 1373 867 1410 in
891 1373 1120 1412 collectione
1149 1374 1388 1423 Scriptorum
1411 1381 1580 1413 veterum
1613 1376 1686 1413 La·

236 1436 401 1473 tinorum
422 1436 591 1474 historiae
612 1438 813 1481 Romanae,
835 1443 992 1473 curante
1008 1437 1188 1473 Bennone
1211 1438 1329 1488 Casp.
1351 1438 1546 1476 Haurisio.

292 1506 392 1544 1747
422 1500 546 1538 Halae.
569 1505 630 1538 12.
650 1499 833 1550 impensis
854 1500 1210 1551 Orphanotrophei.

291 1569 391 1607 1748
422 1564 599 1600 Berolini.
622 1568 658 1601 8.
688 1576 753 1613 ap.
786 1563 919 1601 Ambr.
952 1564 1091 1602 Haude
1120 1571 1160 1602 et
1190 1566 1353 1615 Spener,
1385 1570 1545 1603 curante
1564 1566 1598 1603 J.
1638 1566 1680 1602 P.

236 1628 406 1666 Millero.

289 1697 389 1736 1752
418 1690 711 1729 Amstelodami.
733 1698 797 1731 24.

288 1754 389 1801 1756
418 1755 596 1792 Londini.
628 1761 687 1794 1⁶2.
708 1755 826 1792 editio
848 1755 971 1793 Mich.
993 1755 1191 1793 Maittaire
1211 1768 1361 1794 recusa.

287 1826 387 1865 1757
417 1820 574 1870 Lipsiae.
596 1825 632 1858 8.
652 1820 796 1858 Justini
817 1819 995 1858 Historiae
1018 1819 1264 1870 Philippicae,
1292 1833 1339 1856 ex
1369 1819 1594 1858 recensione
1617 1821 1678 1859 Jo.

230 1886 376 1935 Georg.
397 1884 555 1930 Graevii,
575 1897 664 1921 cum
682 1882 860 1933 ejusdem
890 1890 928 1922 et
947 1885 1009 1922 J0.
1034 1883 1136 1922 Frid.
1156 1883 1346 1921 Gronovii
1373 1883 1677 1922 animadversio-

228 1949 357 1986 nibus.
412 1947 585 1985 Additus
614 1953 672 1984 est
704 1953 845 1996 praeter
878 1947 1060 1997 Prologos
1082 1947 1339 1985 Historiarum
1372 1947 1676 1998 Philippicarum

226 2012 349 2061 Trogi
382 2018 422 2050 et
441 2010 719 2061 Excerptiones
739 2011 1032 2061 chronologicas
1066 2012 1152 2049 Jac.
1184 2010 1398 2061 Bongarsii,
1430 2011 1583 2049 libellus
1613 2024 1679 2050 va-

227 2076 366 2114 riarum
399 2075 623 2120 lectionum,
646 2087 733 2111 cum
755 2074 919 2124 epistola
941 2074 1081 2125 Segim.
1112 2075 1214 2113 Frid.
1239 2075 1402 2126 Dresigii
1434 2088 1550 2126 super
1580 2076 1676 2114 locis

225 2139 455 2189 quibusdam
475 2137 672 2176 Justineis.
729 2138 901 2176 Curante
920 2139 983 2176 J0.
1014 2137 1119 2176 Frid.
1149 2138 1346 2176 Fischero.
1395 2137 1547 2188 Lipsiae,
1569 2139 1676 2190 apud

225 2203 467 2242 Wiedmann.

276 2288 329 2295 —
347 2265 527 2304 Londini.
548 2270 584 2303 8.
599 2277 687 2302 cum
707 2264 1025 2316 interpretatione
1043 2272 1080 2303 et
1109 2265 1208 2304 notis
1231 2266 1335 2304 Petr.
1354 2267 1437 2304 J0S.
1469 2266 1607 2304 Cantel
1634 2265 1672 2303 in

224 2342 335 2368 usum
357 2328 556 2378 Delphini.

279 2397 378 2437 1758
407 2394 592 2442 Augustae
614 2390 762 2429 Vindel.
780 2397 816 2429 8.
839 2404 874 2428 c.
896 2403 932 2427 n.
954 2391 1152 2430 Germ.ad
1175 2391 1331 2429 modum
1354 2391 1513 2430 Sinceri.

278 2455 378 2500 1760
402 2455 579 2506 Lugduni
599 2456 683 2493 Bat.
706 2461 742 2494 8.
765 2454 857 2503 maj.
877 2454 1018 2492 Justini
1041 2456 1218 2493 Historiae
1238 2456 1481 2505 Philippicae,
1504 2467 1592 2492 cum
1615 2453 1672 2491 in-

220 2521 334 2571 tegris
355 2519 652 2558 Commentariis
671 2520 754 2557 Jac.
773 2518 984 2567 Bongarsii‚
1003 2519 1139 2558 Franc.
1160 2519 1301 2565 Modii,
1325 2520 1468 2557 Matth.
1502 2519 1670 2556 Bernec·

220 2584 311 2629 ceri,
334 2585 391 2621 M.
412 2585 452 2621 Z.
476 2582 699 2627 Boxhornii,
721 2583 770 2620 Is.
794 2582 934 2627 Vossii,
956 2582 1018 2619 Jo.
1052 2583 1111 2620 Fr.
1133 2582 1335 2627 Gronovii,
1355 2583 1391 2620 J.
1423 2583 1474 2619 G.
1503 2581 1666 2627 Graevii,

218 2649 267 2685 T.
288 2647 411 2693 Fabri,
431 2649 468 2686 J.
502 2647 658 2690 Vorstii‚
689 2647 724 2684 J.
757 2646 957 2692 Schefferi‚
975 2653 1013 2684 et
1033 2647 1224 2698 excerptis
1254 2647 1303 2684 H.
1336 2646 1457 2683 Loriti
1486 2645 1667 2684 Glareani

216 2718 335 2761 atque
365 2711 533 2749 Editoris
558 2710 802 2749 Oxoniensis.
843 2711 1015 2749 Curante
1035 2711 1258 2749 Abrahamo
1278 2709 1492 2747 Gronovio.
1536 2708 1665 2747 Editio

216 2775 402 2813 secunda.
433 2775 608 2825 Lugduni
627 2776 711 2812 ssat.
728 2774 828 2825 apud
844 2775 1059 2814 Samuelem
1075 2781 1116 2813 et
1129 2776 1316 2814 Joannem
1333 2773 1664 2811 Luchtmanns.—

217 2838 345 2876 Editio
365 2839 449 2876 haec
482 2851 557 2876 non
578 2838 702 2876 solum
724 2839 843 2877 multo
864 2838 1101 2877 emendatior
1119 2845 1176 2877 est
1197 2838 1334 2889 priore,
1356 2837 1423 2875 sed
1446 2843 1484 2875 ct
1512 2836 1662 2875 auctior

300 2902 414 2942 Delph.
430 2906 459 2933 et
483 2902 555 2934 Var.
573 2903 657 2933 Clas.
867 2901 986 2932 Justin.
1504 2903 1521 2930 3
1546 2900 1573 2931 Z
