<?xml version="1.0" encoding="UTF-8"?>
<!DOCTYPE html PUBLIC "-//W3C//DTD XHTML 1.0 Transitional//EN"
    "http://www.w3.org/TR/xhtml1/DTD/xhtml1-transitional.dtd">
<html xmlns="http://www.w3.org/1999/xhtml" xml:lang="en" lang="en">
 <head>
  <title>
</title>
<meta http-equiv="Content-Type" content="text/html;charset=utf-8" />
  <meta name='ocr-system' content='tesseract 3.04.00' />
  <meta name='ocr-capabilities' content='ocr_page ocr_carea ocr_par ocr_line ocrx_word'/>
</head>
<body>
  <div class='ocr_page' id='page_1' title='image "./historiaephilipp02just/historiaephilipp02just_0302.png"; bbox 0 0 2101 3419; ppageno 0'>
   <div class='ocr_carea' id='block_1_1' title="bbox 365 341 450 383">
    <p class='ocr_par' dir='ltr' id='par_1_1' title="bbox 365 341 450 383">
     <span class='ocr_line' id='line_1_1' title="bbox 365 341 450 383; baseline -0.012 0"><span class='ocrx_word' id='word_1_1' title='bbox 365 341 450 383; x_wconf 82' lang='lat'><strong>904</strong></span> 
     </span>
    </p>
   </div>
   <div class='ocr_carea' id='block_1_2' title="bbox 361 446 1088 2956">
    <p class='ocr_par' dir='ltr' id='par_1_2' title="bbox 361 446 1067 588">
     <span class='ocr_line' id='line_1_2' title="bbox 361 446 1066 487; baseline 0.003 -11"><span class='ocrx_word' id='word_1_2' title='bbox 361 446 499 487; x_wconf 86' lang='lat' dir='ltr'><strong>juniore</strong></span> <span class='ocrx_word' id='word_1_3' title='bbox 515 446 579 487; x_wconf 84' lang='lat' dir='ltr'><strong>leg.</strong></span> <span class='ocrx_word' id='word_1_4' title='bbox 599 447 693 478; x_wconf 88' lang='lat' dir='ltr'><strong>Plut.</strong></span> <span class='ocrx_word' id='word_1_5' title='bbox 723 451 759 478; x_wconf 87' lang='lat' dir='ltr'><strong>et</strong></span> <span class='ocrx_word' id='word_1_6' title='bbox 776 447 927 478; x_wconf 85' lang='lat' dir='ltr'>Probum</span> <span class='ocrx_word' id='word_1_7' title='bbox 952 446 986 478; x_wconf 90' lang='lat' dir='ltr'><strong>in</strong></span> <span class='ocrx_word' id='word_1_8' title='bbox 1004 448 1066 479; x_wconf 88' lang='lat' dir='ltr'><strong>Di-</strong></span> 
     </span>
     <span class='ocr_line' id='line_1_3' title="bbox 368 497 1067 539; baseline 0.004 -13"><span class='ocrx_word' id='word_1_9' title='bbox 368 506 445 535; x_wconf 87' lang='lat' dir='ltr'><strong>one,</strong></span> <span class='ocrx_word' id='word_1_10' title='bbox 462 501 498 528; x_wconf 85' lang='lat' dir='ltr'><strong>et</strong></span> <span class='ocrx_word' id='word_1_11' title='bbox 528 497 633 528; x_wconf 89' lang='lat' dir='ltr'><strong>Diod.</strong></span> <span class='ocrx_word' id='word_1_12' title='bbox 662 506 741 529; x_wconf 79' lang='lat' dir='ltr'><strong>xvr.</strong></span> <span class='ocrx_word' id='word_1_13' title='bbox 756 501 787 529; x_wconf 84' lang='lat'><strong>5.</strong></span> <span class='ocrx_word' id='word_1_14' title='bbox 817 507 894 529; x_wconf 90' lang='lat' dir='ltr'><strong>cum</strong></span> <span class='ocrx_word' id='word_1_15' title='bbox 921 507 1012 539; x_wconf 85' lang='lat' dir='ltr'><strong>seqq.</strong></span> <span class='ocrx_word' id='word_1_16' title='bbox 1031 502 1067 529; x_wconf 88' lang='lat' dir='ltr'><strong>et</strong></span> 
     </span>
     <span class='ocr_line' id='line_1_4' title="bbox 370 547 702 588; baseline 0.003 -11"><span class='ocrx_word' id='word_1_17' title='bbox 370 547 573 578; x_wconf 86' lang='lat' dir='ltr'><strong>Gemistum.</strong></span> <span class='ocrx_word' id='word_1_18' title='bbox 597 548 702 588; x_wconf 79' lang='lat' dir='ltr'><strong>Bong-</strong></span> 
     </span>
    </p>

    <p class='ocr_par' dir='ltr' id='par_1_3' title="bbox 370 596 1073 1191">
     <span class='ocr_line' id='line_1_5' title="bbox 412 596 1067 638; baseline 0.005 -11"><span class='ocrx_word' id='word_1_19' title='bbox 412 596 451 627; x_wconf 83' lang='lat' dir='ltr'><strong>Sz&#39;</strong></span> <span class='ocrx_word' id='word_1_20' title='bbox 476 607 566 637; x_wconf 80' lang='lat' dir='ltr'><strong>penes</strong></span> <span class='ocrx_word' id='word_1_21' title='bbox 591 607 686 629; x_wconf 83' lang='lat' dir='ltr'><strong>unum</strong></span> <span class='ocrx_word' id='word_1_22' title='bbox 712 598 924 638; x_wconf 77' lang='lat' dir='ltr'><em>remansisset]</em></span> <span class='ocrx_word' id='word_1_23' title='bbox 968 599 1067 630; x_wconf 89' lang='lat' dir='ltr'>Unde</span> 
     </span>
     <span class='ocr_line' id='line_1_6' title="bbox 370 647 1068 691; baseline 0.007 -14"><span class='ocrx_word' id='word_1_24' title='bbox 370 647 514 678; x_wconf 83' lang='lat' dir='ltr'><strong>Stratius</strong></span> <span class='ocrx_word' id='word_1_25' title='bbox 530 647 649 680; x_wconf 87' lang='lat' dir='ltr'><strong>Attalo</strong></span> <span class='ocrx_word' id='word_1_26' title='bbox 666 649 851 688; x_wconf 84' lang='lat' dir='ltr'>prudenter</span> <span class='ocrx_word' id='word_1_27' title='bbox 875 650 1001 690; x_wconf 83' lang='lat' dir='ltr'>ingerit</span> <span class='ocrx_word' id='word_1_28' title='bbox 1014 660 1068 691; x_wconf 89' lang='lat' dir='ltr'><strong>ap.</strong></span> 
     </span>
     <span class='ocr_line' id='line_1_7' title="bbox 371 698 1068 741; baseline 0.004 -13"><span class='ocrx_word' id='word_1_29' title='bbox 371 698 448 729; x_wconf 88' lang='lat' dir='ltr'><strong>Liv.</strong></span> <span class='ocrx_word' id='word_1_30' title='bbox 478 708 563 730; x_wconf 79' lang='lat' dir='ltr'><strong>XLV.</strong></span> <span class='ocrx_word' id='word_1_31' title='bbox 580 702 631 731; x_wconf 89' lang='grc'><strong>19.</strong></span> <span class='ocrx_word' id='word_1_32' title='bbox 647 702 698 730; x_wconf 83' lang='grc'><strong>14.</strong></span> <span class='ocrx_word' id='word_1_33' title='bbox 723 700 783 731; x_wconf 86' lang='lat' dir='ltr'><strong>‘Si</strong></span> <span class='ocrx_word' id='word_1_34' title='bbox 814 706 945 740; x_wconf 85' lang='lat' dir='ltr'><strong>partem</strong></span> <span class='ocrx_word' id='word_1_35' title='bbox 973 701 1068 741; x_wconf 86' lang='lat' dir='ltr'><strong>regni</strong></span> 
     </span>
     <span class='ocr_line' id='line_1_8' title="bbox 370 747 1068 789; baseline 0.004 -11"><span class='ocrx_word' id='word_1_36' title='bbox 370 747 513 778; x_wconf 77' lang='lat' dir='ltr'>fraterni</span> <span class='ocrx_word' id='word_1_37' title='bbox 531 752 680 789; x_wconf 84' lang='lat' dir='ltr'><strong>peteret,</strong></span> <span class='ocrx_word' id='word_1_38' title='bbox 704 749 802 780; x_wconf 87' lang='lat' dir='ltr'><strong>ambo</strong></span> <span class='ocrx_word' id='word_1_39' title='bbox 829 748 978 780; x_wconf 85' lang='lat' dir='ltr'><strong>infirmos</strong></span> <span class='ocrx_word' id='word_1_40' title='bbox 1003 750 1068 781; x_wconf 84' lang='lat' dir='ltr'><strong>dis-</strong></span> 
     </span>
     <span class='ocr_line' id='line_1_9' title="bbox 371 799 1069 841; baseline 0.003 -11"><span class='ocrx_word' id='word_1_41' title='bbox 371 799 491 830; x_wconf 80' lang='lat' dir='ltr'>tractis</span> <span class='ocrx_word' id='word_1_42' title='bbox 509 799 648 838; x_wconf 89' lang='lat' dir='ltr'><strong>viribus,</strong></span> <span class='ocrx_word' id='word_1_43' title='bbox 658 804 693 830; x_wconf 88' lang='lat' dir='ltr'><strong>et</strong></span> <span class='ocrx_word' id='word_1_44' title='bbox 705 799 857 831; x_wconf 90' lang='lat' dir='ltr'><strong>omnibus</strong></span> <span class='ocrx_word' id='word_1_45' title='bbox 871 800 997 841; x_wconf 87' lang='lat' dir='ltr'><strong>injuriis</strong></span> <span class='ocrx_word' id='word_1_46' title='bbox 1011 801 1069 832; x_wconf 94' lang='lat' dir='ltr'><strong>ob-</strong></span> 
     </span>
     <span class='ocr_line' id='line_1_10' title="bbox 372 848 1069 882; baseline 0.003 -2"><span class='ocrx_word' id='word_1_47' title='bbox 372 850 490 880; x_wconf 78' lang='lat' dir='ltr'><strong>noxios</strong></span> <span class='ocrx_word' id='word_1_48' title='bbox 520 848 619 881; x_wconf 65' lang='lat' dir='ltr'><strong>fore!</strong></span> <span class='ocrx_word' id='word_1_49' title='bbox 652 851 835 882; x_wconf 80' lang='lat' dir='ltr'><strong>Berneccer.</strong></span> <span class='ocrx_word' id='word_1_50' title='bbox 882 851 1069 882; x_wconf 81' lang='lat' dir='ltr'><strong>Usitatissi-</strong></span> 
     </span>
     <span class='ocr_line' id='line_1_11' title="bbox 371 901 1070 942; baseline 0.004 -12"><span class='ocrx_word' id='word_1_51' title='bbox 371 910 463 930; x_wconf 86' lang='lat' dir='ltr'><strong>mum</strong></span> <span class='ocrx_word' id='word_1_52' title='bbox 491 901 617 931; x_wconf 86' lang='lat' dir='ltr'><strong>Nostro</strong></span> <span class='ocrx_word' id='word_1_53' title='bbox 643 905 696 932; x_wconf 89' lang='lat' dir='ltr'><strong>est</strong></span> <span class='ocrx_word' id='word_1_54' title='bbox 722 906 878 941; x_wconf 89' lang='lat' dir='ltr'><strong>tempora</strong></span> <span class='ocrx_word' id='word_1_55' title='bbox 894 901 1070 942; x_wconf 84' lang='lat' dir='ltr'><strong>imperfec-</strong></span> 
     </span>
     <span class='ocr_line' id='line_1_12' title="bbox 374 950 1070 992; baseline 0.003 -12"><span class='ocrx_word' id='word_1_56' title='bbox 374 954 447 981; x_wconf 88' lang='lat' dir='ltr'><strong>tum</strong></span> <span class='ocrx_word' id='word_1_57' title='bbox 473 957 508 981; x_wconf 92' lang='lat' dir='ltr'><strong>et</strong></span> <span class='ocrx_word' id='word_1_58' title='bbox 540 950 912 992; x_wconf 82' lang='lat' dir='ltr'><strong>plusquamperfectum</strong></span> <span class='ocrx_word' id='word_1_59' title='bbox 939 962 1070 992; x_wconf 89' lang='lat' dir='ltr'><strong>permu-</strong></span> 
     </span>
     <span class='ocr_line' id='line_1_13' title="bbox 374 1000 1071 1041; baseline 0.004 -11"><span class='ocrx_word' id='word_1_60' title='bbox 374 1004 459 1031; x_wconf 85' lang='lat' dir='ltr'><strong>tare.</strong></span> <span class='ocrx_word' id='word_1_61' title='bbox 504 1000 561 1031; x_wconf 83' lang='lat' dir='ltr'><strong>Ita</strong></span> <span class='ocrx_word' id='word_1_62' title='bbox 589 1010 671 1041; x_wconf 82' lang='lat' dir='ltr'><strong>ergo</strong></span> <span class='ocrx_word' id='word_1_63' title='bbox 699 1006 733 1032; x_wconf 87' lang='lat' dir='ltr'><strong>et</strong></span> <span class='ocrx_word' id='word_1_64' title='bbox 758 1011 848 1032; x_wconf 92' lang='lat' dir='ltr'><strong>nunc</strong></span> <span class='ocrx_word' id='word_1_65' title='bbox 869 1002 1071 1033; x_wconf 82' lang='lat' dir='ltr'><strong>‘remansis-</strong></span> 
     </span>
     <span class='ocr_line' id='line_1_14' title="bbox 375 1049 1071 1093; baseline 0.003 -13"><span class='ocrx_word' id='word_1_66' title='bbox 375 1049 446 1080; x_wconf 87' lang='lat' dir='ltr'><strong>set&#39;</strong></span> <span class='ocrx_word' id='word_1_67' title='bbox 469 1050 605 1090; x_wconf 80' lang='lat' dir='ltr'><strong>scripsit</strong></span> <span class='ocrx_word' id='word_1_68' title='bbox 620 1060 693 1091; x_wconf 88' lang='lat' dir='ltr'><strong>pro,</strong></span> <span class='ocrx_word' id='word_1_69' title='bbox 709 1056 912 1082; x_wconf 82' lang='lat' dir='ltr'><strong>remaneret.</strong></span> <span class='ocrx_word' id='word_1_70' title='bbox 955 1052 1071 1093; x_wconf 86' lang='lat' dir='ltr'><strong>Sequi-</strong></span> 
     </span>
     <span class='ocr_line' id='line_1_15' title="bbox 377 1101 1073 1141; baseline 0.006 -11"><span class='ocrx_word' id='word_1_71' title='bbox 377 1104 432 1130; x_wconf 90' lang='lat' dir='ltr'><strong>tur</strong></span> <span class='ocrx_word' id='word_1_72' title='bbox 448 1109 540 1138; x_wconf 89' lang='lat' dir='ltr'><strong>mox,</strong></span> <span class='ocrx_word' id='word_1_73' title='bbox 561 1101 570 1117; x_wconf 86' lang='lat'>‘</span> <span class='ocrx_word' id='word_1_74' title='bbox 585 1110 686 1141; x_wconf 86' lang='lat' dir='ltr'><strong>quam</strong></span> <span class='ocrx_word' id='word_1_75' title='bbox 705 1101 732 1131; x_wconf 89' lang='lat' dir='ltr'><strong>si</strong></span> <span class='ocrx_word' id='word_1_76' title='bbox 748 1101 962 1141; x_wconf 84' lang='lat' dir='ltr'><strong>portionibus</strong></span> <span class='ocrx_word' id='word_1_77' title='bbox 985 1103 1073 1134; x_wconf 87' lang='lat' dir='ltr'><strong>inter</strong></span> 
     </span>
     <span class='ocr_line' id='line_1_16' title="bbox 377 1149 908 1191; baseline 0.002 -11"><span class='ocrx_word' id='word_1_78' title='bbox 377 1150 494 1191; x_wconf 89' lang='lat' dir='ltr'><strong>plures</strong></span> <span class='ocrx_word' id='word_1_79' title='bbox 509 1149 556 1182; x_wconf 83' lang='lat' dir='ltr'><strong>fil.</strong></span> <span class='ocrx_word' id='word_1_80' title='bbox 573 1150 810 1181; x_wconf 67' lang='lat' dir='ltr'><strong>divideretur!</strong></span> <span class='ocrx_word' id='word_1_81' title='bbox 839 1152 908 1182; x_wconf 84' lang='lat' dir='ltr'><strong>Vor.</strong></span> 
     </span>
    </p>

    <p class='ocr_par' dir='ltr' id='par_1_4' title="bbox 419 1200 945 1240">
     <span class='ocr_line' id='line_1_17' title="bbox 419 1200 945 1240; baseline 0 -8"><span class='ocrx_word' id='word_1_82' title='bbox 419 1201 436 1240; x_wconf 56' lang='grc' dir='ltr'>ξ</span> <span class='ocrx_word' id='word_1_83' title='bbox 460 1203 480 1232; x_wconf 88' lang='grc'>4</span> <span class='ocrx_word' id='word_1_84' title='bbox 505 1200 625 1240; x_wconf 86' lang='lat' dir='ltr'><strong>Quare]</strong></span> <span class='ocrx_word' id='word_1_85' title='bbox 648 1201 685 1231; x_wconf 88' lang='lat' dir='ltr'><strong>F.</strong></span> <span class='ocrx_word' id='word_1_86' title='bbox 704 1201 812 1235; x_wconf 86' lang='lat' dir='ltr'><strong>Quem.</strong></span> <span class='ocrx_word' id='word_1_87' title='bbox 837 1201 945 1232; x_wconf 87' lang='lat' dir='ltr'><strong>Gron.</strong></span> 
     </span>
    </p>

    <p class='ocr_par' dir='ltr' id='par_1_5' title="bbox 376 1250 1074 1382">
     <span class='ocr_line' id='line_1_18' title="bbox 421 1250 1074 1290; baseline 0.003 -10"><span class='ocrx_word' id='word_1_88' title='bbox 421 1252 438 1290; x_wconf 47' lang='grc' dir='ltr'>ᾗ</span> <span class='ocrx_word' id='word_1_89' title='bbox 455 1254 472 1281; x_wconf 88' lang='grc'>5</span> <span class='ocrx_word' id='word_1_90' title='bbox 498 1251 604 1289; x_wconf 79' lang='lat' dir='ltr'><strong>Igitur</strong></span> <span class='ocrx_word' id='word_1_91' title='bbox 614 1250 777 1290; x_wconf 74' lang='lat' dir='ltr'><strong>nexorum]</strong></span> <span class='ocrx_word' id='word_1_92' title='bbox 795 1250 878 1282; x_wconf 86' lang='lat' dir='ltr'><strong>Tac.</strong></span> <span class='ocrx_word' id='word_1_93' title='bbox 896 1251 940 1282; x_wconf 91' lang='lat' dir='ltr'><strong>H.</strong></span> <span class='ocrx_word' id='word_1_94' title='bbox 955 1260 1005 1282; x_wconf 81' lang='grc' dir='ltr'><strong>ιν.</strong></span> <span class='ocrx_word' id='word_1_95' title='bbox 1022 1254 1074 1283; x_wconf 83' lang='grc'><strong>63.</strong></span> 
     </span>
     <span class='ocr_line' id='line_1_19' title="bbox 376 1300 1073 1340; baseline 0.001 -9"><span class='ocrx_word' id='word_1_96' title='bbox 376 1301 387 1318; x_wconf 79' lang='lat'>⁸</span> <span class='ocrx_word' id='word_1_97' title='bbox 402 1301 536 1331; x_wconf 87' lang='lat' dir='ltr'><strong>Novum</strong></span> <span class='ocrx_word' id='word_1_98' title='bbox 553 1300 732 1340; x_wconf 86' lang='lat' dir='ltr'><strong>imperium</strong></span> <span class='ocrx_word' id='word_1_99' title='bbox 756 1300 993 1332; x_wconf 77' lang='lat' dir='ltr'><strong>inchoantibus</strong></span> <span class='ocrx_word' id='word_1_100' title='bbox 1011 1301 1073 1332; x_wconf 91' lang='lat' dir='ltr'><strong>uti-</strong></span> 
     </span>
     <span class='ocr_line' id='line_1_20' title="bbox 376 1348 876 1382; baseline 0 -1"><span class='ocrx_word' id='word_1_101' title='bbox 376 1350 419 1381; x_wconf 88' lang='lat' dir='ltr'><strong>lis</strong></span> <span class='ocrx_word' id='word_1_102' title='bbox 434 1350 622 1381; x_wconf 83' lang='lat' dir='ltr'><strong>clementiae</strong></span> <span class='ocrx_word' id='word_1_103' title='bbox 640 1348 751 1382; x_wconf 61' lang='lat' dir='ltr'><strong>fama?</strong></span> <span class='ocrx_word' id='word_1_104' title='bbox 776 1351 876 1381; x_wconf 83' lang='lat' dir='ltr'><strong>Bern.</strong></span> 
     </span>
    </p>

    <p class='ocr_par' dir='ltr' id='par_1_6' title="bbox 377 1401 1079 2000">
     <span class='ocr_line' id='line_1_21' title="bbox 421 1401 1077 1442; baseline 0.002 -10"><span class='ocrx_word' id='word_1_105' title='bbox 421 1403 437 1442; x_wconf 54' lang='grc' dir='ltr'><strong>ξ</strong></span> <span class='ocrx_word' id='word_1_106' title='bbox 455 1405 475 1432; x_wconf 86' lang='grc'>6</span> <span class='ocrx_word' id='word_1_107' title='bbox 500 1402 571 1431; x_wconf 84' lang='lat' dir='ltr'><strong>Non</strong></span> <span class='ocrx_word' id='word_1_108' title='bbox 586 1405 731 1440; x_wconf 80' lang='lat' dir='ltr'><strong>cognatos</strong></span> <span class='ocrx_word' id='word_1_109' title='bbox 745 1401 959 1442; x_wconf 70' lang='lat' dir='ltr'><strong>tarztum‚8,·c.]</strong></span> <span class='ocrx_word' id='word_1_110' title='bbox 982 1402 1077 1438; x_wconf 83' lang='lat' dir='ltr'><strong>Plut,</strong></span> 
     </span>
     <span class='ocr_line' id='line_1_22' title="bbox 378 1452 1077 1492; baseline 0 -9"><span class='ocrx_word' id='word_1_111' title='bbox 378 1453 412 1483; x_wconf 86' lang='lat' dir='ltr'><strong>in</strong></span> <span class='ocrx_word' id='word_1_112' title='bbox 436 1453 588 1483; x_wconf 84' lang='lat' dir='ltr'><strong>Demetr.</strong></span> <span class='ocrx_word' id='word_1_113' title='bbox 605 1456 636 1482; x_wconf 85' lang='lat'><strong>5.</strong></span> <span class='ocrx_word' id='word_1_114' title='bbox 660 1452 834 1482; x_wconf 76' lang='lat' dir='ltr'><strong>‘Familiae</strong></span> <span class='ocrx_word' id='word_1_115' title='bbox 863 1452 994 1492; x_wconf 89' lang='lat' dir='ltr'><strong>Regum</strong></span> <span class='ocrx_word' id='word_1_116' title='bbox 1016 1452 1077 1492; x_wconf 89' lang='lat' dir='ltr'><strong>[A-</strong></span> 
     </span>
     <span class='ocr_line' id='line_1_23' title="bbox 377 1504 1077 1545; baseline 0 -9"><span class='ocrx_word' id='word_1_117' title='bbox 377 1505 544 1536; x_wconf 88' lang='lat' dir='ltr'><strong>lexandro</strong></span> <span class='ocrx_word' id='word_1_118' title='bbox 581 1505 631 1534; x_wconf 89' lang='lat' dir='ltr'><strong>M.</strong></span> <span class='ocrx_word' id='word_1_119' title='bbox 669 1504 940 1545; x_wconf 83' lang='lat' dir='ltr'><strong>succedentium]</strong></span> <span class='ocrx_word' id='word_1_120' title='bbox 980 1514 1077 1545; x_wconf 77' lang='lat' dir='ltr'><strong>paene</strong></span> 
     </span>
     <span class='ocr_line' id='line_1_24' title="bbox 380 1553 1078 1595; baseline -0.003 -8"><span class='ocrx_word' id='word_1_121' title='bbox 380 1564 496 1587; x_wconf 88' lang='lat' dir='ltr'><strong>omnes</strong></span> <span class='ocrx_word' id='word_1_122' title='bbox 512 1554 710 1595; x_wconf 84' lang='lat' dir='ltr'><strong>frequentes</strong></span> <span class='ocrx_word' id='word_1_123' title='bbox 731 1553 859 1585; x_wconf 86' lang='lat' dir='ltr'><strong>habent</strong></span> <span class='ocrx_word' id='word_1_124' title='bbox 882 1554 1078 1595; x_wconf 86' lang='lat' dir='ltr'><strong>liberorum,</strong></span> 
     </span>
     <span class='ocr_line' id='line_1_25' title="bbox 380 1605 1077 1647; baseline -0.001 -10"><span class='ocrx_word' id='word_1_125' title='bbox 380 1606 581 1647; x_wconf 80' lang='lat' dir='ltr'><strong>frequentes</strong></span> <span class='ocrx_word' id='word_1_126' title='bbox 606 1605 707 1636; x_wconf 87' lang='lat' dir='ltr'><strong>etiam</strong></span> <span class='ocrx_word' id='word_1_127' title='bbox 735 1609 879 1636; x_wconf 88' lang='lat' dir='ltr'><strong>matrum</strong></span> <span class='ocrx_word' id='word_1_128' title='bbox 905 1615 1019 1645; x_wconf 85' lang='lat' dir='ltr'><strong>neces,</strong></span> <span class='ocrx_word' id='word_1_129' title='bbox 1042 1611 1077 1636; x_wconf 89' lang='lat' dir='ltr'><strong>et</strong></span> 
     </span>
     <span class='ocr_line' id='line_1_26' title="bbox 379 1654 1077 1696; baseline 0 -9"><span class='ocrx_word' id='word_1_130' title='bbox 379 1666 534 1688; x_wconf 85' lang='lat' dir='ltr'><strong>uxorum.</strong></span> <span class='ocrx_word' id='word_1_131' title='bbox 573 1655 661 1686; x_wconf 86' lang='lat' dir='ltr'><strong>Nam</strong></span> <span class='ocrx_word' id='word_1_132' title='bbox 677 1654 819 1686; x_wconf 83' lang='lat' dir='ltr'><strong>fratrum</strong></span> <span class='ocrx_word' id='word_1_133' title='bbox 831 1655 1026 1696; x_wconf 85' lang='lat' dir='ltr'><strong>parricidia,</strong></span> <span class='ocrx_word' id='word_1_134' title='bbox 1040 1660 1077 1687; x_wconf 93' lang='lat' dir='ltr'><strong>ut</strong></span> 
     </span>
     <span class='ocr_line' id='line_1_27' title="bbox 383 1707 1076 1746; baseline -0.001 -8"><span class='ocrx_word' id='word_1_135' title='bbox 383 1714 585 1738; x_wconf 65' lang='lat' dir='ltr'>POSTULATA</span> <span class='ocrx_word' id='word_1_136' title='bbox 624 1710 808 1746; x_wconf 62' lang='lat' dir='ltr'><strong>geometra:</strong></span> <span class='ocrx_word' id='word_1_137' title='bbox 843 1711 991 1745; x_wconf 88' lang='lat' dir='ltr'><strong>sumunt,</strong></span> <span class='ocrx_word' id='word_1_138' title='bbox 1027 1707 1076 1737; x_wconf 87' lang='lat' dir='ltr'><strong>sic</strong></span> 
     </span>
     <span class='ocr_line' id='line_1_28' title="bbox 380 1756 1078 1797; baseline -0.003 -8"><span class='ocrx_word' id='word_1_139' title='bbox 380 1757 658 1790; x_wconf 87' lang='lat' dir='ltr'><strong>concedebantur</strong></span> <span class='ocrx_word' id='word_1_140' title='bbox 680 1756 962 1797; x_wconf 87' lang='lat' dir='ltr'><strong>habebanturque</strong></span> <span class='ocrx_word' id='word_1_141' title='bbox 989 1766 1078 1787; x_wconf 87' lang='lat' dir='ltr'><strong>com-</strong></span> 
     </span>
     <span class='ocr_line' id='line_1_29' title="bbox 381 1807 1078 1848; baseline -0.001 -9"><span class='ocrx_word' id='word_1_142' title='bbox 381 1817 481 1839; x_wconf 90' lang='lat' dir='ltr'><strong>mune</strong></span> <span class='ocrx_word' id='word_1_143' title='bbox 494 1807 662 1848; x_wconf 85' lang='lat' dir='ltr'><strong>quoddam</strong></span> <span class='ocrx_word' id='word_1_144' title='bbox 677 1807 888 1838; x_wconf 84' lang='lat' dir='ltr'><strong>Postulatum</strong></span> <span class='ocrx_word' id='word_1_145' title='bbox 901 1811 936 1838; x_wconf 87' lang='lat' dir='ltr'><strong>et</strong></span> <span class='ocrx_word' id='word_1_146' title='bbox 950 1807 1078 1845; x_wconf 75' lang='lat' dir='ltr'><strong>regium</strong></span> 
     </span>
     <span class='ocr_line' id='line_1_30' title="bbox 382 1856 1079 1897; baseline -0.001 -8"><span class='ocrx_word' id='word_1_147' title='bbox 382 1858 425 1889; x_wconf 88' lang='lat' dir='ltr'><strong>ad</strong></span> <span class='ocrx_word' id='word_1_148' title='bbox 441 1856 686 1889; x_wconf 66' lang='lat' dir='ltr'><strong>securitatem!</strong></span> <span class='ocrx_word' id='word_1_149' title='bbox 730 1858 807 1889; x_wconf 77' lang='lat' dir='ltr'><strong>Quo</strong></span> <span class='ocrx_word' id='word_1_150' title='bbox 824 1857 982 1897; x_wconf 85' lang='lat' dir='ltr'><strong>exemplo</strong></span> <span class='ocrx_word' id='word_1_151' title='bbox 997 1858 1079 1888; x_wconf 89' lang='lat' dir='ltr'><strong>Tur·</strong></span> 
     </span>
     <span class='ocr_line' id='line_1_31' title="bbox 383 1906 1079 1948; baseline -0.001 -9"><span class='ocrx_word' id='word_1_152' title='bbox 383 1918 498 1939; x_wconf 87' lang='lat' dir='ltr'><strong>carum</strong></span> <span class='ocrx_word' id='word_1_153' title='bbox 516 1916 648 1948; x_wconf 89' lang='lat' dir='ltr'><strong>quoque</strong></span> <span class='ocrx_word' id='word_1_154' title='bbox 665 1906 845 1946; x_wconf 76' lang='lat' dir='ltr'><strong>Principes</strong></span> <span class='ocrx_word' id='word_1_155' title='bbox 862 1907 1039 1947; x_wconf 88' lang='lat' dir='ltr'><strong>imperium</strong></span> <span class='ocrx_word' id='word_1_156' title='bbox 1060 1917 1079 1938; x_wconf 89' lang='lat' dir='ltr'><strong>a</strong></span> 
     </span>
     <span class='ocr_line' id='line_1_32' title="bbox 383 1957 895 2000; baseline -0.006 -11"><span class='ocrx_word' id='word_1_157' title='bbox 383 1957 576 2000; x_wconf 86' lang='lat' dir='ltr'><strong>parricidiis</strong></span> <span class='ocrx_word' id='word_1_158' title='bbox 591 1957 822 1997; x_wconf 81' lang='lat' dir='ltr'><strong>auspicantur.</strong></span> <span class='ocrx_word' id='word_1_159' title='bbox 847 1957 895 1988; x_wconf 66' lang='lat'><strong>111.</strong></span> 
     </span>
    </p>

    <p class='ocr_par' dir='ltr' id='par_1_7' title="bbox 384 2007 1088 2956">
     <span class='ocr_line' id='line_1_33' title="bbox 427 2007 1080 2049; baseline -0.002 -10"><span class='ocrx_word' id='word_1_160' title='bbox 427 2010 445 2049; x_wconf 48' lang='grc' dir='ltr'>ᾧ</span> <span class='ocrx_word' id='word_1_161' title='bbox 468 2011 487 2039; x_wconf 85' lang='grc'>7</span> <span class='ocrx_word' id='word_1_162' title='bbox 514 2009 565 2038; x_wconf 87' lang='lat' dir='ltr'><strong>Ne</strong></span> <span class='ocrx_word' id='word_1_163' title='bbox 593 2007 723 2047; x_wconf 77' lang='lat' dir='ltr'><strong>spiritus</strong></span> <span class='ocrx_word' id='word_1_164' title='bbox 747 2008 869 2047; x_wconf 82' lang='lat' dir='ltr'><strong>quidem</strong></span> <span class='ocrx_word' id='word_1_165' title='bbox 894 2008 1080 2039; x_wconf 74' lang='lat' dir='ltr'><strong>consortium</strong></span> 
     </span>
     <span class='ocr_line' id='line_1_34' title="bbox 384 2057 1081 2098; baseline -0.001 -9"><span class='ocrx_word' id='word_1_166' title='bbox 384 2057 588 2098; x_wconf 83' lang='lat' dir='ltr'><strong>relinqueret]</strong></span> <span class='ocrx_word' id='word_1_167' title='bbox 632 2058 668 2088; x_wconf 91' lang='lat' dir='ltr'><strong>Si</strong></span> <span class='ocrx_word' id='word_1_168' title='bbox 699 2057 771 2098; x_wconf 86' lang='lat' dir='ltr'><strong>quis</strong></span> <span class='ocrx_word' id='word_1_169' title='bbox 798 2057 848 2088; x_wconf 91' lang='lat' dir='ltr'><strong>ita</strong></span> <span class='ocrx_word' id='word_1_170' title='bbox 873 2058 1081 2098; x_wconf 89' lang='lat' dir='ltr'><strong>loqueretur,</strong></span> 
     </span>
     <span class='ocr_line' id='line_1_35' title="bbox 385 2108 1080 2150; baseline 0 -10"><span class='ocrx_word' id='word_1_171' title='bbox 385 2111 394 2128; x_wconf 93' lang='lat'>‘</span> <span class='ocrx_word' id='word_1_172' title='bbox 409 2110 515 2140; x_wconf 80' lang='lat' dir='ltr'><strong>Titius</strong></span> <span class='ocrx_word' id='word_1_173' title='bbox 528 2109 606 2139; x_wconf 88' lang='lat' dir='ltr'><strong>mihi</strong></span> <span class='ocrx_word' id='word_1_174' title='bbox 620 2108 697 2139; x_wconf 85' lang='lat' dir='ltr'><strong>vitae</strong></span> <span class='ocrx_word' id='word_1_175' title='bbox 707 2108 906 2139; x_wconf 78' lang='lat' dir='ltr'><strong>societatem</strong></span> <span class='ocrx_word' id='word_1_176' title='bbox 923 2108 1080 2150; x_wconf 87' lang='lat' dir='ltr'><strong>reliquit,&#39;</strong></span> 
     </span>
     <span class='ocr_line' id='line_1_36' title="bbox 385 2158 1081 2199; baseline -0.001 -8"><span class='ocrx_word' id='word_1_177' title='bbox 385 2160 413 2191; x_wconf 88' lang='lat' dir='ltr'><strong>is</strong></span> <span class='ocrx_word' id='word_1_178' title='bbox 426 2160 513 2191; x_wconf 86' lang='lat' dir='ltr'><strong>male</strong></span> <span class='ocrx_word' id='word_1_179' title='bbox 527 2159 734 2199; x_wconf 86' lang='lat' dir='ltr'><strong>loqueretur.</strong></span> <span class='ocrx_word' id='word_1_180' title='bbox 758 2158 938 2188; x_wconf 82' lang='lat' dir='ltr'><strong>Possumus</strong></span> <span class='ocrx_word' id='word_1_181' title='bbox 955 2158 1081 2197; x_wconf 86' lang='lat' dir='ltr'><strong>dicere,</strong></span> 
     </span>
     <span class='ocr_line' id='line_1_37' title="bbox 385 2208 1081 2241; baseline -0.004 0"><span class='ocrx_word' id='word_1_182' title='bbox 385 2210 474 2241; x_wconf 83' lang='lat' dir='ltr'><strong>‘Ille</strong></span> <span class='ocrx_word' id='word_1_183' title='bbox 508 2209 589 2240; x_wconf 85' lang='lat' dir='ltr'><strong>mihi</strong></span> <span class='ocrx_word' id='word_1_184' title='bbox 616 2209 814 2240; x_wconf 86' lang='lat' dir='ltr'><strong>societatem</strong></span> <span class='ocrx_word' id='word_1_185' title='bbox 843 2208 977 2239; x_wconf 79' lang='lat' dir='ltr'><strong>honoris</strong></span> <span class='ocrx_word' id='word_1_186' title='bbox 1003 2208 1081 2239; x_wconf 86' lang='lat' dir='ltr'><strong>reli-</strong></span> 
     </span>
     <span class='ocr_line' id='line_1_38' title="bbox 388 2258 1080 2301; baseline -0.001 -10"><span class='ocrx_word' id='word_1_187' title='bbox 388 2259 484 2301; x_wconf 87' lang='lat' dir='ltr'><strong>quit‚’</strong></span> <span class='ocrx_word' id='word_1_188' title='bbox 506 2259 585 2300; x_wconf 87' lang='lat' dir='ltr'><strong>quia</strong></span> <span class='ocrx_word' id='word_1_189' title='bbox 599 2259 743 2290; x_wconf 84' lang='lat' dir='ltr'><strong>societas</strong></span> <span class='ocrx_word' id='word_1_190' title='bbox 765 2258 931 2299; x_wconf 86' lang='lat' dir='ltr'><strong>ejusmodi</strong></span> <span class='ocrx_word' id='word_1_191' title='bbox 956 2258 1080 2290; x_wconf 91' lang='lat' dir='ltr'><strong>donum</strong></span> 
     </span>
     <span class='ocr_line' id='line_1_39' title="bbox 388 2308 1082 2346; baseline -0.004 -4"><span class='ocrx_word' id='word_1_192' title='bbox 388 2315 441 2342; x_wconf 89' lang='lat' dir='ltr'><strong>est</strong></span> <span class='ocrx_word' id='word_1_193' title='bbox 464 2310 554 2340; x_wconf 87' lang='lat' dir='ltr'><strong>illius</strong></span> <span class='ocrx_word' id='word_1_194' title='bbox 570 2309 729 2346; x_wconf 78' lang='lat' dir='ltr'><strong>hominis3</strong></span> <span class='ocrx_word' id='word_1_195' title='bbox 754 2308 845 2339; x_wconf 84' lang='lat' dir='ltr'><strong>atde</strong></span> <span class='ocrx_word' id='word_1_196' title='bbox 863 2309 932 2339; x_wconf 85' lang='lat' dir='ltr'><strong>vita</strong></span> <span class='ocrx_word' id='word_1_197' title='bbox 949 2318 1012 2339; x_wconf 90' lang='lat' dir='ltr'><strong>non</strong></span> <span class='ocrx_word' id='word_1_198' title='bbox 1029 2308 1082 2339; x_wconf 87' lang='lat' dir='ltr'><strong>iti-</strong></span> 
     </span>
     <span class='ocr_line' id='line_1_40' title="bbox 388 2358 1082 2392; baseline -0.006 0"><span class='ocrx_word' id='word_1_199' title='bbox 388 2360 465 2392; x_wconf 86' lang='lat' dir='ltr'><strong>dem</strong></span> <span class='ocrx_word' id='word_1_200' title='bbox 482 2360 618 2391; x_wconf 87' lang='lat' dir='ltr'><strong>scntias.</strong></span> <span class='ocrx_word' id='word_1_201' title='bbox 663 2360 777 2391; x_wconf 79' lang='lat' dir='ltr'><strong>Quare</strong></span> <span class='ocrx_word' id='word_1_202' title='bbox 804 2359 1010 2389; x_wconf 86' lang='lat' dir='ltr'><strong>consortium</strong></span> <span class='ocrx_word' id='word_1_203' title='bbox 1041 2358 1082 2389; x_wconf 89' lang='lat' dir='ltr'><strong>is-</strong></span> 
     </span>
     <span class='ocr_line' id='line_1_41' title="bbox 389 2409 1084 2452; baseline -0.007 -9"><span class='ocrx_word' id='word_1_204' title='bbox 389 2412 450 2444; x_wconf 88' lang='lat' dir='ltr'><strong>tud</strong></span> <span class='ocrx_word' id='word_1_205' title='bbox 467 2412 617 2452; x_wconf 82' lang='lat' dir='ltr'><strong>spiritus,</strong></span> <span class='ocrx_word' id='word_1_206' title='bbox 632 2419 658 2440; x_wconf 90' lang='lat' dir='ltr'><strong>s.</strong></span> <span class='ocrx_word' id='word_1_207' title='bbox 676 2410 765 2449; x_wconf 85' lang='lat' dir='ltr'><strong>vitae,</strong></span> <span class='ocrx_word' id='word_1_208' title='bbox 790 2419 999 2450; x_wconf 84' lang='lat' dir='ltr'><strong>nequaquam</strong></span> <span class='ocrx_word' id='word_1_209' title='bbox 1016 2409 1084 2449; x_wconf 89' lang='lat' dir='ltr'><strong>pla-</strong></span> 
     </span>
     <span class='ocr_line' id='line_1_42' title="bbox 389 2461 1085 2503; baseline -0.006 -8"><span class='ocrx_word' id='word_1_210' title='bbox 389 2468 454 2495; x_wconf 87' lang='lat' dir='ltr'><strong>cet.</strong></span> <span class='ocrx_word' id='word_1_211' title='bbox 499 2463 689 2503; x_wconf 87' lang='lat' dir='ltr'><strong>Scripserat</strong></span> <span class='ocrx_word' id='word_1_212' title='bbox 704 2462 792 2494; x_wconf 89' lang='lat' dir='ltr'><strong>Just.</strong></span> <span class='ocrx_word' id='word_1_213' title='bbox 810 2471 846 2492; x_wconf 81' lang='lat' dir='ltr'><strong>ue</strong></span> <span class='ocrx_word' id='word_1_214' title='bbox 859 2461 1004 2501; x_wconf 82' lang='lat' dir='ltr'><strong>spiritum</strong></span> <span class='ocrx_word' id='word_1_215' title='bbox 1019 2461 1085 2501; x_wconf 81' lang='lat' dir='ltr'><strong>qui·</strong></span> 
     </span>
     <span class='ocr_line' id='line_1_43' title="bbox 390 2512 1083 2554; baseline -0.003 -9"><span class='ocrx_word' id='word_1_216' title='bbox 390 2515 469 2554; x_wconf 82' lang='lat' dir='ltr'><strong>dem,</strong></span> <span class='ocrx_word' id='word_1_217' title='bbox 484 2514 505 2546; x_wconf 91' lang='lat' dir='ltr'><strong>i.</strong></span> <span class='ocrx_word' id='word_1_218' title='bbox 522 2523 552 2544; x_wconf 87' lang='lat' dir='ltr'><strong>e.</strong></span> <span class='ocrx_word' id='word_1_219' title='bbox 569 2513 722 2551; x_wconf 86' lang='lat' dir='ltr'><strong>animam,</strong></span> <span class='ocrx_word' id='word_1_220' title='bbox 738 2512 934 2552; x_wconf 80' lang='lat' dir='ltr'><strong>relinqueret.</strong></span> <span class='ocrx_word' id='word_1_221' title='bbox 959 2512 1083 2543; x_wconf 83' lang='lat' dir='ltr'><strong>Faber.</strong></span> 
     </span>
     <span class='ocr_line' id='line_1_44' title="bbox 391 2562 1084 2602; baseline -0.006 -6"><span class='ocrx_word' id='word_1_222' title='bbox 391 2565 468 2596; x_wconf 86' lang='lat' dir='ltr'><strong>Hoc</strong></span> <span class='ocrx_word' id='word_1_223' title='bbox 481 2564 678 2595; x_wconf 87' lang='lat' dir='ltr'><strong>vocabulum</strong></span> <span class='ocrx_word' id='word_1_224' title='bbox 694 2563 879 2594; x_wconf 79' lang='lat' dir='ltr'><strong>consortium</strong></span> <span class='ocrx_word' id='word_1_225' title='bbox 891 2562 1084 2602; x_wconf 85' lang='lat' dir='ltr'><strong>glossatoris</strong></span> 
     </span>
     <span class='ocr_line' id='line_1_45' title="bbox 389 2613 1084 2654; baseline -0.004 -8"><span class='ocrx_word' id='word_1_226' title='bbox 389 2615 469 2646; x_wconf 84' lang='lat' dir='ltr'><strong>mihi</strong></span> <span class='ocrx_word' id='word_1_227' title='bbox 485 2624 571 2654; x_wconf 87' lang='lat' dir='ltr'><strong>esse,</strong></span> <span class='ocrx_word' id='word_1_228' title='bbox 598 2623 662 2644; x_wconf 90' lang='lat' dir='ltr'><strong>non</strong></span> <span class='ocrx_word' id='word_1_229' title='bbox 674 2613 799 2646; x_wconf 83' lang='lat' dir='ltr'><strong>Justini</strong></span> <span class='ocrx_word' id='word_1_230' title='bbox 816 2613 960 2644; x_wconf 88' lang='lat' dir='ltr'><strong>videtur.</strong></span> <span class='ocrx_word' id='word_1_231' title='bbox 1004 2613 1084 2644; x_wconf 88' lang='lat' dir='ltr'><strong>Non</strong></span> 
     </span>
     <span class='ocr_line' id='line_1_46' title="bbox 391 2663 1085 2703; baseline -0.004 -5"><span class='ocrx_word' id='word_1_232' title='bbox 391 2667 479 2698; x_wconf 86' lang='lat' dir='ltr'><strong>enim</strong></span> <span class='ocrx_word' id='word_1_233' title='bbox 495 2666 581 2697; x_wconf 87' lang='lat' dir='ltr'><strong>solet</strong></span> <span class='ocrx_word' id='word_1_234' title='bbox 607 2664 688 2695; x_wconf 80' lang='lat' dir='ltr'><strong>alibi</strong></span> <span class='ocrx_word' id='word_1_235' title='bbox 715 2668 844 2695; x_wconf 85' lang='lat' dir='ltr'><strong>temere</strong></span> <span class='ocrx_word' id='word_1_236' title='bbox 864 2663 927 2694; x_wconf 91' lang='lat' dir='ltr'><strong>hoc</strong></span> <span class='ocrx_word' id='word_1_237' title='bbox 952 2663 1085 2703; x_wconf 86' lang='lat' dir='ltr'><strong>plebeio</strong></span> 
     </span>
     <span class='ocr_line' id='line_1_47' title="bbox 390 2712 1084 2758; baseline -0.007 -10"><span class='ocrx_word' id='word_1_238' title='bbox 390 2726 513 2758; x_wconf 85' lang='lat' dir='ltr'><strong>genere</strong></span> <span class='ocrx_word' id='word_1_239' title='bbox 529 2714 693 2746; x_wconf 89' lang='lat' dir='ltr'><strong>sermonis</strong></span> <span class='ocrx_word' id='word_1_240' title='bbox 710 2713 770 2744; x_wconf 86' lang='lat' dir='ltr'><strong>uti.</strong></span> <span class='ocrx_word' id='word_1_241' title='bbox 793 2712 898 2751; x_wconf 78' lang='lat' dir='ltr'><strong>Schef.</strong></span> <span class='ocrx_word' id='word_1_242' title='bbox 942 2715 1084 2744; x_wconf 86' lang='lat' dir='ltr'><strong>Contro-</strong></span> 
     </span>
     <span class='ocr_line' id='line_1_48' title="bbox 392 2763 1084 2798; baseline -0.006 0"><span class='ocrx_word' id='word_1_243' title='bbox 392 2767 537 2798; x_wconf 86' lang='lat' dir='ltr'><strong>versiam</strong></span> <span class='ocrx_word' id='word_1_244' title='bbox 553 2768 689 2796; x_wconf 89' lang='lat' dir='ltr'><strong>moveut</strong></span> <span class='ocrx_word' id='word_1_245' title='bbox 703 2763 779 2794; x_wconf 87' lang='lat' dir='ltr'><strong>huic</strong></span> <span class='ocrx_word' id='word_1_246' title='bbox 805 2764 886 2794; x_wconf 87' lang='lat' dir='ltr'><strong>lect.</strong></span> <span class='ocrx_word' id='word_1_247' title='bbox 903 2763 966 2794; x_wconf 87' lang='lat' dir='ltr'><strong>viri</strong></span> <span class='ocrx_word' id='word_1_248' title='bbox 980 2763 1084 2795; x_wconf 84' lang='lat' dir='ltr'><strong>docti.</strong></span> 
     </span>
     <span class='ocr_line' id='line_1_49' title="bbox 393 2813 1085 2854; baseline -0.006 -6"><span class='ocrx_word' id='word_1_249' title='bbox 393 2818 516 2848; x_wconf 83' lang='lat' dir='ltr'><strong>Fateor</strong></span> <span class='ocrx_word' id='word_1_250' title='bbox 531 2815 716 2846; x_wconf 77' lang='lat' dir='ltr'><strong>consortium</strong></span> <span class='ocrx_word' id='word_1_251' title='bbox 731 2823 829 2854; x_wconf 87' lang='lat' dir='ltr'><strong>posse</strong></span> <span class='ocrx_word' id='word_1_252' title='bbox 856 2813 927 2844; x_wconf 91' lang='lat' dir='ltr'><strong>siue</strong></span> <span class='ocrx_word' id='word_1_253' title='bbox 950 2818 1085 2845; x_wconf 86' lang='lat' dir='ltr'><strong>seuten-</strong></span> 
     </span>
     <span class='ocr_line' id='line_1_50' title="bbox 394 2863 1086 2903; baseline -0.003 -5"><span class='ocrx_word' id='word_1_254' title='bbox 394 2867 452 2898; x_wconf 82' lang='lat' dir='ltr'><strong>tiae</strong></span> <span class='ocrx_word' id='word_1_255' title='bbox 468 2865 673 2897; x_wconf 85' lang='lat' dir='ltr'><strong>detrimento</strong></span> <span class='ocrx_word' id='word_1_256' title='bbox 688 2864 792 2895; x_wconf 86' lang='lat' dir='ltr'><strong>semel</strong></span> <span class='ocrx_word' id='word_1_257' title='bbox 805 2863 930 2903; x_wconf 84' lang='lat' dir='ltr'><strong>deleri;</strong></span> <span class='ocrx_word' id='word_1_258' title='bbox 947 2864 1006 2895; x_wconf 86' lang='lat' dir='ltr'><strong>sed</strong></span> <span class='ocrx_word' id='word_1_259' title='bbox 1022 2875 1086 2896; x_wconf 89' lang='lat' dir='ltr'><strong>nec</strong></span> 
     </span>
     <span class='ocr_line' id='line_1_51' title="bbox 394 2913 1088 2956; baseline -0.003 -8"><span class='ocrx_word' id='word_1_260' title='bbox 394 2914 703 2956; x_wconf 84' lang='lat' dir='ltr'><strong>incommode,quin</strong></span> <span class='ocrx_word' id='word_1_261' title='bbox 720 2914 751 2945; x_wconf 82' lang='grc' dir='ltr'><strong>ἐν</strong></span> <span class='ocrx_word' id='word_1_262' title='bbox 766 2913 896 2955; x_wconf 76' lang='grc' dir='ltr'><strong><em>δυνάμει,</em></strong></span> <span class='ocrx_word' id='word_1_263' title='bbox 909 2915 1088 2955; x_wconf 84' lang='lat' dir='ltr'><strong>repetitur.</strong></span> 
     </span>
    </p>
   </div>
   <div class='ocr_carea' id='block_1_3' title="bbox 824 352 1346 386">
    <p class='ocr_par' dir='ltr' id='par_1_8' title="bbox 824 352 1346 386">
     <span class='ocr_line' id='line_1_52' title="bbox 824 352 1346 386; baseline 0.006 -3"><span class='ocrx_word' id='word_1_264' title='bbox 824 352 966 385; x_wconf 76' lang='lat' dir='ltr'><strong>NOTAE</strong></span> <span class='ocrx_word' id='word_1_265' title='bbox 997 353 1260 386; x_wconf 80' lang='lat' dir='ltr'>VARIORUM</span> <span class='ocrx_word' id='word_1_266' title='bbox 1294 355 1346 386; x_wconf 88' lang='lat' dir='ltr'><strong>IN</strong></span> 
     </span>
    </p>
   </div>
   <div class='ocr_carea' id='block_1_4' title="bbox 1117 448 1833 2945">
    <p class='ocr_par' dir='ltr' id='par_1_9' title="bbox 1117 448 1821 1596">
     <span class='ocr_line' id='line_1_53' title="bbox 1117 448 1813 490; baseline 0.003 -10"><span class='ocrx_word' id='word_1_267' title='bbox 1117 448 1175 479; x_wconf 88' lang='lat' dir='ltr'><strong>Sic</strong></span> <span class='ocrx_word' id='word_1_268' title='bbox 1193 458 1304 481; x_wconf 81' lang='lat' dir='ltr'><strong>xxm.</strong></span> <span class='ocrx_word' id='word_1_269' title='bbox 1318 452 1349 481; x_wconf 82' lang='lat'><strong>2.</strong></span> <span class='ocrx_word' id='word_1_270' title='bbox 1375 451 1383 467; x_wconf 93' lang='lat'>‘</span> <span class='ocrx_word' id='word_1_271' title='bbox 1398 450 1473 481; x_wconf 84' lang='lat' dir='ltr'><strong>Nec</strong></span> <span class='ocrx_word' id='word_1_272' title='bbox 1497 449 1636 481; x_wconf 86' lang='lat' dir='ltr'><strong>invitam</strong></span> <span class='ocrx_word' id='word_1_273' title='bbox 1661 450 1813 490; x_wconf 85' lang='lat' dir='ltr'><strong>periculo</strong></span> 
     </span>
     <span class='ocr_line' id='line_1_54' title="bbox 1118 498 1813 540; baseline 0.003 -11"><span class='ocrx_word' id='word_1_274' title='bbox 1118 498 1258 539; x_wconf 91' lang='lat' dir='ltr'><strong>spiritus</strong></span> <span class='ocrx_word' id='word_1_275' title='bbox 1283 500 1333 530; x_wconf 88' lang='lat' dir='ltr'><strong>sui</strong></span> <span class='ocrx_word' id='word_1_276' title='bbox 1358 504 1561 540; x_wconf 67' lang='lat' dir='ltr'><strong>erupturam,</strong></span> <span class='ocrx_word' id='word_1_277' title='bbox 1580 504 1618 531; x_wconf 93' lang='lat' dir='ltr'><strong>ut</strong></span> <span class='ocrx_word' id='word_1_278' title='bbox 1641 504 1813 531; x_wconf 80' lang='lat' dir='ltr'><strong>extremos</strong></span> 
     </span>
     <span class='ocr_line' id='line_1_55' title="bbox 1118 549 1814 591; baseline 0.003 -12"><span class='ocrx_word' id='word_1_279' title='bbox 1118 549 1181 580; x_wconf 89' lang='lat' dir='ltr'><strong>viri</strong></span> <span class='ocrx_word' id='word_1_280' title='bbox 1208 550 1350 590; x_wconf 92' lang='lat' dir='ltr'><strong>spiritus</strong></span> <span class='ocrx_word' id='word_1_281' title='bbox 1379 550 1580 591; x_wconf 84' lang='lat' dir='ltr'><strong>exciperet.’</strong></span> <span class='ocrx_word' id='word_1_282' title='bbox 1639 551 1814 582; x_wconf 89' lang='lat' dir='ltr'><strong>Potuisset</strong></span> 
     </span>
     <span class='ocr_line' id='line_1_56' title="bbox 1119 599 1817 641; baseline 0.001 -12"><span class='ocrx_word' id='word_1_283' title='bbox 1119 599 1267 630; x_wconf 87' lang='lat' dir='ltr'><strong>scribere</strong></span> <span class='ocrx_word' id='word_1_284' title='bbox 1287 610 1295 631; x_wconf 72' lang='grc' dir='ltr'><strong><em>ε</em></strong></span> <span class='ocrx_word' id='word_1_285' title='bbox 1312 600 1322 616; x_wconf 86' lang='lat'>‘</span> <span class='ocrx_word' id='word_1_286' title='bbox 1340 601 1414 631; x_wconf 85' lang='lat' dir='ltr'><strong>Nec</strong></span> <span class='ocrx_word' id='word_1_287' title='bbox 1431 600 1572 632; x_wconf 89' lang='lat' dir='ltr'><strong>invitam</strong></span> <span class='ocrx_word' id='word_1_288' title='bbox 1591 601 1738 641; x_wconf 80' lang='lat' dir='ltr'><strong>periculo</strong></span> <span class='ocrx_word' id='word_1_289' title='bbox 1751 600 1817 641; x_wconf 87' lang='lat' dir='ltr'><strong>spi-</strong></span> 
     </span>
     <span class='ocr_line' id='line_1_57' title="bbox 1119 649 1815 691; baseline 0.003 -12"><span class='ocrx_word' id='word_1_290' title='bbox 1119 649 1202 680; x_wconf 91' lang='lat' dir='ltr'><strong>ritus</strong></span> <span class='ocrx_word' id='word_1_291' title='bbox 1215 650 1265 680; x_wconf 93' lang='lat' dir='ltr'><strong>sui</strong></span> <span class='ocrx_word' id='word_1_292' title='bbox 1283 655 1484 691; x_wconf 79' lang='lat' dir='ltr'><strong>erupturam,</strong></span> <span class='ocrx_word' id='word_1_293' title='bbox 1496 656 1531 681; x_wconf 87' lang='lat' dir='ltr'><strong>ut</strong></span> <span class='ocrx_word' id='word_1_294' title='bbox 1548 656 1736 682; x_wconf 89' lang='lat' dir='ltr'><strong>extremum</strong></span> <span class='ocrx_word' id='word_1_295' title='bbox 1752 651 1815 681; x_wconf 88' lang='lat' dir='ltr'><strong>viri</strong></span> 
     </span>
     <span class='ocr_line' id='line_1_58' title="bbox 1119 700 1817 741; baseline 0.004 -11"><span class='ocrx_word' id='word_1_296' title='bbox 1119 700 1317 741; x_wconf 66' lang='lat' dir='ltr'><strong>exciperet!</strong></span> <span class='ocrx_word' id='word_1_297' title='bbox 1341 701 1407 732; x_wconf 90' lang='lat' dir='ltr'><strong>Sed</strong></span> <span class='ocrx_word' id='word_1_298' title='bbox 1418 702 1465 733; x_wconf 88' lang='lat' dir='ltr'><strong>sic</strong></span> <span class='ocrx_word' id='word_1_299' title='bbox 1478 702 1607 734; x_wconf 86' lang='lat' dir='ltr'><strong>maluit.</strong></span> <span class='ocrx_word' id='word_1_300' title='bbox 1625 702 1748 733; x_wconf 76' lang='lat' dir='ltr'><strong>Ethaec</strong></span> <span class='ocrx_word' id='word_1_301' title='bbox 1760 711 1817 732; x_wconf 92' lang='lat' dir='ltr'><strong>vo-</strong></span> 
     </span>
     <span class='ocr_line' id='line_1_59' title="bbox 1119 750 1814 792; baseline 0.003 -11"><span class='ocrx_word' id='word_1_302' title='bbox 1119 760 1194 781; x_wconf 88' lang='lat' dir='ltr'><strong>cum</strong></span> <span class='ocrx_word' id='word_1_303' title='bbox 1211 750 1350 782; x_wconf 84' lang='lat' dir='ltr'><strong>iteratio</strong></span> <span class='ocrx_word' id='word_1_304' title='bbox 1366 761 1441 782; x_wconf 90' lang='lat' dir='ltr'><strong>cum</strong></span> <span class='ocrx_word' id='word_1_305' title='bbox 1459 761 1513 792; x_wconf 87' lang='lat' dir='ltr'><strong>ap.</strong></span> <span class='ocrx_word' id='word_1_306' title='bbox 1530 752 1660 792; x_wconf 68' lang='lat' dir='ltr'><strong>poetas,</strong></span> <span class='ocrx_word' id='word_1_307' title='bbox 1673 756 1743 782; x_wconf 89' lang='lat' dir='ltr'><strong>tum</strong></span> <span class='ocrx_word' id='word_1_308' title='bbox 1759 761 1814 792; x_wconf 90' lang='lat' dir='ltr'><strong>ap.</strong></span> 
     </span>
     <span class='ocr_line' id='line_1_60' title="bbox 1120 801 1817 842; baseline 0.003 -12"><span class='ocrx_word' id='word_1_309' title='bbox 1120 804 1272 831; x_wconf 79' lang='lat' dir='ltr'><strong>oratores</strong></span> <span class='ocrx_word' id='word_1_310' title='bbox 1289 805 1323 831; x_wconf 91' lang='lat' dir='ltr'><strong>et</strong></span> <span class='ocrx_word' id='word_1_311' title='bbox 1338 801 1514 832; x_wconf 83' lang='lat' dir='ltr'><strong>historicos</strong></span> <span class='ocrx_word' id='word_1_312' title='bbox 1540 811 1633 842; x_wconf 90' lang='lat' dir='ltr'><strong>saepe</strong></span> <span class='ocrx_word' id='word_1_313' title='bbox 1658 802 1690 832; x_wconf 91' lang='lat' dir='ltr'><strong>vi</strong></span> <span class='ocrx_word' id='word_1_314' title='bbox 1707 802 1817 842; x_wconf 83' lang='lat' dir='ltr'><strong>singu-</strong></span> 
     </span>
     <span class='ocr_line' id='line_1_61' title="bbox 1120 850 1816 893; baseline 0.004 -12"><span class='ocrx_word' id='word_1_315' title='bbox 1120 850 1254 882; x_wconf 81' lang='lat' dir='ltr'><strong>lariest.</strong></span> <span class='ocrx_word' id='word_1_316' title='bbox 1277 851 1358 890; x_wconf 90' lang='lat' dir='ltr'><strong>Sed,</strong></span> <span class='ocrx_word' id='word_1_317' title='bbox 1373 852 1416 891; x_wconf 79' lang='grc' dir='ltr'><strong>τῷ</strong></span> <span class='ocrx_word' id='word_1_318' title='bbox 1430 853 1615 883; x_wconf 80' lang='lat' dir='ltr'><strong>consortium</strong></span> <span class='ocrx_word' id='word_1_319' title='bbox 1630 857 1816 893; x_wconf 83' lang='lat' dir='ltr'><strong>expuncto,</strong></span> 
     </span>
     <span class='ocr_line' id='line_1_62' title="bbox 1121 901 1816 943; baseline 0.004 -11"><span class='ocrx_word' id='word_1_320' title='bbox 1121 901 1300 942; x_wconf 85' lang='lat' dir='ltr'><strong>legendum</strong></span> <span class='ocrx_word' id='word_1_321' title='bbox 1314 912 1389 934; x_wconf 88' lang='lat' dir='ltr'><strong>esse</strong></span> <span class='ocrx_word' id='word_1_322' title='bbox 1414 902 1572 943; x_wconf 80' lang='lat' dir='ltr'><strong>spiritum,</strong></span> <span class='ocrx_word' id='word_1_323' title='bbox 1601 903 1680 934; x_wconf 89' lang='lat' dir='ltr'><strong>viris</strong></span> <span class='ocrx_word' id='word_1_324' title='bbox 1707 903 1816 935; x_wconf 90' lang='lat' dir='ltr'><strong>doctis</strong></span> 
     </span>
     <span class='ocr_line' id='line_1_63' title="bbox 1121 952 1819 992; baseline 0.003 -10"><span class='ocrx_word' id='word_1_325' title='bbox 1121 952 1258 983; x_wconf 82' lang='lat' dir='ltr'><strong>minime</strong></span> <span class='ocrx_word' id='word_1_326' title='bbox 1275 961 1411 992; x_wconf 89' lang='lat' dir='ltr'><strong>possum</strong></span> <span class='ocrx_word' id='word_1_327' title='bbox 1437 953 1604 984; x_wconf 87' lang='lat' dir='ltr'><strong>assentiri.</strong></span> <span class='ocrx_word' id='word_1_328' title='bbox 1650 954 1659 970; x_wconf 77' lang='lat'><em>⁴</em></span> <span class='ocrx_word' id='word_1_329' title='bbox 1675 954 1819 984; x_wconf 87' lang='lat' dir='ltr'><strong>Consor-</strong></span> 
     </span>
     <span class='ocr_line' id='line_1_64' title="bbox 1121 1001 1818 1041; baseline 0.003 -9"><span class='ocrx_word' id='word_1_330' title='bbox 1121 1001 1202 1032; x_wconf 88' lang='lat' dir='ltr'><strong>tium</strong></span> <span class='ocrx_word' id='word_1_331' title='bbox 1216 1001 1225 1015; x_wconf 87' lang='lat'><em>&#39;</em></span> <span class='ocrx_word' id='word_1_332' title='bbox 1247 1007 1312 1041; x_wconf 85' lang='lat' dir='ltr'><strong>est,</strong></span> <span class='ocrx_word' id='word_1_333' title='bbox 1325 1002 1548 1034; x_wconf 77' lang='lat' dir='ltr'><strong>cohereditas.</strong></span> <span class='ocrx_word' id='word_1_334' title='bbox 1588 1003 1597 1019; x_wconf 89' lang='lat'>‘</span> <span class='ocrx_word' id='word_1_335' title='bbox 1615 1003 1797 1034; x_wconf 86' lang='lat' dir='ltr'><strong>Consortes</strong></span> <span class='ocrx_word' id='word_1_336' title='bbox 1809 1003 1818 1015; x_wconf 87' lang='lat'>’</span> 
     </span>
     <span class='ocr_line' id='line_1_65' title="bbox 1123 1052 1820 1094; baseline 0.003 -11"><span class='ocrx_word' id='word_1_337' title='bbox 1123 1057 1201 1084; x_wconf 89' lang='lat' dir='ltr'><strong>sunt</strong></span> <span class='ocrx_word' id='word_1_338' title='bbox 1240 1053 1434 1085; x_wconf 83' lang='lat' dir='ltr'><strong>coheredes.</strong></span> <span class='ocrx_word' id='word_1_339' title='bbox 1495 1052 1572 1084; x_wconf 88' lang='lat' dir='ltr'><strong>Hoc</strong></span> <span class='ocrx_word' id='word_1_340' title='bbox 1599 1053 1702 1094; x_wconf 86' lang='lat' dir='ltr'><strong>igitur</strong></span> <span class='ocrx_word' id='word_1_341' title='bbox 1733 1054 1820 1085; x_wconf 82' lang='lat' dir='ltr'><strong>dixit</strong></span> 
     </span>
     <span class='ocr_line' id='line_1_66' title="bbox 1122 1103 1818 1136; baseline 0 -2"><span class='ocrx_word' id='word_1_342' title='bbox 1122 1103 1297 1135; x_wconf 86' lang='lat' dir='ltr'><strong>Justinus:</strong></span> <span class='ocrx_word' id='word_1_343' title='bbox 1323 1103 1391 1136; x_wconf 81' lang='lat' dir='ltr'><strong>Qui</strong></span> <span class='ocrx_word' id='word_1_344' title='bbox 1408 1103 1580 1134; x_wconf 84' lang='lat' dir='ltr'><strong>debebant</strong></span> <span class='ocrx_word' id='word_1_345' title='bbox 1597 1113 1671 1135; x_wconf 84' lang='lat' dir='ltr'><strong>esse</strong></span> <span class='ocrx_word' id='word_1_346' title='bbox 1687 1114 1762 1135; x_wconf 88' lang='lat' dir='ltr'><strong>cum</strong></span> <span class='ocrx_word' id='word_1_347' title='bbox 1779 1114 1818 1135; x_wconf 88' lang='lat' dir='ltr'><strong>eo</strong></span> 
     </span>
     <span class='ocr_line' id='line_1_67' title="bbox 1123 1154 1819 1194; baseline 0 -9"><span class='ocrx_word' id='word_1_348' title='bbox 1123 1154 1264 1185; x_wconf 80' lang='lat' dir='ltr'><strong>heredes</strong></span> <span class='ocrx_word' id='word_1_349' title='bbox 1281 1155 1386 1194; x_wconf 86' lang='lat' dir='ltr'><strong>regni,</strong></span> <span class='ocrx_word' id='word_1_350' title='bbox 1401 1154 1475 1185; x_wconf 92' lang='lat' dir='ltr'><strong>illos</strong></span> <span class='ocrx_word' id='word_1_351' title='bbox 1493 1164 1532 1185; x_wconf 90' lang='lat' dir='ltr'><strong>ne</strong></span> <span class='ocrx_word' id='word_1_352' title='bbox 1551 1155 1736 1185; x_wconf 84' lang='lat' dir='ltr'><strong>communis</strong></span> <span class='ocrx_word' id='word_1_353' title='bbox 1750 1154 1819 1194; x_wconf 85' lang='lat' dir='ltr'><strong>huj.</strong></span> 
     </span>
     <span class='ocr_line' id='line_1_68' title="bbox 1124 1203 1820 1244; baseline -0.001 -9"><span class='ocrx_word' id='word_1_354' title='bbox 1124 1204 1204 1235; x_wconf 86' lang='lat' dir='ltr'><strong>vitae</strong></span> <span class='ocrx_word' id='word_1_355' title='bbox 1222 1214 1323 1235; x_wconf 88' lang='lat' dir='ltr'><strong>usura</strong></span> <span class='ocrx_word' id='word_1_356' title='bbox 1338 1213 1451 1235; x_wconf 89' lang='lat' dir='ltr'><strong>secum</strong></span> <span class='ocrx_word' id='word_1_357' title='bbox 1469 1203 1536 1235; x_wconf 88' lang='lat' dir='ltr'><strong>frui</strong></span> <span class='ocrx_word' id='word_1_358' title='bbox 1554 1204 1746 1244; x_wconf 82' lang='lat' dir='ltr'><strong>patiebatur</strong></span> <span class='ocrx_word' id='word_1_359' title='bbox 1761 1214 1768 1235; x_wconf 75' lang='grc' dir='ltr'><strong><em>ε</em></strong></span> <span class='ocrx_word' id='word_1_360' title='bbox 1792 1214 1820 1234; x_wconf 87' lang='lat' dir='ltr'><strong>s.</strong></span> 
     </span>
     <span class='ocr_line' id='line_1_69' title="bbox 1125 1253 1820 1296; baseline -0.003 -11"><span class='ocrx_word' id='word_1_361' title='bbox 1125 1254 1181 1296; x_wconf 89' lang='lat' dir='ltr'><strong>qui</strong></span> <span class='ocrx_word' id='word_1_362' title='bbox 1198 1264 1272 1286; x_wconf 89' lang='lat' dir='ltr'><strong>cum</strong></span> <span class='ocrx_word' id='word_1_363' title='bbox 1298 1254 1356 1285; x_wconf 89' lang='lat' dir='ltr'><strong>illo</strong></span> <span class='ocrx_word' id='word_1_364' title='bbox 1383 1253 1551 1285; x_wconf 86' lang='lat' dir='ltr'><strong>debebant</strong></span> <span class='ocrx_word' id='word_1_365' title='bbox 1581 1263 1734 1294; x_wconf 81' lang='lat' dir='ltr'><strong>regnare,</strong></span> <span class='ocrx_word' id='word_1_366' title='bbox 1762 1263 1820 1284; x_wconf 85' lang='lat' dir='ltr'><strong>eos</strong></span> 
     </span>
     <span class='ocr_line' id='line_1_70' title="bbox 1125 1302 1821 1345; baseline -0.003 -9"><span class='ocrx_word' id='word_1_367' title='bbox 1125 1314 1167 1336; x_wconf 88' lang='lat' dir='ltr'><strong>ne</strong></span> <span class='ocrx_word' id='word_1_368' title='bbox 1184 1314 1298 1336; x_wconf 90' lang='lat' dir='ltr'><strong>secum</strong></span> <span class='ocrx_word' id='word_1_369' title='bbox 1314 1304 1447 1345; x_wconf 90' lang='lat' dir='ltr'><strong>quidem</strong></span> <span class='ocrx_word' id='word_1_370' title='bbox 1465 1304 1579 1335; x_wconf 90' lang='lat' dir='ltr'><strong>vivere</strong></span> <span class='ocrx_word' id='word_1_371' title='bbox 1595 1303 1736 1335; x_wconf 89' lang='lat' dir='ltr'><strong>sinebat.</strong></span> <span class='ocrx_word' id='word_1_372' title='bbox 1754 1302 1821 1344; x_wconf 89' lang='lat' dir='ltr'><strong>Ap.</strong></span> 
     </span>
     <span class='ocr_line' id='line_1_71' title="bbox 1127 1354 1821 1397; baseline -0.003 -10"><span class='ocrx_word' id='word_1_373' title='bbox 1127 1356 1191 1387; x_wconf 91' lang='lat' dir='ltr'><strong>Ov.</strong></span> <span class='ocrx_word' id='word_1_374' title='bbox 1217 1356 1252 1387; x_wconf 91' lang='lat' dir='ltr'><strong>in</strong></span> <span class='ocrx_word' id='word_1_375' title='bbox 1285 1357 1396 1397; x_wconf 85' lang='lat' dir='ltr'><strong>Epist.</strong></span> <span class='ocrx_word' id='word_1_376' title='bbox 1429 1356 1438 1373; x_wconf 89' lang='lat'>‘</span> <span class='ocrx_word' id='word_1_377' title='bbox 1452 1360 1625 1387; x_wconf 79' lang='lat' dir='ltr'><strong>consortes</strong></span> <span class='ocrx_word' id='word_1_378' title='bbox 1664 1355 1798 1393; x_wconf 72' lang='lat' dir='ltr'><strong>generis</strong></span> <span class='ocrx_word' id='word_1_379' title='bbox 1813 1354 1821 1367; x_wconf 83' lang='lat'>’</span> 
     </span>
     <span class='ocr_line' id='line_1_72' title="bbox 1127 1406 1821 1448; baseline -0.003 -10"><span class='ocrx_word' id='word_1_380' title='bbox 1127 1407 1288 1438; x_wconf 87' lang='lat' dir='ltr'><strong>dicuntur</strong></span> <span class='ocrx_word' id='word_1_381' title='bbox 1314 1407 1420 1447; x_wconf 84' lang='lat' dir='ltr'><strong>ejusd.</strong></span> <span class='ocrx_word' id='word_1_382' title='bbox 1437 1406 1570 1448; x_wconf 85' lang='lat' dir='ltr'><strong>generis</strong></span> <span class='ocrx_word' id='word_1_383' title='bbox 1586 1406 1782 1446; x_wconf 81' lang='lat' dir='ltr'><strong>participes,</strong></span> <span class='ocrx_word' id='word_1_384' title='bbox 1795 1415 1821 1437; x_wconf 80' lang='lat' dir='ltr'><strong>s.</strong></span> 
     </span>
     <span class='ocr_line' id='line_1_73' title="bbox 1127 1456 1821 1497; baseline -0.004 -9"><span class='ocrx_word' id='word_1_385' title='bbox 1127 1457 1378 1497; x_wconf 83' lang='lat' dir='ltr'><strong>consanguinei.</strong></span> <span class='ocrx_word' id='word_1_386' title='bbox 1422 1456 1548 1489; x_wconf 81' lang='lat' dir='ltr'><strong>Quidni</strong></span> <span class='ocrx_word' id='word_1_387' title='bbox 1565 1465 1648 1496; x_wconf 83' lang='lat' dir='ltr'><strong>ergo</strong></span> <span class='ocrx_word' id='word_1_388' title='bbox 1664 1460 1700 1486; x_wconf 88' lang='lat' dir='ltr'><strong>et</strong></span> <span class='ocrx_word' id='word_1_389' title='bbox 1720 1456 1729 1472; x_wconf 91' lang='lat'>‘</span> <span class='ocrx_word' id='word_1_390' title='bbox 1742 1456 1821 1486; x_wconf 86' lang='lat' dir='ltr'><strong>vitae</strong></span> 
     </span>
     <span class='ocr_line' id='line_1_74' title="bbox 1128 1504 1821 1546; baseline -0.004 -9"><span class='ocrx_word' id='word_1_391' title='bbox 1128 1505 1325 1537; x_wconf 82' lang='lat' dir='ltr'><strong>consortes&#39;</strong></span> <span class='ocrx_word' id='word_1_392' title='bbox 1348 1505 1415 1536; x_wconf 92' lang='lat' dir='ltr'><strong>dici</strong></span> <span class='ocrx_word' id='word_1_393' title='bbox 1433 1505 1562 1546; x_wconf 84' lang='lat' dir='ltr'><strong>possint</strong></span> <span class='ocrx_word' id='word_1_394' title='bbox 1577 1505 1612 1542; x_wconf 92' lang='lat' dir='ltr'><strong>ii,</strong></span> <span class='ocrx_word' id='word_1_395' title='bbox 1638 1505 1694 1545; x_wconf 90' lang='lat' dir='ltr'><strong>qui</strong></span> <span class='ocrx_word' id='word_1_396' title='bbox 1714 1504 1821 1545; x_wconf 89' lang='lat' dir='ltr'><strong>ejusd.</strong></span> 
     </span>
     <span class='ocr_line' id='line_1_75' title="bbox 1131 1555 1659 1596; baseline -0.004 -9"><span class='ocrx_word' id='word_1_397' title='bbox 1131 1556 1210 1587; x_wconf 83' lang='lat' dir='ltr'><strong>vitae</strong></span> <span class='ocrx_word' id='word_1_398' title='bbox 1225 1560 1303 1587; x_wconf 88' lang='lat' dir='ltr'><strong>suut</strong></span> <span class='ocrx_word' id='word_1_399' title='bbox 1318 1555 1524 1596; x_wconf 84' lang='lat' dir='ltr'><strong>participes?</strong></span> <span class='ocrx_word' id='word_1_400' title='bbox 1551 1555 1659 1586; x_wconf 67' lang='lat' dir='ltr'><strong>Graec.</strong></span> 
     </span>
    </p>

    <p class='ocr_par' dir='ltr' id='par_1_10' title="bbox 1127 1604 1826 1797">
     <span class='ocr_line' id='line_1_76' title="bbox 1169 1604 1826 1647; baseline -0.003 -11"><span class='ocrx_word' id='word_1_401' title='bbox 1169 1606 1376 1647; x_wconf 79' lang='lat' dir='ltr'><strong>Tyrannidem</strong></span> <span class='ocrx_word' id='word_1_402' title='bbox 1388 1606 1421 1635; x_wconf 84' lang='lat' dir='ltr'><strong>in</strong></span> <span class='ocrx_word' id='word_1_403' title='bbox 1433 1614 1502 1636; x_wconf 88' lang='lat' dir='ltr'><strong>suos</strong></span> <span class='ocrx_word' id='word_1_404' title='bbox 1516 1605 1603 1645; x_wconf 82' lang='lat' dir='ltr'><strong>prius</strong></span> <span class='ocrx_word' id='word_1_405' title='bbox 1617 1613 1705 1644; x_wconf 86' lang='lat' dir='ltr'><strong>quam</strong></span> <span class='ocrx_word' id='word_1_406' title='bbox 1727 1604 1760 1635; x_wconf 83' lang='lat' dir='ltr'><strong>in</strong></span> <span class='ocrx_word' id='word_1_407' title='bbox 1772 1613 1826 1634; x_wconf 78' lang='lat' dir='ltr'><strong>ex·</strong></span> 
     </span>
     <span class='ocr_line' id='line_1_77' title="bbox 1128 1655 1825 1696; baseline -0.003 -9"><span class='ocrx_word' id='word_1_408' title='bbox 1128 1659 1208 1687; x_wconf 79' lang='lat' dir='ltr'><strong>teras</strong></span> <span class='ocrx_word' id='word_1_409' title='bbox 1221 1655 1412 1696; x_wconf 80' lang='lat' dir='ltr'><strong>auspicatus]</strong></span> <span class='ocrx_word' id='word_1_410' title='bbox 1458 1656 1539 1695; x_wconf 86' lang='lat' dir='ltr'><strong>Leg.</strong></span> <span class='ocrx_word' id='word_1_411' title='bbox 1556 1665 1597 1686; x_wconf 84' lang='lat' dir='ltr'><strong>ex</strong></span> <span class='ocrx_word' id='word_1_412' title='bbox 1616 1655 1680 1686; x_wconf 88' lang='lat' dir='ltr'><strong>Ms.</strong></span> <span class='ocrx_word' id='word_1_413' title='bbox 1694 1655 1727 1685; x_wconf 84' lang='lat' dir='ltr'><strong>in</strong></span> <span class='ocrx_word' id='word_1_414' title='bbox 1742 1664 1825 1694; x_wconf 83' lang='lat' dir='ltr'><strong>suos,</strong></span> 
     </span>
     <span class='ocr_line' id='line_1_78' title="bbox 1127 1705 1825 1747; baseline 0 -10"><span class='ocrx_word' id='word_1_415' title='bbox 1127 1717 1217 1747; x_wconf 86' lang='lat' dir='ltr'><strong>quam</strong></span> <span class='ocrx_word' id='word_1_416' title='bbox 1228 1707 1260 1737; x_wconf 83' lang='lat' dir='ltr'><strong>in</strong></span> <span class='ocrx_word' id='word_1_417' title='bbox 1271 1710 1403 1738; x_wconf 82' lang='lat' dir='ltr'><strong>exteros.</strong></span> <span class='ocrx_word' id='word_1_418' title='bbox 1447 1705 1628 1738; x_wconf 85' lang='lat' dir='ltr'><strong>Quomodo</strong></span> <span class='ocrx_word' id='word_1_419' title='bbox 1642 1706 1825 1747; x_wconf 86' lang='lat' dir='ltr'><strong>loquuntur</strong></span> 
     </span>
     <span class='ocr_line' id='line_1_79' title="bbox 1128 1756 1556 1797; baseline 0 -10"><span class='ocrx_word' id='word_1_420' title='bbox 1128 1757 1247 1797; x_wconf 88' lang='lat' dir='ltr'><strong>optimi</strong></span> <span class='ocrx_word' id='word_1_421' title='bbox 1262 1756 1457 1797; x_wconf 84' lang='lat' dir='ltr'><strong>scriptores.</strong></span> <span class='ocrx_word' id='word_1_422' title='bbox 1486 1756 1556 1787; x_wconf 88' lang='lat' dir='ltr'><strong>Vos.</strong></span> 
     </span>
    </p>

    <p class='ocr_par' dir='ltr' id='par_1_11' title="bbox 1129 1805 1826 2040">
     <span class='ocr_line' id='line_1_80' title="bbox 1173 1805 1826 1847; baseline -0.002 -9"><span class='ocrx_word' id='word_1_423' title='bbox 1173 1807 1257 1838; x_wconf 59' lang='lat' dir='ltr'><strong>Cim.</strong></span> <span class='ocrx_word' id='word_1_424' title='bbox 1276 1816 1314 1839; x_wconf 86' lang='lat'><strong>11.</strong></span> <span class='ocrx_word' id='word_1_425' title='bbox 1337 1808 1353 1847; x_wconf 57' lang='grc' dir='ltr'>ξ</span> <span class='ocrx_word' id='word_1_426' title='bbox 1371 1810 1384 1837; x_wconf 93' lang='lat' dir='ltr'><strong>l</strong></span> <span class='ocrx_word' id='word_1_427' title='bbox 1404 1806 1568 1847; x_wconf 79' lang='lat' dir='ltr'><strong>Saginam]</strong></span> <span class='ocrx_word' id='word_1_428' title='bbox 1587 1805 1673 1838; x_wconf 84' lang='lat' dir='ltr'><strong>Add.</strong></span> <span class='ocrx_word' id='word_1_429' title='bbox 1690 1815 1826 1838; x_wconf 77' lang='lat' dir='ltr'><strong>xxxiv.</strong></span> 
     </span>
     <span class='ocr_line' id='line_1_81' title="bbox 1129 1856 1824 1897; baseline -0.001 -9"><span class='ocrx_word' id='word_1_430' title='bbox 1129 1860 1160 1888; x_wconf 94' lang='grc'><strong>2.</strong></span> <span class='ocrx_word' id='word_1_431' title='bbox 1178 1860 1209 1889; x_wconf 85' lang='grc'><strong>7.</strong></span> <span class='ocrx_word' id='word_1_432' title='bbox 1230 1862 1266 1888; x_wconf 89' lang='lat' dir='ltr'><strong>et</strong></span> <span class='ocrx_word' id='word_1_433' title='bbox 1282 1866 1449 1888; x_wconf 81' lang='lat' dir='ltr'><strong>xxxvm.</strong></span> <span class='ocrx_word' id='word_1_434' title='bbox 1464 1859 1494 1887; x_wconf 84' lang='grc'><strong>8.</strong></span> <span class='ocrx_word' id='word_1_435' title='bbox 1517 1859 1566 1887; x_wconf 86' lang='grc'><strong>14.</strong></span> <span class='ocrx_word' id='word_1_436' title='bbox 1590 1856 1762 1897; x_wconf 84' lang='lat' dir='ltr'><strong>praecipue</strong></span> <span class='ocrx_word' id='word_1_437' title='bbox 1781 1857 1824 1887; x_wconf 92' lang='lat' dir='ltr'><strong>de</strong></span> 
     </span>
     <span class='ocr_line' id='line_1_82' title="bbox 1130 1905 1826 1948; baseline -0.001 -10"><span class='ocrx_word' id='word_1_438' title='bbox 1130 1908 1308 1939; x_wconf 72' lang='lat' dir='ltr'><strong>Ptolemaei</strong></span> <span class='ocrx_word' id='word_1_439' title='bbox 1324 1907 1514 1948; x_wconf 82' lang='lat' dir='ltr'><strong>prodigiosa</strong></span> <span class='ocrx_word' id='word_1_440' title='bbox 1539 1906 1704 1938; x_wconf 81' lang='lat' dir='ltr'><strong>obesitate</strong></span> <span class='ocrx_word' id='word_1_441' title='bbox 1720 1905 1826 1937; x_wconf 78' lang='lat' dir='ltr'><strong>Athe-</strong></span> 
     </span>
     <span class='ocr_line' id='line_1_83' title="bbox 1130 1956 1826 1998; baseline -0.003 -9"><span class='ocrx_word' id='word_1_442' title='bbox 1130 1969 1241 1989; x_wconf 84' lang='lat' dir='ltr'><strong>naeum</strong></span> <span class='ocrx_word' id='word_1_443' title='bbox 1255 1959 1388 1998; x_wconf 86' lang='lat' dir='ltr'><strong>longule</strong></span> <span class='ocrx_word' id='word_1_444' title='bbox 1406 1968 1425 1988; x_wconf 89' lang='lat' dir='ltr'><strong>a</strong></span> <span class='ocrx_word' id='word_1_445' title='bbox 1440 1957 1496 1988; x_wconf 82' lang='lat' dir='ltr'><strong>fin.</strong></span> <span class='ocrx_word' id='word_1_446' title='bbox 1513 1957 1570 1988; x_wconf 90' lang='lat' dir='ltr'><strong>lib.</strong></span> <span class='ocrx_word' id='word_1_447' title='bbox 1589 1966 1654 1988; x_wconf 78' lang='lat' dir='ltr'><strong>xn-</strong></span> <span class='ocrx_word' id='word_1_448' title='bbox 1678 1967 1753 1988; x_wconf 92' lang='lat' dir='ltr'><strong>cum</strong></span> <span class='ocrx_word' id='word_1_449' title='bbox 1769 1956 1826 1987; x_wconf 85' lang='lat' dir='ltr'><strong>AE-</strong></span> 
     </span>
     <span class='ocr_line' id='line_1_84' title="bbox 1130 2008 1591 2040; baseline -0.004 -1"><span class='ocrx_word' id='word_1_450' title='bbox 1130 2009 1219 2040; x_wconf 87' lang='lat' dir='ltr'><strong>liano</strong></span> <span class='ocrx_word' id='word_1_451' title='bbox 1234 2009 1275 2039; x_wconf 91' lang='lat' dir='ltr'><strong>V.</strong></span> <span class='ocrx_word' id='word_1_452' title='bbox 1290 2009 1334 2039; x_wconf 82' lang='lat' dir='ltr'><strong>H.</strong></span> <span class='ocrx_word' id='word_1_453' title='bbox 1348 2017 1400 2039; x_wconf 75' lang='lat' dir='ltr'><strong>ix.</strong></span> <span class='ocrx_word' id='word_1_454' title='bbox 1419 2011 1469 2038; x_wconf 82' lang='lat'><strong>13.</strong></span> <span class='ocrx_word' id='word_1_455' title='bbox 1494 2008 1591 2038; x_wconf 81' lang='lat' dir='ltr'><strong>Bern.</strong></span> 
     </span>
    </p>

    <p class='ocr_par' dir='ltr' id='par_1_12' title="bbox 1132 2057 1833 2804">
     <span class='ocr_line' id='line_1_85' title="bbox 1176 2057 1826 2097; baseline -0.003 -8"><span class='ocrx_word' id='word_1_456' title='bbox 1176 2060 1229 2089; x_wconf 74' lang='lat' dir='ltr'><strong>Ex</strong></span> <span class='ocrx_word' id='word_1_457' title='bbox 1241 2059 1339 2089; x_wconf 79' lang='lat' dir='ltr'><strong>nimia</strong></span> <span class='ocrx_word' id='word_1_458' title='bbox 1353 2058 1490 2097; x_wconf 79' lang='lat' dir='ltr'><strong>luxuria,</strong></span> <span class='ocrx_word' id='word_1_459' title='bbox 1511 2058 1723 2096; x_wconf 81' lang='lat' dir='ltr'><strong>oculorumque</strong></span> <span class='ocrx_word' id='word_1_460' title='bbox 1746 2057 1826 2087; x_wconf 77' lang='lat' dir='ltr'><strong>vale-</strong></span> 
     </span>
     <span class='ocr_line' id='line_1_86' title="bbox 1132 2107 1826 2148; baseline -0.004 -8"><span class='ocrx_word' id='word_1_461' title='bbox 1132 2110 1267 2140; x_wconf 82' lang='lat' dir='ltr'><strong>tudinem</strong></span> <span class='ocrx_word' id='word_1_462' title='bbox 1295 2108 1468 2148; x_wconf 76' lang='lat' dir='ltr'><strong>contruxit]</strong></span> <span class='ocrx_word' id='word_1_463' title='bbox 1525 2107 1619 2138; x_wconf 84' lang='lat' dir='ltr'><strong>Nihil</strong></span> <span class='ocrx_word' id='word_1_464' title='bbox 1645 2107 1734 2138; x_wconf 88' lang='lat' dir='ltr'><strong>enim</strong></span> <span class='ocrx_word' id='word_1_465' title='bbox 1762 2111 1826 2145; x_wconf 85' lang='lat' dir='ltr'><strong>est,</strong></span> 
     </span>
     <span class='ocr_line' id='line_1_87' title="bbox 1132 2157 1827 2201; baseline -0.004 -11"><span class='ocrx_word' id='word_1_466' title='bbox 1132 2160 1221 2201; x_wconf 89' lang='lat' dir='ltr'><strong>quod</strong></span> <span class='ocrx_word' id='word_1_467' title='bbox 1238 2159 1419 2190; x_wconf 86' lang='lat' dir='ltr'><strong>certiorem</strong></span> <span class='ocrx_word' id='word_1_468' title='bbox 1443 2162 1499 2189; x_wconf 88' lang='lat' dir='ltr'><strong>aut</strong></span> <span class='ocrx_word' id='word_1_469' title='bbox 1517 2158 1670 2188; x_wconf 84' lang='lat' dir='ltr'><strong>citiorem</strong></span> <span class='ocrx_word' id='word_1_470' title='bbox 1687 2157 1827 2188; x_wconf 81' lang='lat' dir='ltr'><strong>inducat</strong></span> 
     </span>
     <span class='ocr_line' id='line_1_88' title="bbox 1132 2207 1829 2250; baseline -0.004 -9"><span class='ocrx_word' id='word_1_471' title='bbox 1132 2210 1312 2250; x_wconf 83' lang='lat' dir='ltr'><strong>caliginem</strong></span> <span class='ocrx_word' id='word_1_472' title='bbox 1329 2209 1407 2250; x_wconf 84' lang='lat' dir='ltr'><strong>jugi</strong></span> <span class='ocrx_word' id='word_1_473' title='bbox 1420 2208 1590 2248; x_wconf 86' lang='lat' dir='ltr'><strong>ingluvie:</strong></span> <span class='ocrx_word' id='word_1_474' title='bbox 1615 2208 1705 2248; x_wconf 87' lang='lat' dir='ltr'><strong>quia,</strong></span> <span class='ocrx_word' id='word_1_475' title='bbox 1721 2212 1759 2238; x_wconf 92' lang='lat' dir='ltr'><strong>ut</strong></span> <span class='ocrx_word' id='word_1_476' title='bbox 1780 2207 1829 2239; x_wconf 87' lang='lat' dir='ltr'><strong>ait</strong></span> 
     </span>
     <span class='ocr_line' id='line_1_89' title="bbox 1136 2258 1830 2299; baseline 0 -9"><span class='ocrx_word' id='word_1_477' title='bbox 1136 2260 1378 2299; x_wconf 69' lang='lat' dir='ltr'><strong>Por-tinnientis,</strong></span> <span class='ocrx_word' id='word_1_478' title='bbox 1412 2263 1421 2277; x_wconf 88' lang='lat'><em>‘</em></span> <span class='ocrx_word' id='word_1_479' title='bbox 1435 2259 1585 2290; x_wconf 84' lang='lat' dir='ltr'><strong>edacitas</strong></span> <span class='ocrx_word' id='word_1_480' title='bbox 1612 2258 1705 2289; x_wconf 89' lang='lat' dir='ltr'><strong>cibos</strong></span> <span class='ocrx_word' id='word_1_481' title='bbox 1735 2259 1830 2298; x_wconf 81' lang='lat' dir='ltr'><strong>terit,</strong></span> 
     </span>
     <span class='ocr_line' id='line_1_90' title="bbox 1135 2307 1830 2341; baseline -0.004 0"><span class='ocrx_word' id='word_1_482' title='bbox 1135 2310 1194 2341; x_wconf 91' lang='lat' dir='ltr'><strong>sed</strong></span> <span class='ocrx_word' id='word_1_483' title='bbox 1214 2311 1327 2341; x_wconf 87' lang='lat' dir='ltr'><strong>oculos</strong></span> <span class='ocrx_word' id='word_1_484' title='bbox 1346 2308 1461 2340; x_wconf 90' lang='lat' dir='ltr'><strong>vorat.&#39;</strong></span> <span class='ocrx_word' id='word_1_485' title='bbox 1508 2308 1596 2339; x_wconf 78' lang='lat' dir='ltr'><strong>Haec</strong></span> <span class='ocrx_word' id='word_1_486' title='bbox 1609 2307 1745 2339; x_wconf 86' lang='lat' dir='ltr'><strong>Saresb.</strong></span> <span class='ocrx_word' id='word_1_487' title='bbox 1761 2308 1830 2339; x_wconf 90' lang='lat' dir='ltr'><strong>Po-</strong></span> 
     </span>
     <span class='ocr_line' id='line_1_91' title="bbox 1135 2358 1829 2398; baseline -0.003 -7"><span class='ocrx_word' id='word_1_488' title='bbox 1135 2360 1206 2392; x_wconf 89' lang='lat' dir='ltr'><strong>licr.</strong></span> <span class='ocrx_word' id='word_1_489' title='bbox 1223 2369 1303 2391; x_wconf 80' lang='lat' dir='ltr'><strong>vur.</strong></span> <span class='ocrx_word' id='word_1_490' title='bbox 1319 2362 1351 2391; x_wconf 84' lang='lat'><strong>6.</strong></span> <span class='ocrx_word' id='word_1_491' title='bbox 1375 2369 1418 2391; x_wconf 90' lang='lat' dir='ltr'><strong>m.</strong></span> <span class='ocrx_word' id='word_1_492' title='bbox 1444 2359 1501 2390; x_wconf 91' lang='lat' dir='ltr'><strong>ubi</strong></span> <span class='ocrx_word' id='word_1_493' title='bbox 1527 2360 1619 2390; x_wconf 83' lang='lat' dir='ltr'><strong>locus</strong></span> <span class='ocrx_word' id='word_1_494' title='bbox 1645 2358 1700 2390; x_wconf 87' lang='lat' dir='ltr'><strong>hic</strong></span> <span class='ocrx_word' id='word_1_495' title='bbox 1726 2358 1829 2398; x_wconf 80' lang='lat' dir='ltr'><strong>Trogi</strong></span> 
     </span>
     <span class='ocr_line' id='line_1_92' title="bbox 1136 2409 1830 2442; baseline 0 -1"><span class='ocrx_word' id='word_1_496' title='bbox 1136 2411 1307 2442; x_wconf 83' lang='lat' dir='ltr'><strong>laudatur.</strong></span> <span class='ocrx_word' id='word_1_497' title='bbox 1332 2411 1429 2442; x_wconf 84' lang='lat' dir='ltr'><strong>Idem.</strong></span> <span class='ocrx_word' id='word_1_498' title='bbox 1471 2410 1547 2440; x_wconf 85' lang='lat' dir='ltr'><strong>Val.</strong></span> <span class='ocrx_word' id='word_1_499' title='bbox 1566 2410 1615 2441; x_wconf 88' lang='lat' dir='ltr'><strong>M.</strong></span> <span class='ocrx_word' id='word_1_500' title='bbox 1630 2411 1726 2440; x_wconf 83' lang='grc' dir='ltr'><strong>νι.4.</strong></span> <span class='ocrx_word' id='word_1_501' title='bbox 1749 2409 1830 2441; x_wconf 87' lang='lat' dir='ltr'><strong>Ext.</strong></span> 
     </span>
     <span class='ocr_line' id='line_1_93' title="bbox 1136 2458 1831 2493; baseline -0.004 -1"><span class='ocrx_word' id='word_1_502' title='bbox 1136 2465 1167 2493; x_wconf 88' lang='grc'><strong>2.</strong></span> <span class='ocrx_word' id='word_1_503' title='bbox 1190 2462 1199 2478; x_wconf 87' lang='lat'>‘</span> <span class='ocrx_word' id='word_1_504' title='bbox 1212 2461 1387 2492; x_wconf 87' lang='lat' dir='ltr'><strong>adversam</strong></span> <span class='ocrx_word' id='word_1_505' title='bbox 1401 2459 1627 2491; x_wconf 89' lang='lat' dir='ltr'><strong>valetudinem</strong></span> <span class='ocrx_word' id='word_1_506' title='bbox 1639 2459 1810 2490; x_wconf 82' lang='lat' dir='ltr'><strong>oculorum</strong></span> <span class='ocrx_word' id='word_1_507' title='bbox 1820 2458 1831 2472; x_wconf 88' lang='lat'><em>&#39;</em></span> 
     </span>
     <span class='ocr_line' id='line_1_94' title="bbox 1136 2510 1833 2542; baseline -0.004 0"><span class='ocrx_word' id='word_1_508' title='bbox 1136 2511 1233 2542; x_wconf 89' lang='lat' dir='ltr'><strong>dicit.</strong></span> <span class='ocrx_word' id='word_1_509' title='bbox 1277 2510 1344 2542; x_wconf 93' lang='lat' dir='ltr'><strong>Sed</strong></span> <span class='ocrx_word' id='word_1_510' title='bbox 1367 2511 1508 2541; x_wconf 82' lang='lat' dir='ltr'><strong>valetudo</strong></span> <span class='ocrx_word' id='word_1_511' title='bbox 1524 2510 1675 2540; x_wconf 82' lang='lat' dir='ltr'><strong>oculorum</strong></span> <span class='ocrx_word' id='word_1_512' title='bbox 1697 2513 1833 2540; x_wconf 90' lang='lat' dir='ltr'><strong>tantun·</strong></span> 
     </span>
     <span class='ocr_line' id='line_1_95' title="bbox 1137 2560 1832 2601; baseline -0.003 -9"><span class='ocrx_word' id='word_1_513' title='bbox 1137 2561 1213 2592; x_wconf 89' lang='lat' dir='ltr'><strong>dem</strong></span> <span class='ocrx_word' id='word_1_514' title='bbox 1230 2569 1303 2592; x_wconf 87' lang='lat' dir='ltr'><strong>esse</strong></span> <span class='ocrx_word' id='word_1_515' title='bbox 1317 2565 1442 2601; x_wconf 86' lang='lat' dir='ltr'><strong>potest.</strong></span> <span class='ocrx_word' id='word_1_516' title='bbox 1464 2560 1536 2591; x_wconf 87' lang='lat' dir='ltr'><strong>Liv.</strong></span> <span class='ocrx_word' id='word_1_517' title='bbox 1548 2568 1656 2590; x_wconf 79' lang='lat' dir='ltr'><strong>xxvr.</strong></span> <span class='ocrx_word' id='word_1_518' title='bbox 1672 2562 1724 2591; x_wconf 84' lang='lat'><strong>22.</strong></span> <span class='ocrx_word' id='word_1_519' title='bbox 1745 2560 1754 2577; x_wconf 90' lang='lat'>‘</span> <span class='ocrx_word' id='word_1_520' title='bbox 1767 2560 1832 2590; x_wconf 85' lang='lat' dir='ltr'><strong>Va-</strong></span> 
     </span>
     <span class='ocr_line' id='line_1_96' title="bbox 1136 2609 1832 2643; baseline -0.003 -1"><span class='ocrx_word' id='word_1_521' title='bbox 1136 2611 1320 2643; x_wconf 85' lang='lat' dir='ltr'><strong>letudinem</strong></span> <span class='ocrx_word' id='word_1_522' title='bbox 1337 2611 1509 2642; x_wconf 90' lang='lat' dir='ltr'><strong>oculorum</strong></span> <span class='ocrx_word' id='word_1_523' title='bbox 1525 2609 1725 2641; x_wconf 84' lang='lat' dir='ltr'><strong>excusavit.&#39;</strong></span> <span class='ocrx_word' id='word_1_524' title='bbox 1768 2609 1832 2642; x_wconf 91' lang='lat' dir='ltr'><strong>Ni-</strong></span> 
     </span>
     <span class='ocr_line' id='line_1_97' title="bbox 1135 2659 1829 2700; baseline -0.003 -7"><span class='ocrx_word' id='word_1_525' title='bbox 1135 2662 1256 2693; x_wconf 88' lang='lat' dir='ltr'><strong>mirum</strong></span> <span class='ocrx_word' id='word_1_526' title='bbox 1282 2659 1481 2691; x_wconf 89' lang='lat' dir='ltr'><strong>‘valetudo’</strong></span> <span class='ocrx_word' id='word_1_527' title='bbox 1507 2669 1568 2700; x_wconf 89' lang='lat' dir='ltr'><strong>pro</strong></span> <span class='ocrx_word' id='word_1_528' title='bbox 1595 2659 1829 2691; x_wconf 88' lang='lat' dir='ltr'><strong>invaletudine</strong></span> 
     </span>
     <span class='ocr_line' id='line_1_98' title="bbox 1136 2709 1831 2753; baseline 0 -11"><span class='ocrx_word' id='word_1_529' title='bbox 1136 2720 1271 2753; x_wconf 89' lang='lat' dir='ltr'><strong>quoque</strong></span> <span class='ocrx_word' id='word_1_530' title='bbox 1288 2720 1315 2741; x_wconf 86' lang='lat' dir='ltr'><strong>s.</strong></span> <span class='ocrx_word' id='word_1_531' title='bbox 1333 2709 1526 2741; x_wconf 81' lang='lat' dir='ltr'><strong>valetudine</strong></span> <span class='ocrx_word' id='word_1_532' title='bbox 1544 2709 1686 2741; x_wconf 88' lang='lat' dir='ltr'><strong>adversa</strong></span> <span class='ocrx_word' id='word_1_533' title='bbox 1701 2711 1831 2751; x_wconf 79' lang='lat' dir='ltr'><strong>saepiss.</strong></span> 
     </span>
     <span class='ocr_line' id='line_1_99' title="bbox 1136 2761 1385 2804; baseline -0.012 -10"><span class='ocrx_word' id='word_1_534' title='bbox 1136 2762 1283 2804; x_wconf 84' lang='lat' dir='ltr'><strong>ponitur.</strong></span> <span class='ocrx_word' id='word_1_535' title='bbox 1312 2761 1385 2792; x_wconf 86' lang='lat' dir='ltr'><strong>Vor.</strong></span> 
     </span>
    </p>

    <p class='ocr_par' dir='ltr' id='par_1_13' title="bbox 1139 2810 1832 2945">
     <span class='ocr_line' id='line_1_100' title="bbox 1183 2810 1832 2852; baseline 0 -10"><span class='ocrx_word' id='word_1_536' title='bbox 1183 2812 1403 2851; x_wconf 79' lang='lat' dir='ltr'><strong>Oculorumque</strong></span> <span class='ocrx_word' id='word_1_537' title='bbox 1427 2811 1646 2852; x_wconf 70' lang='lat' dir='ltr'><strong>valetudinem]</strong></span> <span class='ocrx_word' id='word_1_538' title='bbox 1677 2810 1733 2842; x_wconf 86' lang='lat' dir='ltr'><strong>Ita</strong></span> <span class='ocrx_word' id='word_1_539' title='bbox 1760 2811 1832 2842; x_wconf 87' lang='lat' dir='ltr'><strong>Liv.</strong></span> 
     </span>
     <span class='ocr_line' id='line_1_101' title="bbox 1139 2861 1828 2902; baseline -0.001 -8"><span class='ocrx_word' id='word_1_540' title='bbox 1139 2871 1265 2894; x_wconf 83' lang='lat' dir='ltr'><strong>xxxn.</strong></span> <span class='ocrx_word' id='word_1_541' title='bbox 1290 2865 1341 2894; x_wconf 82' lang='grc'><strong>34.</strong></span> <span class='ocrx_word' id='word_1_542' title='bbox 1366 2865 1398 2893; x_wconf 87' lang='grc'><strong>2.</strong></span> <span class='ocrx_word' id='word_1_543' title='bbox 1443 2861 1521 2893; x_wconf 88' lang='lat' dir='ltr'><strong>Vid.</strong></span> <span class='ocrx_word' id='word_1_544' title='bbox 1550 2871 1623 2902; x_wconf 84' lang='lat' dir='ltr'><strong>sup.</strong></span> <span class='ocrx_word' id='word_1_545' title='bbox 1647 2866 1761 2893; x_wconf 86' lang='lat' dir='ltr'><strong>notam</strong></span> <span class='ocrx_word' id='word_1_546' title='bbox 1787 2862 1828 2893; x_wconf 84' lang='lat' dir='ltr'><strong>ad</strong></span> 
     </span>
     <span class='ocr_line' id='line_1_102' title="bbox 1140 2912 1445 2945; baseline -0.01 0"><span class='ocrx_word' id='word_1_547' title='bbox 1140 2922 1207 2945; x_wconf 73' lang='grc' dir='ltr'><strong>ΧΗ.</strong></span> <span class='ocrx_word' id='word_1_548' title='bbox 1225 2916 1256 2945; x_wconf 88' lang='grc'><strong>2.</strong></span> <span class='ocrx_word' id='word_1_549' title='bbox 1274 2916 1323 2944; x_wconf 85' lang='grc'><strong>11.</strong></span> <span class='ocrx_word' id='word_1_550' title='bbox 1348 2912 1445 2944; x_wconf 82' lang='lat' dir='ltr'><strong>Bern.</strong></span> 
     </span>
    </p>
   </div>
  </div>
 </body>
</html>
