2101 3419
753 323 802 353 ΙΝ
836 320 1105 353 JUSTlNUM.

218 425 258 454 10
281 421 458 453 incredibile
473 421 558 453 dictu
571 427 605 452 ut
627 421 679 458 xii,
693 424 724 455 9,
736 424 756 452 8
771 421 875 452 Vorst.

261 464 338 494 Uter
358 475 446 494 sexus
474 464 507 500 ii,
530 468 560 500 l,
576 467 596 496 4
619 465 678 495 utri
701 464 845 494 vicissent
868 463 909 498 vi,

217 510 249 542 8,
268 510 306 537 13
330 507 389 537 utri
406 507 485 547 parti
495 507 671 538 accessisset
687 507 822 547 Pyrrhus
836 505 909 541 xvii,

215 552 248 584 2,
266 551 306 579 ll

261 591 399 632 Uterque
421 591 462 627 xi,
477 594 510 627 9,
520 593 541 621 9
556 595 590 620 ut
601 595 728 631 uterque
740 590 772 620 in
783 599 910 630 regnum

217 633 414 663 restituantur
435 633 633 669 xxxviii,3,4
655 632 759 673 magni
784 637 910 672 uterque

217 675 274 704 viri
295 674 348 712 xli,
363 678 394 711 6,
411 679 428 707 l
469 676 588 715 utrique
602 675 710 715 populi
745 674 826 709 xxix,
842 677 874 710 3,
891 677 910 705 3

217 717 353 757 utrisque
379 717 452 758 (pro
478 717 625 765 utroque)
657 717 738 752 xxxi,
755 720 785 752 8,
804 719 834 747 1.
858 716 911 753 xli,

217 762 249 794 2,
266 762 285 790 3
318 759 386 799 (Ita
413 759 519 789 Florus
553 760 594 795 iv,
613 762 663 794 12,
680 758 739 799 10)
774 758 911 788 Freinsh.

218 806 355 842 utraeque
380 812 467 832 aures
489 802 559 838 1,9,
576 804 614 832 17
649 802 768 842 utrique
794 801 912 832 Pausa-

218 843 300 873 niam
321 843 479 884 impulisse
500 844 665 874 creduntur
679 844 751 884 (pro
766 843 913 884 uterque)

216 885 260 920 ix,
282 887 314 921 7,
332 888 351 916 8
388 886 488 926 (Vide
516 891 548 916 et
572 885 644 916 Ind.
672 886 704 916 in
730 885 914 934 Nepotem).

217 926 334 957 Noster
353 937 475 958 rursus:
499 938 568 968 quae
596 933 726 970 utraque
753 928 805 964 xii,
833 931 865 965 2,
893 931 913 960 4

218 969 325 1000 Vorst.

262 1011 396 1041 Uterus:
421 1017 456 1042 ut
475 1012 541 1042 visa
565 1017 613 1042 est
630 1017 750 1043 uterum
773 1012 915 1053 implesse

218 1052 271 1090 xil,
287 1056 320 1090 3,
334 1056 354 1084 7
377 1052 410 1084 111
426 1059 526 1085 uteros
541 1060 669 1085 matrum
684 1055 822 1096 refugere
845 1055 866 1092 i,
882 1058 915 1091 6,

262 1136 320 1167 Uti
340 1137 443 1186 aliquo
473 1143 597 1169 auctore
625 1138 820 1170 consiliorum
844 1138 916 1189 (pro

219 1179 350 1220 habere)
373 1179 437 1216 viii,
452 1183 484 1216 2,
501 1182 539 1211 11
577 1181 623 1211 uti
652 1181 846 1222 indulgentia
873 1182 916 1218 xi,

220 1224 252 1256 3,
267 1225 288 1253 6
310 1223 411 1258 armis,
425 1232 489 1252 non
509 1224 662 1271 precibus,
685 1234 743 1254 nec
770 1224 917 1264 depreca-

221 1264 305 1294 tione
326 1265 368 1300 xi,
383 1267 416 1301 3,
431 1267 450 1295 7
474 1265 520 1295 uti
536 1266 659 1297 oraculo
684 1266 849 1296 violentius
873 1265 917 1303 xi,

220 1308 308 1341 7,16
329 1306 376 1337 uti
390 1307 512 1347 regibus
527 1307 600 1347 (pro
620 1307 748 1349 habere)
769 1308 835 1345 xiii,
848 1311 880 1344 2,
897 1312 917 1340 6

220 1347 324 1378 Vorst.
345 1349 391 1379 uti
405 1359 469 1379 non
483 1350 608 1380 meliore
619 1350 767 1381 felicitate
788 1351 872 1387 xxiii,
885 1354 917 1387 3,

222 1393 262 1421 11
285 1391 331 1420 uti
346 1391 473 1422 victoria
498 1391 601 1423 mitius
623 1403 693 1430 xxv,
709 1396 740 1429 5,
756 1395 776 1424 2
805 1394 851 1423 uti
866 1403 918 1424 oc-

221 1432 346 1464 casione
371 1434 495 1471 xxxviii,
510 1437 542 1471 5,
560 1437 577 1465 1

263 1474 487 1554 Utiqagifricae
508 1457 592 1514 uibs,
614 1476 776 1519 Tyriorum
797 1477 919 1509 colonia

222 1527 293 1546 XVII!

264 1559 428 1591 Uticenses
449 1560 533 1598 xviii,
549 1564 581 1598 5,
597 1563 638 1594 12

265 1601 360 1632 Utilis
376 1613 448 1643 grex
468 1602 532 1639 xiv,
542 1606 574 1640 6,
587 1606 607 1635 3

267 1643 409 1676 Utilitate
424 1645 572 1676 amicitias
583 1645 694 1682 colere,
710 1656 772 1676 non
788 1646 849 1677 fide
876 1646 918 1683 ix,

224 1689 255 1723 8,
272 1689 293 1717 9
314 1687 457 1717 utilitatis
468 1697 560 1718 causa
581 1688 622 1725 xi,
639 1691 691 1724 15,
710 1691 748 1720 12

267 1728 394 1759 Utinam
422 1730 455 1766 ii,
471 1733 503 1766 2,
520 1733 558 1761 11

265 1770 300 1801 111
328 1771 436 1802 Utrem
459 1772 617 1821 sanguine
630 1772 764 1803 humano
794 1773 919 1814 plenum

225 1813 302 1855 Cyri
317 1818 412 1854 caput
425 1813 588 1854 conjicitur
608 1815 630 1850 i,
647 1817 679 1850 8,
696 1817 736 1845 13

266 1855 430 1897 Utrimque
450 1857 492 1892 13,
509 1859 607 1894 2,14.
643 1856 695 1893 311,
713 1859 743 1893 1,
760 1860 791 1889 9.
827 1857 920 1895 xxvii,

224 1900 258 1934 4,
273 1901 306 1929 2.
327 1909 396 1934 xxx,
411 1901 445 1935 4,
462 1901 501 1930 15

268 1940 439 1982 Utrobique
460 1952 510 1976 xx,
523 1944 555 1977 2,
571 1943 603 1972 8.
627 1941 708 1977 xxxi,
724 1944 756 1977 7,
773 1945 792 1972 3

266 1982 378 2013 Utrum
400 1994 430 2018 V,
445 1986 478 2019 4,
494 1985 546 2014 13.
568 1983 611 2019 xi,
629 1986 660 2020 6,
672 1986 702 2014 3.
727 1983 922 2022 333ν111,5,2

267 2024 370 2065 Vulgo
399 2026 452 2062 xli,
468 2029 500 2062 3,
517 2029 535 2056 5

267 2066 387 2106 Vulgus
416 2067 482 2098 sine
511 2067 635 2097 nomine
671 2067 725 2104 311,
741 2071 771 2104 1,
798 2071 818 2099 4
855 2067 924 2108 (Ita

223 2108 384 2140 Sallustius
416 2110 487 2141 Cat.
509 2120 560 2145 xx,
576 2109 614 2148 8)
640 2109 778 2140 Freinsh.
813 2111 923 2151 vulgus

225 2161 344 2187 senum,
359 2151 550 2182 foeminarum
573 2152 614 2187 xi,
630 2155 662 2188 4,
679 2155 698 2183 3
732 2153 842 2192 vulgus
866 2154 923 2183 mi-

226 2193 314 2222 litum
334 2193 398 2229 xiii,
414 2198 445 2230 1,
462 2197 482 2224 8
504 2194 589 2233 vulgi
610 2204 647 2224 ex
663 2194 841 2225 adulatione
866 2205 924 2235 po-

226 2235 323 2265 tentia
337 2236 432 2274 quaeri
447 2235 528 2265 solet
549 2235 612 2270 xiii,
628 2238 660 2271 3,
675 2239 696 2266 2

267 2276 436 2307 Vulnerare
452 2276 586 2317 aliquem
599 2277 632 2307 in
646 2277 748 2308 fronte
769 2287 820 2314 xV,
835 2280 868 2314 3,
882 2281 922 2309 13

225 2318 400 2348 vulneratus
416 2319 456 2355 31,
473 2322 504 2354 2,
521 2322 541 2350 8
570 2318 746 2349 vulneratus
761 2319 793 2349 in
806 2319 923 2351 femore

224 2360 247 2397 i,
261 2363 294 2397 9,
310 2363 340 2391 8.
363 2361 405 2397 13,
421 2363 451 2396 3,
463 2364 483 2392 2
505 2361 537 2391 111
552 2361 674 2391 brachio
698 2360 762 2397 xlii,
774 2364 806 2397 2,
821 2365 841 2393 2
856 2362 924 2392 vul-

225 2407 363 2433 neratum
379 2403 483 2443 praelia
498 2403 658 2434 remittunt
678 2403 719 2439 13,
736 2406 767 2438 8,
783 2406 824 2434 16

269 2445 392 2475 Vulnus
418 2445 489 2485 (pro
516 2444 622 2484 clade)
653 2444 674 2480 i,
691 2448 722 2481 8,
739 2448 789 2476 10.
821 2445 853 2481 11,
870 2448 922 2483 11,

228 2490 280 2518 19.
290 2498 320 2524 v,
335 2491 366 2523 5,
379 2490 398 2518 3
411 2487 478 2529 (Ita
490 2487 596 2517 Florus
611 2487 655 2523 iii,
671 2490 721 2523 ll,
738 2487 774 2527 l)
787 2487 923 2518 Freinsh.

226 2530 352 2560 vulnere
365 2529 506 2560 funerum
528 2529 640 2560 afflicta
663 2529 710 2570 (id
726 2534 783 2565 est,
805 2529 924 2567 dolore,

228 2570 427 2612 aegritudine)
456 2571 559 2608 xxviii,
571 2575 602 2607 3,
619 2575 637 2602 3
667 2571 771 2602 Vorst.
800 2572 925 2602 vulnera

228 2614 363 2654 corporis
384 2614 407 2650 i,
424 2617 476 2650 10,
491 2617 533 2645 20
554 2614 681 2644 vulnera
707 2614 818 2644 mortui
846 2619 925 2645 trac-

229 2661 293 2687 tare
325 2655 378 2692 xii,
394 2659 427 2693 6,
443 2659 462 2687 8
501 2656 627 2686 vulnera
642 2666 746 2687 curare
782 2656 835 2692 xii,
858 2659 889 2693 8,
904 2660 926 2689 6

230 2697 326 2730 saucii
342 2710 378 2730 ex
394 2698 570 2730 vulneribus
593 2699 674 2737 xxiv,
691 2702 722 2737 5,
737 2701 768 2730 6.
796 2697 878 2737 xxiv,
895 2702 927 2741 8,

1545 309 1651 349 cxlv

960 421 1000 450 10
1024 417 1126 448 multis
1140 416 1315 448 vulneribus
1330 417 1489 449 confossus
1510 416 1552 454 xi,
1567 419 1620 454 15,
1632 421 1650 448 5

961 462 1087 492 obrutus
1109 460 1161 496 xii,
1177 463 1209 496 8,
1224 463 1243 490 5

1001 502 1133 533 Vultus:
1159 502 1235 532 nihil
1261 506 1379 531 mutato
1407 500 1494 531 vultu
1529 501 1551 538 i,
1573 505 1605 538 5,
1632 504 1652 532 3

958 545 1060 574 vultus
1076 544 1244 575 similitudo
1266 544 1288 580 i,
1301 548 1332 579 5,
1345 546 1365 575 4
1387 543 1490 574 vultus
1504 543 1657 584 promittit

958 586 1051 617 fide-m
1067 587 1114 627 (v.
1137 586 1336 626 Promittere)

1002 629 1113 660 Uxoris
1127 639 1206 677 erga
1217 628 1414 669 Agathoclen
1436 627 1559 668 egregia
1577 627 1655 659 fides

959 675 991 702 et
1016 671 1114 711 pietas
1134 670 1219 707 xxiii,
1234 673 1266 707 2,
1279 674 1298 702 7
1314 675 1346 700 et
1368 673 1388 701 8
1421 680 1546 700 uxorem
1569 680 1656 700 suam

960 713 1075 744 occidit
1090 713 1275 744 Ptolemaeus
1300 712 1481 753 Philopator
1502 723 1572 748 xxx,
1589 715 1620 749 1,
1635 715 1656 744 7

959 756 1157 786 Mithridates
1186 754 1299 792 xxxvii,
1314 757 1346 791 3,
1365 757 1395 786 8.
1431 754 1555 791 xxxviii,
1579 757 1611 791 1,
1638 757 1655 785 l

960 808 1069 828 uxores
1103 797 1275 838 liberosque
1307 806 1379 827 suos
1414 798 1540 827 caedunt
1574 796 1660 828 Galli

961 839 1042 876 xxvi,
1057 842 1089 876 2,
1103 843 1123 871 2
1147 850 1255 870 uxores
1267 843 1299 870 et
1312 839 1400 869 liberi
1411 839 1659 879 delinquentium

962 882 1114 914 interfecti
1149 893 1179 918 x,
1194 885 1226 918 2,
1250 885 1272 914 6
1307 891 1416 912 uxores
1441 882 1526 922 apud
1549 881 1659 912 Persas

963 924 1111 955 conviviis
1138 925 1322 955 adhibentur
1356 923 1410 960 vii,
1437 926 1468 960 3,
1494 927 1512 955 3
1552 934 1659 954 uxores

962 966 1207 998 Heracliensium
1223 967 1314 997 servis
1330 966 1391 996 suis
1405 967 1520 996 nubere
1543 976 1661 1006 cogun-

963 1015 1013 1039 tur
1033 1009 1095 1045 xvi,
1105 1013 1137 1044 5,
1152 1012 1172 1040 2
1195 1019 1323 1039 uxorum
1337 1007 1468 1049 querelis
1480 1009 1607 1050 Scythae
1622 1019 1660 1039 ex

964 1052 1039 1082 Asia
1052 1056 1234 1082 revocantur
1255 1051 1288 1087 ii,
1304 1054 1336 1087 3,
1353 1054 1392 1082 16
1421 1055 1453 1081 et
1467 1051 1607 1082 Lacones
1622 1051 1661 1081 ab

965 1094 1198 1134 oppugnatione
1226 1094 1366 1124 Messen.
1386 1093 1431 1129 iii,
1446 1095 1478 1129 4,
1500 1097 1520 1125 3
1553 1103 1661 1124 uxores

965 1137 1128 1173 ducendae,
1144 1146 1207 1167 non
1222 1136 1354 1177 pecunia
1374 1135 1420 1172 iii,
1433 1138 1465 1173 3,
1479 1138 1500 1167 8

1292 1234 1334 1266 X.

1007 1318 1122 1350 Xerxes
1144 1318 1221 1360 (hoc
1236 1323 1294 1356 est,
1323 1317 1435 1360 ἀρήϊος,
1452 1318 1586 1350 Martius
1608 1328 1663 1350 seu

965 1361 1106 1398 bellator,
1122 1366 1200 1392 teste
1211 1362 1363 1392 Herodot.
1384 1362 1426 1398 vi,
1441 1362 1502 1401 90)
1524 1361 1663 1392 Freinsh.

966 1414 1036 1435 cum
1051 1404 1142 1434 fratre
1157 1405 1196 1434 de
1212 1405 1405 1435 successione
1416 1403 1516 1444 litigat
1529 1404 1563 1440 ii,
1579 1407 1631 1439 10,
1644 1406 1663 1435 3

965 1446 1080 1476 bellum
1096 1447 1240 1477 adversus
1256 1446 1406 1477 Graeciam
1421 1446 1544 1476 instruit
1565 1446 1598 1482 ii,
1611 1449 1665 1482 10,

968 1491 1009 1519 12
1031 1499 1101 1519 011111
1129 1489 1270 1519 Leonida
1295 1494 1415 1530 pugnat
1447 1489 1480 1524 ii,
1497 1491 1586 1524 ll,2
1623 1489 1665 1518 ad

966 1530 1175 1579 diripiendum
1191 1531 1339 1572 templum
1361 1531 1553 1572 Delphicum
1574 1530 1669 1560 mittit

965 1572 998 1608 ii,
1015 1576 1068 1609 12,
1085 1576 1104 1604 8
1127 1572 1268 1604 Athenas
1282 1573 1423 1604 incendit
1444 1573 1478 1610 ii,
1491 1576 1541 1609 12,
1556 1575 1594 1604 11
1611 1573 1668 1603 de-

967 1615 1080 1655 cipitur
1094 1625 1112 1645 a
1125 1615 1332 1647 Themistocle
1353 1616 1456 1656 specie
1480 1615 1667 1646 benevolen-

968 1657 1019 1686 tiae
1042 1657 1074 1693 ii,
1089 1660 1142 1693 12,
1159 1661 1211 1689 19.
1244 1659 1277 1694 11,
1291 1660 1344 1694 13,
1359 1661 1378 1689 7
1413 1658 1494 1699 fugit
1527 1658 1561 1694 ii,
1579 1659 1630 1693 13,
1647 1660 1667 1688 8

967 1699 1083 1729 bellum
1109 1700 1259 1731 instaurat
1280 1701 1313 1736 ii,
1329 1704 1382 1737 15,
1398 1703 1437 1732 17
1471 1701 1575 1731 denuo
1599 1699 1669 1729 vin-

969 1742 1048 1772 citur
1060 1747 1091 1772 et
1105 1742 1186 1783 fugit
1206 1743 1241 1779 ii,
1257 1745 1309 1779 15,
1319 1745 1362 1774 20
1390 1742 1560 1773 trucidatur
1574 1752 1593 1772 a
1607 1741 1668 1772 suis

968 1784 1015 1820 iii,
1032 1787 1062 1821 l,
1077 1787 1097 1815 2
1121 1795 1242 1815 omnem
1272 1785 1429 1824 regionem
1452 1785 1532 1815 inter
1557 1784 1669 1825 Olym-

970 1836 1046 1867 pum
1060 1832 1093 1858 et
1107 1826 1251 1858 Haemum
1276 1827 1475 1858 Macedoniae
1495 1827 1560 1868 regi
1585 1828 1669 1856 dono

971 1869 1026 1899 dat
1062 1869 1115 1905 vii,
1141 1872 1173 1906 4,
1203 1872 1220 1900 1
1259 1869 1373 1909 primus
1401 1869 1528 1900 Judaeos
1557 1868 1671 1909 subigit

972 1910 1075 1947 xxxvi,
1090 1914 1122 1951 3,
1136 1914 1156 1943 8
1188 1911 1298 1942 Xerxis
1313 1911 1412 1951 copiae
1434 1911 1468 1949 ii,
1484 1914 1537 1949 10,
1553 1914 1593 1943 18
1631 1910 1670 1941 ti-

972 1952 1097 1984 miditas
1119 1952 1151 1990 ii,
1165 1956 1219 1991 10,
1229 1956 1282 1986 23.
1305 1954 1338 1991 ii,
1351 1957 1403 1991 12,
1415 1956 1457 1986 24

1300 2052 1344 2083 Y.

1017 2137 1128 2169 Ylinos
1141 2137 1251 2169 nobilis
1265 2136 1384 2178 Scytha
1404 2136 1439 2172 ii.
1451 2140 1483 2173 4,
1499 2139 1516 2167 1

1307 2234 1340 2265 Ζ.

1014 2319 1227 2360 Zapaortenon
1241 2328 1329 2349 mons
1344 2318 1377 2349 in
1392 2318 1515 2350 Parthis
1537 2318 1591 2356 xli,
1602 2323 1633 2357 5,
1645 2323 1666 2353 2

1014 2361 1129 2402 Zopyri
1143 2361 1262 2392 facinus
1277 2361 1447 2392 immortale
1469 2361 1492 2398 i,
1505 2363 1558 2398 10,
1574 2364 1613 2393 15

1014 2404 1169 2444 Zopyrion
1197 2402 1368 2434 Alexandri
1392 2404 1455 2434 dux
1480 2414 1550 2434 cum
1587 2415 1673 2436 exer-

972 2446 1037 2477 citu
1060 2450 1126 2476 toto
1151 2444 1272 2476 deletur
1286 2445 1442 2487 aScythis
1464 2446 1498 2484 ii,
1514 2448 1546 2483 3,
1562 2448 1595 2480 4.
1617 2447 1671 2485 311,

979 2492 1011 2526 2,
1027 2491 1080 2519 16.
1104 2487 1217 2523 xxxvii,
1228 2490 1261 2523 3,
1273 2491 1294 2520 2

1014 2529 1187 2562 Zoroastres
1199 2530 1278 2572 (hoc
1292 2533 1350 2567 est,
1360 2534 1395 2560 ut
1405 2528 1565 2562 Laiirtius'
1556 2540 1589 2561 in
1603 2541 1676 2572 pro-

973 2582 1044 2603 oem.
1067 2572 1211 2603 Vitarum
1251 2582 1289 2602 ex
1322 2572 1427 2603 Dione
1448 2573 1676 2614 interpretatur,

973 2613 1172 2656 ἆστροθύτης,
1179 2618 1326 2645 astrorum
1335 2613 1462 2656 cultor).
1473 2614 1677 2647 Astronomus

973 2657 1044 2694 fuit,
1056 2657 1222 2698 Physicus,
1238 2662 1270 2688 et
1283 2657 1426 2688 inventor
1437 2657 1554 2698 Magiae
1575 2657 1674 2697 i,1,9

975 2680 1126 2731 occiditur
1140 2709 1159 2730 a
1172 2698 1259 2733 Nino
1281 2699 1302 2737 i,
1318 2703 1350 2739 1,
1364 2703 1405 2733 10
1427 2699 1565 2731 Freimu.

890 2817 1040 2849 Flle.

935 2932 974 2971 <Q
