2174 3424
608 318 805 348 JUSTlNl
842 318 934 347 mn.
969 318 1031 347 iv.
1066 318 1172 349 CAr.
1202 308 1243 348 3.

201 408 352 441 Sebisius
382 407 506 450 aliquid
534 408 588 441 hic
618 409 755 441 subesse
790 409 903 441 mendi

204 470 271 491 non
289 460 331 490 ab
349 469 384 490 re
402 460 608 500 suspicatur.
633 460 733 492 Idem.

258 509 308 541 Ab
336 509 435 540 altera
460 509 566 549 parte]
617 510 728 550 Bong.
759 519 903 551 eumque

203 564 339 592 secutus
366 560 530 590 Bernecc.
561 569 601 589 ex
629 569 660 590 a.
689 570 722 599 p.
775 560 904 590 Verum

202 611 328 642 rectius
339 611 485 650 videtur,
494 610 583 651 quod
596 610 801 651 antiquiores
813 610 903 651 typis

203 662 354 702 expressi
369 661 508 699 habent,
523 660 561 691 ab
575 670 605 691 a.
623 671 654 701 p.
687 660 812 691 Verbis
828 670 904 700 pas·

203 712 283 743 sivis
300 711 435 742 nomina
459 710 547 741 sexti
571 720 668 742 casus
694 710 904 751 adjiciuntur

202 760 440 792 intercedente
464 761 473 777 ‘
487 759 523 790 a’
541 760 594 791 vel
619 765 628 777 ‘
642 759 707 791 ab.'
751 760 760 776 ‘
774 759 828 791 Ab
845 760 904 791 Hi-

203 810 313 843 mera'
337 810 465 841 dictum
489 819 563 850 pro,
586 809 738 841 Himera.
784 809 903 841 Solent

204 862 294 893 enim
317 860 506 891 nominibus
524 869 661 901 quoque
677 859 810 890 urbium
824 860 902 891 sub-

204 911 283 942 inde
313 920 446 951 praepp.
475 910 649 950 praemitti.
692 910 902 950 Stephanus:

201 960 314 1002 Ἱμέρα,
337 960 424 992 πόλις
449 959 601 993 Σικελίας.
643 962 706 992 Est
731 965 844 991 autem
868 964 904 992 et

204 1022 326 1044 nomen
338 1012 442 1043 amnis
456 1011 565 1052 ejusd.
577 1012 708 1050 insulae‚
723 1012 780 1052 qui
796 1010 903 1042 ferme

205 1073 279 1094 eam
306 1063 440 1100 dividit,
470 1062 519 1093 uti
546 1062 621 1093 Liv.
652 1071 755 1093 xxw.
783 1064 815 1093 6.
845 1061 904 1094 ait.

209 1112 313 1145 Vorst.
346 1113 430 1144 Mss.
446 1112 601 1153 plerique
624 1112 752 1143 habent
776 1121 816 1142 ex
843 1113 906 1143 alia

203 1172 234 1203 p.
258 1162 358 1195 Quod
373 1164 543 1194 contemni
556 1172 620 1193 non
637 1162 767 1194 debuit.
790 1162 906 1204 Atque

204 1212 368 1252 suspicor,
385 1212 467 1243 illud
484 1213 583 1243 altera
606 1213 801 1253 glossatoris
818 1223 906 1252 esse,

205 1272 270 1294 non
286 1263 426 1295 Justini.
459 1264 568 1295 Alium
583 1274 658 1305 pro,
675 1265 797 1303 altero,
813 1274 906 1295 usur-

206 1322 306 1353 passe
320 1317 404 1345 vett.
417 1313 519 1344 etiam
535 1314 673 1353 optimae
687 1318 779 1344 notae
795 1314 906 1354 Scrip-

207 1366 313 1402 tores,
344 1367 475 1394 certum
505 1368 570 1395 est.
622 1364 739 1395 Plaut.
771 1364 905 1404 Captiv.

206 1414 215 1431 ‘
229 1414 354 1454 Captus
367 1413 432 1445 fuit
446 1415 478 1445 in
492 1425 607 1455 pugna
620 1415 786 1455 Hegionis
800 1414 906 1454 filius;

207 1463 320 1495 Alium
332 1465 542 1505 quadrimum
553 1465 687 1506 fugiens
699 1475 815 1497 servus
829 1475 907 1496 ven-

207 1514 318 1546 didit)
341 1514 443 1552 Sches.

251 1567 268 1606 ᾧ
292 1568 311 1596 2
336 1566 426 1597 Nulli
440 1569 571 1607 tyranno
592 1567 843 1607 comparandum]
866 1566 906 1598 F.

206 1619 453 1656 n..tyrannorum
465 1617 611 1656 patrand.
635 1616 787 1647 Freinsh.
827 1616 907 1647 Om-

205 1665 285 1696 nino
298 1665 432 1706 legend.
448 1670 555 1706 est‚n.
574 1667 700 1707 tyranni
712 1668 906 1707 comparand.

207 1716 308 1746 Voss.
346 1716 443 1748 Junt.
474 1716 648 1756 tyrannico.
684 1717 839 1747 Freinsh.
873 1727 906 1748 n.

207 1769 407 1806 tyrannorum
424 1767 571 1806 patrand.
616 1766 710 1797 Nihil
734 1774 837 1797 muta.
862 1767 906 1797 N.

205 1819 337 1856 tyranno
352 1818 547 1857 comparand.
563 1821 629 1856 est,
643 1826 673 1847 n.
687 1821 908 1857 tyrannorum

205 1865 346 1898 facinori
361 1866 578 1907 comparand.
626 1867 690 1897 Est
706 1867 833 1898 locutio
850 1877 908 1898 an-

207 1917 303 1957 tiqua
331 1921 368 1948 et
394 1917 531 1957 optimis
563 1916 784 1957 scriptoribus
814 1917 909 1948 fami-

206 1966 311 2006 liaris,
325 1977 423 2008 quam
442 1966 592 2007 pluribus
620 1966 740 1998 asserit
757 1966 907 1999 Gronov.

208 2017 252 2048 ad
275 2017 348 2049 Liv.
364 2017 456 2058 Epit.
474 2026 588 2049 XLvn.
614 2017 721 2048 Groev.
766 2017 820 2048 Sc.
843 2027 908 2048 non

208 2072 392 2108 potuerunt
423 2067 573 2099 Freinsh.
600 2072 636 2098 et
660 2068 757 2098 Voss.
787 2077 909 2098 conco-

210 2127 324 2159 quere,
341 2118 431 2159 quod
446 2117 575 2149 facinus
599 2128 666 2150 non
692 2118 835 2149 facinori
857 2123 909 2160 ty-

208 2169 315 2208 ranni,
340 2168 398 2199 sed
423 2169 487 2209 ipsi
508 2173 663 2209 tyranno,
686 2179 751 2200 non
775 2179 910 2210 compa-

209 2219 351 2249 randum
378 2219 517 2250 dicitur.
574 2219 763 2251 Debebant
795 2225 908 2251 autem

208 2268 412 2309 meminisse,
426 2268 515 2310 quod
532 2278 599 2300 non
617 2269 746 2300 Noster
763 2273 908 2310 tantum,

212 2317 272 2348 sed
303 2323 338 2349 et
369 2318 426 2349 alii
456 2318 599 2349 subinde
630 2319 679 2350 sic
715 2320 908 2361 loquantur.

210 2368 290 2400 Vid.
308 2378 400 2409 supr.
417 2369 525 2400 Notas
541 2369 583 2401 ad
598 2379 622 2402 1.
636 2373 668 2402 7.
683 2373 734 2402 14.
749 2375 785 2401 et
801 2380 841 2402 11.
858 2373 909 2402 14.

212 2420 264 2449 10.
294 2419 398 2451 Vorst.

257 2468 378 2509 Quippe
407 2472 442 2500 ut
472 2469 641 2510 Rheginz's]
680 2470 768 2502 Haec
805 2470 910 2502 verba

211 2518 293 2549 mihi
319 2528 438 2558 parum
459 2519 591 2560 integra
614 2520 793 2560 videntum
816 2526 909 2553 certe

210 2568 295 2599 illud
319 2569 328 2585 ‘
345 2570 474 2610 quippe
488 2569 496 2582 '
522 2571 569 2602 sic
595 2580 656 2611 per
677 2581 713 2602 se
738 2581 804 2602 non
822 2572 911 2603 solet

211 2619 291 2649 alibi
307 2619 398 2660 poni.
442 2620 604 2661 Suspicor
629 2625 741 2652 autem
767 2631 911 2662 praeces-

210 2668 292 2699 sisse
310 2669 510 2709 particulam
532 2674 664 2710 tantum,
683 2681 824 2712 eamque
849 2680 911 2711 per

211 2718 292 2749 duas
309 2719 456 2760 syllabas
472 2723 615 2761 randum,
638 2722 672 2752 in
688 2732 772 2753 voce
796 2723 805 2739 ‘
821 2732 911 2753 com-

211 2769 419 2809 parandum,'
454 2771 608 2811 proxime
637 2772 738 2803 videl.
773 2778 912 2803 antece-

213 2818 344 2857 dentes,
355 2825 389 2850 et
404 2819 436 2850 in
449 2821 517 2852 Ms.
532 2820 608 2853 eod.
620 2820 691 2853 fere
703 2822 802 2853 modo
818 2823 910 2862 pingi

216 2868 343 2909 solitas,
368 2879 441 2901 esse
469 2872 786 2912 consumtam,dum
803 2872 911 2912 supini

1565 310 1650 350 709

952 409 1072 441 scribae
1097 419 1195 440 unam
1220 409 1403 441 dictionem
1428 415 1548 451 putant
1573 413 1655 443 vici-

953 461 1014 492 bus
1041 461 1171 492 duabus
1196 462 1283 492 male
1303 461 1408 492 fuisse
1432 463 1653 503 propositam.

952 512 1058 550 Schef.

995 563 1012 603 ξ
1034 565 1052 593 3
1081 561 1314 601 Exulare,85c.]
1339 561 1431 592 Saxo
1458 571 1514 592 111.
1543 572 1575 600 p.
1601 565 1657 593 42.

951 615 982 644 4.
1005 613 1015 630 ‘
1032 612 1087 643 Ad
1111 613 1282 644 Gevarum
1310 611 1492 642 decurrere
1516 621 1655 643 necesse

952 662 1106 694 habuit:'
1130 666 1166 693 et
1182 671 1259 693 xrv.
1284 672 1319 702 p.
1342 664 1417 692 256.
1433 664 1485 692 26.
1508 663 1518 679 ‘
1537 663 1603 694 Qui
1621 663 1656 693 in

952 713 1041 753 regis
1071 712 1178 744 oculis
1205 721 1352 752 pugnam
1383 711 1486 742 edere
1517 721 1658 743 necesse

952 762 1141 794 haberent)

995 816 1012 855 ξ
1045 817 1065 845 4
1100 813 1308 853 Catinienses]
1348 813 1404 845 Ita
1433 817 1518 845 vett.
1548 813 1657 845 ferme

953 874 1081 903 omnes,
1097 869 1132 895 et
1149 865 1250 896 Oros.
1275 865 1342 896 Ms.
1359 874 1398 896 11.
1422 867 1475 895 14.
1509 864 1658 896 Quidam

955 915 1185 946 Cathenienses.
1231 914 1363 945 Graecis
1395 915 1583 952 Καταναῖοι;
1621 918 1659 946 et

954 964 1080 1002 Κατάνη
1123 964 1253 996 Latinis
1291 965 1489 1005 plerumque
1530 965 1658 996 Catina.

954 1016 1027 1047 Cic.
1043 1025 1077 1046 v.
1093 1015 1192 1046 Verr.
1215 1016 1224 1032 ‘
1240 1014 1361 1046 Catina
1378 1014 1519 1046 Venus.'
1553 1016 1658 1055 Bong.

955 1065 1133 1098 Quomodo
1157 1069 1193 1096 et
1220 1065 1252 1095 in
1283 1065 1356 1095 aliis
1384 1065 1416 1096 A
1445 1066 1607 1096 Graecum
1639 1076 1660 1098 a

955 1116 1084 1147 Latinis
1107 1116 1140 1146 in
1169 1116 1186 1147 I
1215 1120 1386 1147 mutatur:
1422 1121 1459 1148 ut
1489 1115 1660 1156 βάσκανος,

946 1165 1108 1204 fascinus:
1123 1165 1306 1207 κάναστρον,
1318 1167 1507 1198 canistrum:
1524 1166 1660 1208 πατάνη,

950 1217 1073 1256 patina,
1096 1218 1148 1257 ᾅτ.
1172 1217 1319 1248 Bernec.
1347 1217 1446 1248 Juut.
1465 1218 1660 1249 Catinenses.

956 1267 1073 1299 Graev.

999 1318 1015 1357 ᾧ
1032 1321 1049 1347 5
1078 1317 1167 1352 Quod
1182 1316 1292 1348 Asiam
1309 1317 1522 1358 Groecz'amque
1536 1319 1660 1358 penitus

954 1368 1190 1408 occupaverant]
1225 1368 1380 1408 Legend.
1419 1369 1568 1400 arbitror
1602 1380 1660 1409 qao

955 1417 996 1448 A.
1025 1417 1067 1448 G.
1086 1428 1119 1457 p.
1146 1422 1348 1457 occuparent:
1371 1422 1441 1454 aut,
1458 1428 1515 1458 quo
1540 1418 1582 1449 A.
1607 1421 1661 1459 ὅγε.

955 1470 1187 1506 occupat-erant.
1214 1467 1262 1498 Ut
1281 1467 1392 1498 dicat:
1418 1467 1660 1507 Athenienses,

955 1516 1066 1547 studio
1082 1517 1138 1548 illo
1155 1517 1294 1557 majoris
1319 1517 1464 1557 imperii,
1485 1517 1602 1548 Asiam
1625 1524 1661 1550 et

956 1566 1125 1597 Graeciam
1152 1567 1262 1598 animo
1289 1567 1372 1607 jam,
1403 1572 1438 1598 et
1469 1568 1661 1607 praesumti-

955 1626 1018 1647 one
1033 1616 1294 1657 quodammodo,
1311 1617 1445 1657 penitus
1461 1627 1661 1657 occupasse.

955 1667 1060 1705 Bong.
1104 1666 1175 1697 Aut
1197 1667 1223 1697 si
1241 1667 1359 1705 mavis,
1374 1677 1430 1707 quo
1447 1668 1512 1709 (sc.
1529 1668 1659 1709 studio)

956 1717 994 1747 A.
1011 1718 1062 1756 ἔμ’.
1077 1721 1310 1756 occupaverant.
1347 1718 1397 1748 Ut
1413 1718 1503 1749 dicat
1518 1729 1526 1749 ε
1551 1717 1660 1750 Athe-

958 1766 1101 1805 nienses,
1128 1767 1240 1797 studio
1268 1767 1325 1797 illo
1351 1768 1487 1807 majoris
1512 1768 1659 1808 imperii,

957 1816 1071 1846 Asiam
1089 1821 1124 1848 et
1140 1817 1308 1848 Graeciain
1320 1817 1431 1848 animo
1448 1822 1484 1848 et
1500 1828 1663 1857 praesum-

958 1866 1051 1897 tione
1067 1867 1392 1908 quodammodojam
1409 1877 1607 1908 occupasse,
1624 1874 1661 1900 et

957 1926 1016 1956 spe
1033 1917 1167 1957 penitus
1181 1917 1372 1948 devorasse.
1409 1919 1562 1958 Utraque
1579 1919 1661 1951 lect.

959 1966 1000 1997 ab
1017 1966 1152 2006 ingenio
1169 1967 1346 2007 Bongarsii
1370 1972 1441 1998 est:
1469 1978 1607 2008 quarum
1627 1969 1661 2000 in

958 2021 1091 2047 textum
1108 2017 1288 2048 admissam
1300 2027 1356 2057 quo
1372 2017 1414 2048 A.
1434 2018 1475 2049 G.
1489 2028 1520 2058 p.
1536 2029 1665 2058 occupa·

957 2069 1028 2097 rent
1043 2067 1121 2097 ideo
1138 2067 1288 2108 praetuli,
1313 2067 1402 2108 quod
1429 2078 1520 2109 seqq.
1538 2068 1663 2108 verbis,

957 2117 966 2134 ‘
983 2127 1026 2148 ne
1050 2118 1318 2149 Lacedaemoniis
1332 2119 1398 2149 illae
1421 2119 1510 2150 vires
1526 2120 1664 2150 accede-

959 2168 1059 2208 rent‚’
1075 2168 1180 2208 magis
1197 2168 1414 2208 respondeat,
1429 2174 1465 2200 ut
1481 2170 1662 2211 utrobique

958 2230 1062 2251 causa
1087 2218 1194 2250 finalis
1217 2219 1439 2260 exprimatur.
1485 2220 1662 2251 Hactenus

958 2271 1061 2302 editi:
1100 2270 1178 2310 quod
1206 2269 1248 2300 A.
1281 2269 1324 2300 G.
1360 2279 1392 2309 p.
1431 2274 1662 2310 occupaverant.

959 2319 1092 2351 Acidal.
1111 2319 1152 2350 ad
1171 2319 1258 2350 Vell.
1274 2328 1314 2350 11.
1332 2322 1407 2350 130.
1421 2322 1453 2351 8.
1480 2320 1520 2350 F.
1538 2320 1662 2360 iuquit,

958 2369 1095 2410 legend.
1122 2372 1270 2409 occupatu.
1293 2369 1387 2400 irent.
1432 2369 1489 2401 Sic
1516 2379 1661 2411 namque

959 2419 1155 2451 scribebant
1192 2428 1267 2459 pr0,
1311 2424 1516 2460 occupatum
1557 2420 1661 2459 irent,

959 2468 1050 2510 quod
1089 2468 1214 2500 erroris
1252 2468 1368 2509 potuit
1408 2469 1503 2510 origo
1545 2468 1662 2502 fuisse.

959 2520 1059 2551 Bern.

1001 2569 1204 2610 Lamponium
1238 2568 1360 2608 ducem]
1405 2569 1415 2586 ‘
1444 2569 1663 2600 Lamachum’

961 2620 1080 2651 ducem
1108 2619 1257 2649 nominat
1285 2617 1441 2658 Thucyd.
1468 2627 1518 2650 vl.
1541 2619 1596 2649 ubi
1625 2623 1662 2650 et

961 2670 1096 2702 Niciam
1123 2673 1159 2699 et
1180 2668 1404 2699 Alcibiadem.
1450 2669 1559 2699 Paulo
1583 2673 1663 2710 post

961 2721 995 2751 in
1023 2721 1086 2751 hoc
1109 2720 1262 2750 Auctore
1286 2718 1421 2749 Lachete
1445 2722 1475 2749 et
1504 2719 1661 2751 Char-iude

961 2770 1094 2811 legend.
1127 2770 1304 2800 Charocade
1333 2779 1375 2798 ex
1404 2769 1480 2800 eod.
1506 2770 1660 2810 Thucyd.

961 2819 1068 2860 Λάχης
1083 2821 1099 2850 ὁ
1115 2817 1310 2859 Μελανόπου,
1337 2817 1505 2859 Χαροιάδης
1528 2819 1545 2849 ὁ
1569 2819 1663 2859 Εὐφι-

962 2871 1069 2909 λήτου.
1097 2871 1184 2901 Glar.
