2174 3424
755 369 952 403 JUSTINI
987 370 1113 401 HIST.
1146 371 1298 402 PRAEF.

304 467 503 510 praeclarum
520 465 650 507 putavi,
670 465 838 498 clarorum
854 465 999 497 virorum

304 522 405 558 atque
417 525 611 556 magnorum
624 525 689 547 nou
701 515 810 546 minus
822 515 884 546 otii
900 524 1000 556 quam

303 566 431 607 negotii
444 566 606 597 rationem
617 569 735 597 extare
747 563 931 606 oportere!
955 565 1001 595 Et

303 617 436 648 Colum.
452 616 509 647 ubi
524 615 567 646 ad
582 615 671 647 idem
686 615 768 646 illud
784 615 917 654 alludit,
933 614 952 645 i.
970 624 1000 645 e.

303 668 339 699 in
369 671 439 698 ext.
466 667 525 697 lib.
553 675 604 697 xx.
633 665 770 697 scribit:
809 666 818 682 ‘
829 666 912 696 Tam
939 665 1001 696 otii

302 727 401 758 quam
424 716 553 757 negotii
576 715 739 747 rationem
762 714 907 746 reddere
932 724 1000 745 ma-

296 767 393 807 jores
407 765 602 798 censuisse.’
626 766 672 796 Et
684 770 763 796 sunt
776 774 910 806 quoque
922 764 1000 795 edd.

303 821 388 848 vett.
401 816 540 856 Justini,
552 826 627 857 qnae
644 816 779 847 omnino
793 815 840 846 sic
855 814 998 846 habent:

301 868 390 906 cujus
399 870 430 897 et
447 867 525 898 Cato
537 867 722 897 reddendam
737 866 887 896 rationem
897 868 1000 905 putat.

302 917 468 957 Bongars.
485 921 610 956 tamen,
624 925 700 947 cum
720 916 755 946 in
778 915 886 947 Codd.
912 915 998 946 Mss.

302 967 471 1007 reperiret
485 967 668 997 reddendam
680 976 817 1006 operam,
831 966 880 996 ita
900 966 1000 1006 plane

303 1016 513 1048 rescribend.
536 1016 680 1057 putavit.
725 1017 770 1047 Et
792 1016 895 1047 habet
918 1025 1000 1057 quo-

302 1076 369 1107 que
386 1067 434 1098 ita
448 1070 544 1097 vetus
559 1066 652 1107 typis
669 1075 850 1107 expressus
872 1065 1002 1097 Bccha-

303 1116 356 1147 riia
380 1116 414 1147 Si
430 1116 532 1157 igitur
542 1117 564 1149 J
569 1116 670 1148 nstin.
681 1116 732 1147 ita
745 1116 882 1147 omnino
897 1116 1001 1157 scrip·

304 1169 401 1210 serit,
413 1168 536 1201 fecerit
552 1168 636 1200 illud
659 1168 748 1208 ideo,
766 1177 810 1198 ne
834 1168 1000 1199 vocabulo

301 1219 434 1250 rationis
447 1219 499 1250 bis
514 1222 687 1257 uteretur3
710 1228 786 1249 cum
809 1228 888 1249 mox
907 1218 1001 1249 addi-

303 1274 400 1300 turus
416 1272 515 1309 esset,
530 1271 538 1286 ‘
552 1269 640 1309 apud
657 1272 691 1299 te
707 1268 793 1299 ratio
805 1268 1001 1300 constaret?

302 1319 371 1350 Sed
401 1319 481 1361 quid
510 1318 575 1350 sibi
602 1319 675 1350 vult
702 1328 825 1359 operam
851 1316 1002 1350 reddere?

304 1368 393 1400 Aliis
420 1378 542 1409 operam
567 1370 695 1400 reddere
723 1368 805 1400 nihil
830 1373 882 1400 est
910 1369 1002 1400 alind

305 1428 418 1460 quam,
441 1429 578 1459 operam
602 1420 716 1458 edere,
741 1419 884 1459 operari.
929 1419 1000 1450 Cic.

304 1478 383 1500 ΧΠ.
395 1470 487 1501 Fam.
500 1472 552 1500 10.
576 1470 586 1486 ⁴
599 1470 652 1500 Tu
663 1469 771 1499 Musis
784 1469 908 1500 nostris
921 1478 1003 1509 pam

303 1524 344 1550 ut
373 1528 495 1560 operas
525 1519 673 1550 reddas!
719 1519 728 1536 ‘
741 1518 892 1560 Operae,'
920 1529 1003 1560 quas

305 1569 413 1599 Musis
429 1569 496 1600 suis
518 1569 676 1599 Tironem
699 1568 842 1600 reddere
867 1569 1004 1599 volebat

305 1618 378 1650 Cic.
391 1622 490 1649 eraut
505 1619 610 1659 ipsius
626 1619 802 1650 Ciceronis
819 1618 1003 1649 aliorumve

304 1669 436 1709 scripta
461 1669 617 1706 recitare,
643 1668 807 1709 scribere,
832 1669 1003 1708 evolvere,

305 1720 508 1751 examinare.
553 1720 600 1750 At
612 1720 634 1751 J
638 1719 737 1750 nstin.
752 1728 874 1759 operam
890 1718 1004 1758 posuit

305 1778 368 1810 pro
384 1779 499 1809 opere,
514 1769 537 1800 i.
554 1779 584 1800 e.
602 1779 664 1809 pro
680 1778 719 1799 eo
741 1769 830 1810 quod
848 1778 908 1809 per
924 1778 1002 1808 ope-

305 1828 377 1850 ram
385 1818 540 1859 efficitur,
551 1825 695 1860 postque
705 1829 779 1850 eam
792 1819 1002 1860 relinquitur.

305 1869 384 1902 Qua
394 1869 531 1900 notione
542 1869 650 1909 ipsum
661 1878 793 1910 quoque
806 1868 1002 1900 Ciceronem

305 1928 423 1950 vocem
439 1927 620 1958 usurpasse
636 1918 755 1949 docuit
778 1927 830 1948 me
849 1918 899 1949 vir
914 1928 1002 1949 sum-

305 1978 378 2000 mus
413 1969 447 2001 J.
461 1969 499 1999 F.
517 1969 669 2001 Gronov.
697 1968 864 2000 Nimirum
881 1977 942 1999 xv.
959 1969 1001 1999 ad

305 2017 381 2050 Att.
394 2021 444 2049 13.
460 2017 565 2049 verba
577 2018 652 2058 ejus
665 2022 761 2049 sunt:
786 2019 794 2035 ‘
808 2018 899 2050 Quid
915 2028 1004 2059 quae-

305 2067 373 2099 ris?
405 2067 562 2099 Exstabit
589 2077 694 2108 opera
719 2067 1004 2107 peregrinationis

304 2118 429 2159 hujus!
472 2118 542 2148 Pro
555 2128 620 2159 (1110
633 2127 667 2149 v.
681 2120 713 2149 4.
732 2118 774 2148 311
792 2118 863 2149 Α11.
880 2118 1005 2159 legitur

305 2169 371 2201 sic:
396 2171 406 2186 ‘
418 2169 552 2200 Cui-abo
567 2173 604 2200 ut
615 2169 711 2209 hujus
723 2168 1004 2209 peregrinationis

306 2219 441 2261 aiiquod
453 2219 516 2250 tibi
529 2229 612 2260 opus
625 2219 759 2250 exstet?
787 2219 891 2250 Vorst.
915 2219 1006 2250 Bon-

307 2280 398 2311 gars.
412 2271 598 2302 reddendam
613 2280 748 2311 operam.
792 2270 1006 2301 Vetustiores

306 2320 364 2351 alii
380 2330 442 2361 pre
458 2330 580 2361 operam
594 2320 720 2351 113110111
741 2320 895 2351 rationem
905 2331 917 2356 ;
941 2330 1006 2361 quo

307 2370 407 2402 modo
431 2374 467 2401 et
493 2370 579 2401 Cato
605 2370 677 2411 ipse
702 2371 834 2401 locutus
859 2370 1006 2402 videtur.

307 2421 436 2451 Verum
464 2421 519 2451 vix
550 2420 598 2452 510
628 2421 805 2461 scripserit
841 2421 1007 2460 Justinus,

307 2474 451 2510 propter
465 2479 606 2511 sequens
620 2471 629 2488 ‘
644 2471 729 2502 ratio
742 2472 940 2512 constaret,'
957 2473 1007 2503 in-

309 2520 501 2560 gratissime
517 2520 713 2561 repetitum.
758 2522 850 2562 Ergo
868 2521 1008 2562 praefert

308 2579 432 2610 operam
446 2570 560 2601 Vorst.
585 2580 733 2612 quoque,
758 2581 798 2603 ac
820 2582 892 2612 per,
909 2583 1007 2613 opus,

309 2625 410 2661 putat
437 2621 686 2662 explicandum,
711 2622 878 2662 quomodo
907 2624 916 2641 ‘
930 2633 1008 2664 ope-

308 2670 397 2702 ram'
414 2680 476 2711 pro
490 2681 594 2712 opere
606 2671 778 2711 usurparit
792 2672 865 2712 ipse
877 2673 1006 2704 Tullius

310 2730 373 2753 xv.
391 2722 434 2753 ad
450 2721 525 2754 Att.
543 2725 594 2754 13.
640 2723 801 2755 Quamvis
823 2729 937 2755 autem
959 2725 1007 2756 ita

309 2772 484 2812 usurparit
499 2772 584 2813 ipse,
599 2773 682 2804 nihil
698 2778 810 2804 tamen
836 2773 951 2805 facere
972 2775 1007 2806 id

310 2821 457 2854 arbitror
473 2823 514 2854 ad
527 2823 638 2854 locum
652 2829 869 2865 praesentem,
882 2826 1007 2866 quippe

312 2872 408 2912 cujus
424 2872 474 2904 ita
489 2878 610 2913 pareat
624 2882 753 2915 sensus,
768 2885 866 2916 quem
877 2876 1008 2908 Noster

313 2931 356 2953 ex
371 2923 503 2955 Catone
517 2923 744 2965 proponebat.
789 2925 903 2967 Longe
919 2936 1009 2958 nam-

1666 359 1750 401 615

1050 473 1115 505 que
1145 463 1238 495 aliud
1270 467 1335 502 est,
1374 463 1384 480 ‘
1404 462 1550 494 reddere
1581 462 1749 494 rationem

1050 514 1135 553 otii,’
1158 519 1193 545 et
1215 514 1224 530 ‘
1240 523 1324 553 opus
1350 513 1484 554 aliquod
1505 512 1666 544 reddere'
1693 514 1748 544 vel

1050 563 1264 604 ‘producere
1289 572 1350 603 per
1378 561 1506 593 otinm.’
1552 562 1676 603 Itaque
1702 562 1750 592 nil

1050 613 1192 650 certius,
1204 623 1281 643 mea
1296 611 1431 653 quidem
1454 612 1627 652 opinione,
1648 620 1750 653 quam

1049 662 1229 702 scripsisse
1244 662 1428 700 Justinum,
1442 662 1528 700 cujus
1542 665 1571 692 et
1590 662 1670 692 Cato
1682 663 1751 693 red-

1049 713 1180 743 dendam
1194 713 1326 752 putavit,
1342 711 1461 742 omisso
1475 711 1637 742 vocabulo
1653 713 1749 742 ratio-

1048 762 1110 802 nis,
1134 761 1223 802 quod
1247 771 1290 792 ex
1315 770 1409 802 seqq.
1433 761 1537 792 etiam
1555 760 1608 791 1110
1625 761 1751 792 11110111-

1049 811 1151 852 gend.
1176 813 1281 842 Certe
1297 811 1380 842 illud
1394 820 1515 850 operam
1529 821 1548 842 a
1562 812 1749 851 glossatore

1049 862 1234 902 adjectum,
1266 862 1323 902 qui
1357 862 1502 902 putabat
1536 863 1646 893 locum
1677 871 1750 894 esse

1048 914 1216 949 mutilum,
1238 917 1376 944 constat
1400 914 1453 944 vel
1476 922 1518 944 ex
1536 923 1589 952 eo,
1604 913 1684 954 quia
1698 923 1751 944 ra-

1049 964 1165 995 tionem
1193 963 1251 994 alii
1282 973 1343 1004 pro
1374 973 1414 994 00
1441 963 1660 1003 substituere,
1682 963 1750 994 fine

1049 1023 1187 1054 prorsus
1210 1013 1301 1053 eod.,
1320 1013 1384 1044 nisi
1402 1013 1491 1054 quod
1509 1014 1637 1044 rectius
1654 1019 1750 1054 puta-

1051 1072 1129 1098 rent
1151 1076 1193 1097 ex
1221 1075 1316 1107 seqq.
1341 1066 1406 1096 huc
1432 1073 1530 1106 posse
1557 1064 1748 1096 transferri.

1050 1116 1155 1155 Schef.
1209 1116 1288 1147 Nou
1318 1115 1447 1146 frustra
1480 1124 1582 1145 manu
1618 1114 1753 1145 exarati

1050 1176 1179 1207 omnes,
1195 1175 1329 1207 operam,
1346 1170 1384 1196 ut
1396 1170 1432 1196 et
1447 1166 1543 1198 Junt.
1587 1165 1751 1205 Impressi

1050 1217 1203 1249 nonnulli
1221 1216 1422 1248 vetustiores
1435 1215 1685 1247 substituerunt
1700 1226 1751 1247 ra-

1048 1270 1165 1300 tionem
1188 1272 1311 1299 contra
1337 1267 1611 1298 membranarum
1636 1266 1750 1298 fidem.

1051 1319 1130 1351 Non
1144 1322 1197 1349 est
1212 1327 1292 1349 vero
1307 1317 1426 1357 simile,
1443 1321 1479 1348 ut
1496 1317 1589 1349 docti
1605 1317 1667 1348 viri
1683 1328 1753 1349 mo-

1051 1373 1210 1408 nuerunt,
1245 1368 1361 1409 paucis
1398 1367 1510 1399 verbis
1546 1368 1753 1408 inte1·jectiS‚

1052 1419 1192 1450 eandem
1217 1428 1334 1450 vocem
1361 1427 1541 1459 usurpasse
1567 1419 1753 1451 Justinum.

1053 1469 1150 1500 Nihil
1173 1469 1276 1510 igitur
1302 1474 1421 1500 eontra
1447 1473 1658 1500 vetustorum
1683 1479 1752 1501 om·

1052 1519 1144 1550 nium
1159 1520 1334 1558 librorum,
1357 1529 1439 1560 quos
1462 1519 1555 1550 docti
1579 1520 1753 1551 consulue-

1054 1574 1142 1609 rant,
1173 1579 1373 1600 consensum
1409 1573 1463 1600 est
1493 1569 1752 1601 immutandum.

1052 1620 1149 1651 Sicut
1163 1620 1252 1650 enim
1263 1619 1371 1650 Tullio
1386 1619 1394 1635 ‘
1406 1628 1510 1660 opera
1520 1619 1753 1659 profectionis'

1054 1674 1148 1700 recte
1165 1669 1291 1700 dicitur
1307 1678 1402 1709 opus,
1416 1669 1504 1710 quod
1519 1669 1706 1700 elaboravit
1718 1669 1753 1701 in

1053 1718 1283 1759 profectione3
1307 1719 1394 1760 quod
1409 1719 1570 1759 ostendit,
1584 1720 1752 1760 quomodo

1054 1774 1204 1810 tempus,
1218 1779 1283 1810 quo
1306 1768 1416 1800 abfuit
1440 1769 1538 1808 urbe,
1563 1769 1752 1805 collocarit,

1054 1819 1089 1850 in
1106 1828 1164 1850 xv.
1182 1818 1230 1849 ad.
1241 1818 1314 1849 Att.
1331 1821 1382 1849 13.
1400 1818 1448 1849 sic
1470 1823 1504 1849 et
1519 1829 1611 1859 opera
1626 1819 1684 1849 otii
1701 1824 1754 1850 est

1054 1879 1150 1910 opuS‚
1168 1869 1257 1910 quod
1274 1869 1485 1900 elucubravit
1501 1870 1532 1900 in
1551 1870 1639 1901 otio:
1664 1871 1754 1911 quod

1055 1920 1222 1958 declarat,
1253 1928 1351 1960 qnam
1377 1918 1464 1950 bene
1494 1919 1539 1950 sit
1567 1930 1642 1951 usus
1674 1921 1754 1951 otio.

1055 1971 1198 2001 Reddere
1211 1974 1324 2000 autem
1337 1979 1458 2010 operam
1475 1979 1547 2010 pro,
1560 1970 1661 2001 edere
1676 1980 1756 2011 ope-

1054 2030 1127 2051 ram
1143 2030 1202 2051 seu
1218 2030 1316 2060 opuS,
1340 2030 1401 2051 cur
1425 2029 1489 2050 non
1514 2021 1613 2051 licuit
1639 2021 1755 2052 dicere

1054 2070 1204 2109 Jusffino,
1230 2079 1307 2101 cum
1332 2069 1430 2100 licuit
1454 2070 1617 2101 Terentio
1645 2069 1756 2103 Andr.

1056 2130 1111 2152 ln.
1130 2124 1159 2151 1.
1177 2126 1213 2151 01
1228 2121 1324 2151 Suet.
1343 2120 1494 2151 Domit.?
1520 2121 1565 2151 Et
1587 2121 1596 2137 ‘
1609 2121 1756 2153 reddere

1055 2171 1176 2211 ludos‚'
1192 2181 1266 2212 pro,
1279 2171 1394 2210 edere,
1407 2176 1443 2202 et
1458 2173 1466 2187 ‘
1481 2171 1625 2202 reddere
1636 2171 1756 2211 justa‚’

1058 2221 1180 2253 Catoni
1202 2231 1276 2261 pro,
1299 2221 1381 2252 dare
1403 2221 1510 2261 justa.
1556 2223 1648 2253 Vere
1665 2223 1756 2253 enim

1058 2271 1175 2302 Celsus
1191 2272 1230 2302 L.
1248 2274 1300 2302 94.
1318 2271 1361 2301 de
1376 2271 1480 2302 verb.
1504 2271 1624 2312 Signis.
1648 2272 1657 2289 ‘
1673 2272 1756 2303 Ver-

1057 2321 1135 2352 bum
1163 2321 1328 2352 reddendi
1356 2331 1558 2362 quamquam
1585 2322 1756 2363 signitica-

1056 2376 1127 2402 tum
1143 2371 1248 2402 habet
1264 2376 1355 2402 retro
1372 2371 1489 2411 dandi,
1501 2372 1625 2412 recipit
1641 2377 1755 2404 tamen

1057 2426 1092 2452 et
1107 2430 1170 2462 per
1182 2430 1218 2452 se
1230 2420 1334 2451 dandi
1345 2420 1652 2461 significationem.'
1685 2422 1755 2464 Ap.

1057 2473 1200 2504 Petron.
1254 2473 1264 2490 ‘
1283 2471 1467 2513 Apodixim
1504 2472 1756 2505 defunctoriam

1056 2523 1217 2554 reddere‘
1234 2527 1297 2563 est,
1310 2523 1480 2563 specimen
1494 2523 1595 2554 edere
1608 2524 1702 2562 leve;
1718 2528 1757 2555 ut

1057 2578 1151 2605 recte
1177 2573 1428 2604 vexatissimum
1454 2574 1565 2604 locum
1595 2574 1757 2614 exposuit

1056 2624 1073 2654 ὃ
1096 2622 1174 2654 πάνυ
1197 2623 1232 2655 J.
1260 2623 1298 2654 F.
1323 2623 1475 2654 Gronov.
1502 2623 1561 2654 lib.
1586 2632 1637 2655 1v.
1670 2624 1756 2655 Obs.

1057 2673 1134 2704 Nec
1147 2673 1214 2703 alia
1227 2672 1318 2703 vocis
1333 2673 1459 2703 reddere
1474 2673 1567 2703 notio
1584 2674 1682 2704 estin
1698 2675 1756 2706 illo

1056 2724 1121 2755 loc.
1138 2732 1238 2764 quem
1249 2722 1366 2752 Vorst.
1384 2722 1502 2753 attulit
1514 2732 1556 2753 ex
1571 2723 1643 2755 Cic.
1661 2724 1755 2757 Fam.

1058 2774 1067 2790 ‘
1079 2773 1133 2804 Tu
1147 2770 1268 2803 Musis'
1284 2773 1347 2802 &c.
1370 2771 1459 2802 Nam
1473 2781 1533 2812 pro
1545 2772 1608 2803 hoc
1624 2774 1755 2806 Seneca

1057 2823 1149 2854 dixit
1163 2822 1205 2853 de
1234 2820 1373 2852 Provid.
1400 2830 1429 2853 c.
1452 2824 1484 2853 2.
1517 2824 1604 2855 edere
1628 2834 1755 2865 operas:

1056 2873 1066 2890 ‘
1083 2874 1224 2903 Ferrum
1240 2870 1346 2911 istud,
1359 2871 1451 2903 civili
1467 2872 1558 2905 bello
1577 2883 1696 2914 purum
1720 2880 1756 2907 et

1057 2922 1241 2963 innoxium,
1265 2921 1369 2954 bonas
1394 2921 1532 2954 tandem
1559 2933 1599 2956 ac
1627 2924 1754 2956 nobiles
