2174 3424
633 371 830 403 JUS'rth
866 373 958 402 Ltss.

216 465 291 499 rod.
306 476 329 498 r.
345 468 376 498 8.
391 469 428 497 et
442 474 535 507 seqq.
563 465 641 497 vid.
655 470 690 497 et
704 466 799 498 Plut.
814 466 910 507 Sym-

216 527 292 558 pos.
307 526 332 548 1.
366 517 494 549 Quaest.
509 519 542 547 5.
588 516 666 548 Non
682 516 848 548 absimilia
868 517 910 547 de

219 568 355 599 Othone
385 566 469 599 Tac.
498 565 542 598 A.
573 575 655 598 xm.
685 569 739 598 46.
777 567 910 599 Bernec.

214 617 425 658 Simpliciter
446 617 478 648 b.
494 617 585 648 locus
607 621 659 647 est
675 616 909 657 accipiendus,

214 677 336 708 nempe
358 672 397 698 ut
419 667 540 698 nullius
565 666 653 707 regis
678 676 777 698 casus
807 665 910 698 fuerit

213 717 333 750 similis
358 716 504 748 fortunae
534 717 721 755 Candauli;
745 717 833 758 quod
850 718 910 758 ιΙο-

215 767 340 809 quendi
365 777 469 808 genus
488 768 564 808 jam
592 767 832 799 illustravimus
858 778 909 800 1v.

215 817 301 850 Obs.
325 820 356 849 8.
411 818 571 849 Ceterum
599 818 751 848 Candauli
777 823 829 849 est
859 828 910 849 se·

215 868 317 900 cundi
333 877 441 899 casus.
484 867 527 898 Id
544 867 635 898 enim
664 867 794 908 placuit
817 873 910 900 vete-

215 918 320 958 ribus,
335 922 372 949 ut
387 919 422 949 in
438 917 628 949 nominibus
645 918 804 959 propriis,
828 918 861 948 in
878 928 910 949 es

214 967 462 1008 desinentibus,
478 967 663 999 secundum
679 977 794 999 casum
810 967 908 999 effer-

214 1022 292 1049 rent
307 1018 406 1059 peri,
434 1027 500 1049 non
524 1027 586 1059 per
607 1019 648 1050 is.
693 1019 742 1050 Ut
770 1020 909 1052 Terent.

214 1067 225 1084 ‘
243 1068 401 1100 Chremi.'
425 1069 497 1100 Cic.
511 1069 521 1086 ‘
536 1069 691 1101 Socrati.'
713 1069 801 1102 Gell.
818 1070 827 1086 ‘
842 1071 909 1101 Eu-

214 1118 342 1159 ripidi,'
371 1119 572 1160 ‘Sophocli,'
594 1123 630 1151 et
656 1120 702 1151 sic
727 1130 782 1160 ap.
806 1120 907 1152 alios:

214 1169 294 1210 quia
308 1173 345 1200 et
360 1168 588 1200 Graecietiam
601 1170 746 1210 nomina,
761 1169 909 1211 alioquin

214 1220 249 1251 in
264 1231 301 1257 ης
316 1220 521 1260 desinentia,
541 1230 632 1262 saepe
655 1231 718 1262 per
742 1233 791 1253 ευς
816 1220 908 1252 finie-

160 1264 166 1270 ”
214 1270 310 1302 bant.
337 1271 473 1303 Gronov.
517 1272 718 1313 Suspicatur
741 1273 908 1304 Bernecc.

212 1322 348 1362 legend.
371 1332 443 1354 esse
465 1323 617 1363 fortuna.-
645 1323 735 1355 idem
762 1328 799 1355 et
828 1323 909 1355 mihi

212 1372 346 1413 pridem
369 1373 475 1405 visum
500 1378 565 1410 est,
591 1378 627 1405 et
655 1379 786 1406 certum
812 1379 908 1414 puto.

214 1423 303 1454 Nam
321 1424 473 1455 Candauli
489 1429 542 1456 est
558 1424 651 1456 tertii
668 1433 766 1455 casus
781 1435 790 1455 :
819 1423 908 1455 unde

215 1477 252 1504 et
266 1482 345 1504 mox
359 1473 493 1514 legend.
518 1475 616 1505 caedes
639 1474 820 1514 Candaulis,
841 1483 909 1504 non

216 1523 381 1555 Candauli.
426 1524 515 1555 Nam
528 1524 593 1554 iste
608 1524 726 1562 morio,
742 1524 808 1555 iste
823 1523 910 1555 fatu-

214 1582 267 1612 us,
280 1573 459 1614 Princeps,
478 1573 654 1605 Herodoto
671 1584 736 1605 non
760 1575 816 1605 ille
839 1575 910 1615 qui-

215 1622 292 1654 dem
319 1624 328 1640 ‘
341 1623 528 1655 Candaulos
540 1623 549 1638 '
572 1624 709 1664 dicitur,
724 1624 784 1655 sed
801 1626 808 1641 ‘
825 1624 910 1655 Can·

218 1671 360 1703 dautes?
417 1673 542 1705 Posset
566 1677 678 1704 tamen
703 1678 737 1705 et
768 1673 909 1705 retineri

215 1722 307 1754 istud
325 1723 478 1755 Candauli
499 1725 533 1754 in
553 1724 701 1755 secundo
717 1733 809 1761 casu,
833 1723 909 1755 itid.

215 1778 255 1804 ut
281 1774 424 1804 dicimus
446 1773 615 1805 ‘Achilli'
644 1783 718 1814 pro,
748 1772 909 1811 Achillis;

213 1823 224 1840 ‘
237 1823 350 1863 Ulyssi
361 1822 371 1836 ’
388 1832 461 1864 pro,
476 1823 624 1863 Ulyssis3
649 1826 658 1840 ‘
672 1822 798 1853 Pericli
810 1821 817 1833 ‘
833 1831 908 1862 pro,

213 1872 380 1912 Periclis;
402 1882 523 1913 nempe
550 1882 614 1913 per
639 1873 908 1912 metaplasmum,

213 1927 253 1954 ut
268 1927 391 1953 vocant
406 1922 629 1963 grammatici,
656 1922 679 1952 i.
694 1932 725 1953 e.
747 1931 809 1962 per
824 1921 908 1952 vari-

213 1982 268 2004 am
313 1972 507 2003 declinandi
544 1971 686 2003 nominis
729 1971 909 2003 rationem.

213 2022 293 2055 Fab.

256 2074 370 2105 Nullus
384 2077 487 2105 tamen
503 2073 645 2112 sortunae
661 2072 813 2104 Candaule·
828 2083 908 2104 com-

208 2124 380 2165 parandus]
403 2125 641 2165 Berneggerus
669 2124 787 2155 mallet
802 2123 908 2161 fortu-

212 2185 276 2213 πα,·
312 2181 347 2206 et
373 2180 411 2206 ut
439 2175 592 2206 Candauli
617 2175 661 2206 sit
687 2184 783 2206 casus
806 2174 908 2206 tertii.

213 2226 340 2256 Verum
352 2225 523 2256 enimvero
542 2225 695 2256 Candauli
718 2225 790 2255 sine
806 2225 907 2255 dubio

213 2284 308 2307 casus
335 2275 477 2306 secundi
498 2280 572 2314 est;
597 2280 635 2305 ut
664 2275 698 2305 in
723 2274 795 2313 illo,
817 2273 908 2315 quod

214 2325 316 2365 paulo
334 2330 409 2365 post
423 2324 590 2365 sequitur,
605 2326 614 2341 ‘
629 2323 739 2355 caedes
753 2324 906 2355 Candau-

211 2375 258 2407 li?
301 2376 431 2416 Estque
455 2374 643 2416 hujusmodi
664 2374 831 2405 secundus
851 2384 907 2405 ca-

213 2435 268 2456 sus
285 2435 338 2466 ap.
355 2426 524 2456 Auctores
538 2425 619 2455 satis
632 2423 801 2465 frequens.
839 2425 908 2455 Ne-

212 2486 294 2516 pos:
329 2478 338 2493 ‘
363 2475 608 2507 Themistocles
638 2475 761 2506 Neocli
796 2473 907 2506 filius?

211 2526 318 2557 Plura
333 2526 435 2558 habet
449 2526 645 2556 Vechnerus
675 2524 708 2555 in
736 2525 906 2557 Hellenol.

210 2576 350 2607 Deinde
365 2585 429 2608 nec
452 2576 533 2607 illud
551 2576 698 2606 insolens
725 2575 834 2606 videri
849 2576 906 2607 de-

210 2626 292 2665 bet;
324 2626 413 2668 quod
441 2636 508 2658 non
528 2627 662 2664 fortuna
690 2627 817 2664 nullius,
846 2626 905 2657 sed

210 2677 310 2707 nullus
338 2676 478 2714 sortunoe
509 2677 662 2707 Candauli
686 2678 907 2716 comparandus

211 2725 336 2756 dicitur
362 2736 382 2756 a
398 2726 537 2757 Nostro.
582 2726 640 2757 Ita
665 2727 754 2757 enim
779 2726 840 2758 inf.
865 2736 905 2758 11.

212 2778 264 2807 14.
283 2778 334 2807 10.
357 2777 366 2793 ‘
380 2776 636 2807 Atheniensium
653 2776 757 2807 virtus
780 2776 904 2808 ceteris

211 2824 374 2864 praelata‚’
389 2834 463 2865 pro,
475 2830 664 2856 ceterorum
679 2825 796 2856 virtuti
809 2826 904 2867 prael.

212 2874 258 2904 Et
279 2882 319 2905 11.
335 2877 386 2906 15.
400 2877 453 2905 20.
477 2876 486 2892 ‘
500 2875 578 2906 Non
605 2873 745 2906 inferior
771 2875 904 2906 virtuti-

211 2922 274 2954 bus
291 2924 400 2964 patri,'
416 2934 488 2965 pro,
514 2924 620 2956 virtus
647 2925 720 2965 ejus
734 2935 802 2956 non
819 2924 904 2956 infe-

212 2972 280 3005 rior
295 2973 476 3007 virtutibus
493 2983 526 3016 p.
573 2974 684 3007 Etiam
705 2974 754 3007 sic
778 2975 835 3006 alii
856 2975 903 3006 lo-

1013 393 1022 402 .
1054 374 1159 404 GAP.
1190 365 1229 405 7.
1569 366 1654 408 637

960 471 1119 508 quuntur.
1163 468 1279 500 Plaut.
1291 468 1384 500 Asin.
1401 470 1410 487 ‘
1422 470 1489 501 Hic
1506 477 1656 512 quaestns

959 520 1076 547 noster
1091 518 1214 557 aucupi
1227 523 1280 549 est
1295 519 1502 560 simillimu5,’
1516 531 1588 561 pro,
1600 531 1656 553 au·

961 566 1058 606 cupis
1077 568 1234 608 quaestui.
1277 569 1349 600 Cic.
1365 579 1426 609 pro
1442 570 1554 602 Flacc.
1571 572 1656 603 ‘Cu-

955 616 1012 656 jus
1042 626 1106 657 ego
1136 618 1284 649 civitatis
1315 619 1526 660 disciplinam
1551 626 1653 663 atque

961 667 1167 706 gravitatem
1195 678 1262 700 non
1284 670 1388 700 solum
1412 670 1571 711 Graeciae,
1595 673 1655 703 sed

959 716 1049 747 haud
1073 718 1158 756 scio,
1184 727 1226 749 an
1254 719 1386 750 cunctis
1412 721 1569 760 gentibus
1599 732 1656 753 an-

960 768 1189 807 teponendam
1221 768 1300 808 jure
1332 769 1465 810 dicam,'
1493 781 1568 812 pro,
1593 772 1658 803 dis-

960 815 1094 856 ciplinae
1110 816 1256 848 Graeciae
1280 822 1316 849 et
1336 823 1534 850 cunctarum
1561 826 1654 861 gent.

965 865 1066 897 Vorst.
1109 865 1358 907 AngLfortunae
1382 869 1547 909 Gaudenti,
1564 872 1653 911 quod

959 915 1123 956 praefero,
1148 917 1227 958 quia
1242 918 1427 958 respondet
1443 921 1655 959 praecedenti

958 966 1096 997 casibus.-
1117 969 1335 1007 comparandus
1347 968 1480 1005 fortuna
1496 970 1586 1001 idem
1602 976 1656 1003 est

958 1025 1012 1056 ac,
1037 1018 1287 1058 comparandus
1309 1019 1344 1049 in
1367 1017 1527 1059 fortuna3
1551 1030 1656 1060 genus

959 1067 1120 1108 loquendi
1159 1067 1268 1099 simile
1305 1069 1356 1099 illi
1386 1069 1558 1100 Ciceronis
1593 1080 1655 1111 pro

960 1118 1078 1150 Quint.
1095 1121 1147 1150 30.
1171 1119 1180 1135 ‘
1193 1119 1273 1150 Non
1296 1124 1474 1159 comparat
1490 1129 1525 1151 se
1542 1125 1656 1152 tecum

959 1169 1070 1209 gratia
1084 1169 1122 1200 L.
1146 1169 1317 1208 Quintius,
1342 1170 1423 1201 Sex.
1452 1170 1566 1210 Naevi,
1588 1180 1656 1201 non

960 1220 1093 1261 opibus,
1133 1230 1200 1252 non
1235 1220 1412 1261 facultate,
1449 1221 1654 1254 contendit.'

958 1270 1064 1308 Schef.

1002 1321 1019 1361 ς
1036 1324 1074 1351 15
1101 1321 1200 1356 Quam
1214 1324 1342 1362 propter
1356 1321 1474 1359 sormoe
1483 1321 1656 1363 pulchritu-

957 1370 1060 1401 dinem
1081 1371 1253 1411 deperibat]
1291 1372 1388 1404 Junt.
1402 1383 1430 1413 q.
1450 1382 1483 1412 p.
1499 1372 1531 1410 f.
1553 1384 1585 1413 p.
1609 1374 1656 1405 ηἰ-

958 1422 1054 1452 mium
1069 1423 1139 1462 dep.
1163 1422 1279 1455 Graev.

1008 1473 1218 1513 Voluptatum‚
1232 1473 1299 1514 lisa]
1335 1473 1424 1504 Saxo
1447 1482 1513 1504 vu.
1530 1484 1564 1514 p.
1582 1477 1655 1506 138.

959 1525 1012 1554 23.
1035 1523 1044 1540 ‘
1056 1523 1180 1554 Tacita
1204 1522 1349 1554 fortunae
1366 1524 1574 1555 conscientia
1588 1523 1654 1555 fre-

960 1572 1040 1604 tus.¹

1003 1624 1021 1664 §
1039 1626 1078 1654 17
1107 1623 1151 1654 Ut
1163 1623 1361 1665 affirmationi
1375 1622 1455 1662 suoe]
1500 1623 1584 1654 Mss.
1597 1624 1654 1654 ha-

959 1673 1056 1712 bent,
1079 1674 1283 1714 affirmatione
1298 1683 1372 1704 sua.-
1397 1673 1484 1714 quod
1509 1672 1653 1705 fortasse

959 1732 1026 1754 non
1060 1723 1232 1763 repudiari
1269 1722 1429 1754 debebat.
1473 1723 1654 1755 Sententia

960 1776 1013 1803 est
1028 1772 1106 1803 huic
1133 1773 1155 1803 l.
1176 1772 1357 1803 admodum
1381 1774 1653 1805 accommodata:

958 1823 1112 1854 Veritum
1128 1832 1251 1862 nempe
1281 1823 1505 1863 Candaulein,
1533 1834 1575 1855 ne
1605 1825 1654 1855 illi

958 1873 1273 1914 praedicationisuae
1287 1884 1353 1905 non
1362 1875 1546 1906 haberetur
1556 1875 1653 1915 fides,

957 1923 1034 1954 ideo
1050 1924 1243 1955 adhibuisse
1262 1924 1395 1965 Gygem
1411 1925 1504 1956 velut
1519 1929 1653 1965 testem,

958 1974 1015 2015 qui
1040 1983 1099 2005 sua
1125 1973 1351 2005 affirmatione
1376 1979 1493 2014 posset
1520 1976 1656 2006 convin-

958 2034 1036 2056 cere
1053 2025 1148 2064 alios,
1165 2034 1204 2055 ac
1221 2024 1369 2064 efficere,
1395 2029 1434 2055 ut
1455 2026 1654 2057 crederetur

957 2084 1086 2113 verum,
1103 2075 1192 2115 quod
1217 2075 1408 2107 Candaules
1435 2075 1654 2115 praedicaret.

958 2125 1120 2156 Debebat
1137 2124 1252 2156 facere
1269 2125 1369 2156 fidem
1384 2125 1483 2156 dictis
1508 2130 1543 2156 et
1569 2135 1654 2166 prae-

958 2174 1122 2206 dicationi
1140 2175 1322 2207 Candaulis
1335 2185 1499 2216 persuam
1512 2175 1654 2207 affirma·

957 2225 1095 2258 tionem.
1118 2225 1220 2262 Schef.

1000 2276 1017 2315 ᾗ
1030 2278 1069 2305 18
1082 2276 1120 2306 Ιη
1128 2276 1314 2307 adulterium
1328 2276 1436 2307 uxoris
1449 2277 1654 2317 solicitatum]

958 2325 1025 2356 Ms.
1041 2325 1142 2366 Angl.
1156 2330 1191 2357 et
1205 2326 1360 2367 Juntina‚
1370 2326 1403 2357 in
1417 2336 1446 2357 a.
1458 2337 1490 2358 u.
1508 2328 1654 2358 illectum.

959 2374 1074 2407 Graev.

1000 2425 1075 2464 §19
1100 2425 1290 2466 Nuptiarum
1311 2426 1490 2466 praemium]
1529 2427 1575 2457 Et
1600 2426 1652 2457 hic

957 2475 980 2504 1.
996 2475 1174 2506 sanitatem
1194 2474 1298 2506 debet
1327 2475 1512 2514 Gronovio,
1536 2476 1592 2517 qui
1618 2476 1652 2506 in

959 2523 1045 2555 Obs.
1061 2533 1102 2555 Π.
1118 2527 1171 2555 25.
1185 2525 1324 2565 egregie
1335 2526 1488 2556 restituit
1500 2526 1633 2565 pretinm
1643 2537 1654 2557 .-

956 2573 1035 2614 quia
1049 2573 1160 2604 caedes
1186 2574 1332 2614 pretium
1356 2573 1421 2605 fuit
1444 2576 1653 2615 nuptiarum,

958 2633 1022 2664 quo
1039 2623 1122 2654 emit
1137 2624 1229 2664 quasi
1243 2628 1278 2654 et
1291 2629 1491 2656 consecutus
1505 2630 1558 2656 est
1568 2635 1651 2665 nup·

957 2674 1021 2705 tias
1038 2673 1163 2714 reginae
1178 2674 1381 2705 Candaules.
1427 2674 1545 2705 Caedes
1561 2675 1650 2705 enim

954 2734 1022 2755 non
1052 2724 1229 2764 praemium
1255 2724 1447 2764 nuptiarum
1475 2722 1553 2762 fuit,
1590 2724 1651 2755 sed

954 2773 1084 2814 nuptiae
1107 2772 1283 2813 praemium
1309 2772 1426 2804 caedis.
1470 2773 1564 2803 Nihil
1580 2783 1651 2804 cer-

955 2824 1021 2855 tius
1036 2835 1043 2855 :
1063 2823 1129 2854 vid.
1142 2832 1218 2864 quae
1230 2822 1278 2853 ibi
1293 2821 1466 2853 firmandae
1477 2823 1555 2853 huic
1567 2823 1648 2855 lect.

954 2873 1063 2905 affert.
1107 2873 1146 2904 In
1164 2873 1230 2903 alia
1246 2872 1360 2903 omnia
1381 2873 1409 2903 it
1434 2873 1577 2913 politiss.
1593 2874 1649 2904 ille

955 2923 1078 2963 Faber,
1105 2923 1200 2963 cujus
1227 2922 1389 2953 memoria
1415 2923 1493 2953 mihi
1515 2933 1648 2964 semper

955 2974 1023 3006 erit
1038 2972 1333 3006 desideratissima.
1359 2973 1432 3005 Nec
1449 2977 1559 3005 tamen
1574 2983 1650 3014 per-
