2101 3419
462 323 549 365 958

461 428 563 469 paulo
585 431 663 469 post
689 428 732 460 de
756 429 858 470 Tyrio
877 428 1058 471 Aristone3
1081 432 1166 464 item

459 479 502 509 de
531 479 654 520 legatis
684 480 726 510 ad
747 479 953 513 Antiochum
981 482 1104 522 missis,
1127 493 1166 514 ac

459 539 576 561 eorum
589 540 665 562 cum
679 531 868 564 Hannibale
884 534 1164 566 conversatione:

459 581 519 612 sed
536 591 576 612 ea
592 581 704 613 omnia
729 584 896 625 persequi,
920 588 957 615 ut
977 585 1048 625 jam
1073 596 1165 627 saepe

460 634 580 665 testati
596 644 720 674 sumuS,
743 645 809 667 non
836 641 888 667 est
910 637 1017 668 nostri
1046 647 1167 678 propo-

459 684 516 715 siti
533 685 676 724 negotii.
708 685 797 717 Sane
813 696 947 727 prorsus
960 686 1002 718 ad
1017 686 1074 718 fin.
1092 687 1161 729 huj.

457 735 517 767 lib.
547 736 680 776 legend.
721 738 923 777 possessiones
961 739 1164 779 voluptarias,

456 795 521 826 pro
544 786 668 828 quibus
702 789 893 819 voluntarias
915 798 1094 829 perperam
1119 789 1163 819 le-

458 837 562 878 gitur.
616 838 700 869 Vult
740 839 828 870 enirn
868 839 1035 869 Romanos
1064 839 1162 870 malle

456 889 598 929 gloriam
615 899 712 931 quam
731 891 954 931 voluptatem,
976 890 1064 932 quod
1083 901 1160 922 mox

455 948 551 980 seqq.
567 940 671 971 verba
686 939 806 971 clarius
823 941 986 972 indicant.
1015 941 1107 971 Glar-

500 989 593 1020 Mille
617 989 749 1030 equites]
773 991 867 1021 Vett.
896 991 1051 1031 plerique
1075 990 1161 1031 equi-

456 1041 543 1070 tum.-
581 1040 671 1070 unde
709 1040 910 1071 mendosum
938 1041 1049 1072 locum
1087 1050 1160 1072 esse

459 1089 634 1130 suspicor:
657 1095 692 1121 et
709 1100 789 1122 sane
805 1091 837 1121 in
852 1092 909 1123 Jo.
922 1092 1072 1123 Pelei-ini
1090 1097 1159 1125 vet.

454 1140 540 1172 Cod.
559 1141 684 1181 legitur
699 1141 763 1171 tria
779 1142 880 1172 millia
896 1143 1044 1182 equitum.
1069 1142 1160 1172 Bon-

453 1200 542 1231 gars.
586 1191 768 1231 Vulgatam
785 1191 930 1223 affirmat
944 1193 1015 1223 Liv.
1029 1201 1157 1223 xxxw.

454 1244 505 1272 59.
522 1245 553 1272 5.
579 1243 587 1259 ‘
605 1242 676 1272 Sibi
695 1248 830 1273 centum
849 1247 957 1273 tectas
978 1252 1094 1282 naveS‚
1110 1253 1159 1273 se-

453 1290 565 1322 decim
590 1292 695 1322 millia
722 1292 887 1333 peditum,
911 1293 1001 1323 mille
1026 1293 1158 1334 equites

454 1341 690 1381 deposcebat!
713 1342 801 1373 Illud
815 1352 894 1374 vero
907 1343 992 1374 mille
1008 1344 1156 1383 equitum,

453 1401 527 1432 pro,
558 1392 650 1422 mille
681 1393 828 1433 equites,
861 1394 982 1424 Latine
1010 1393 1088 1434 dici,
1121 1398 1156 1425 et

449 1444 459 1460 ‘
477 1442 587 1473 mille'
611 1443 664 1474 hic
682 1453 754 1474 esse
775 1443 1026 1475 substantivum
1043 1444 1156 1484 singu-

451 1493 533 1532 lare,
555 1493 656 1524 sicuti
680 1494 689 1511 ‘
715 1494 857 1534 chilias‚'
881 1494 984 1526 docet
1012 1505 1030 1525 e
1057 1494 1154 1525 bonis

450 1543 646 1574 auctoribus
677 1543 832 1584 Agellius
865 1553 889 1575 1.
921 1547 972 1575 16.
1005 1550 1043 1575 ut
1074 1545 1154 1575 mihi

449 1593 505 1623 vix
524 1594 799 1634 temperaverim‚
824 1595 903 1635 quin
921 1595 966 1626 id.
992 1595 1025 1625 in
1048 1595 1154 1628 Justi-

452 1653 532 1674 num
550 1644 750 1684 reciperem.
774 1645 873 1676 Rern.

494 1694 567 1724 Non
579 1694 680 1725 minus
691 1695 812 1733 bellum,
824 1706 916 1736 quam
927 1696 1073 1736 gesserit,
1083 1695 1153 1736 ἐξα]

447 1744 595 1775 Videtur
624 1745 760 1776 mutilus
791 1746 842 1777 hic
874 1747 895 1777 1.
953 1747 1029 1779 Quo
1061 1748 1151 1777 enim

447 1795 598 1835 pertinet
625 1795 706 1826 illud
745 1797 753 1813 ‘
783 1805 847 1827 non
880 1796 1032 1828 minus?’
1094 1797 1151 1828 Nil

449 1849 563 1875 tamen
589 1845 741 1877 mutand.
786 1847 794 1862 ‘
820 1847 951 1877 Minus'
976 1847 1065 1878 enim
1096 1847 1150 1878 hie

446 1901 499 1927 est
528 1896 750 1936 adjectivum,
773 1908 838 1928 non
876 1898 1088 1937 adverbium,
1113 1903 1149 1929 et

447 1946 596 1977 cohaeret
626 1956 701 1977 cum
730 1958 812 1978 voce
836 1950 844 1964 ‘
864 1947 1012 1978 bellum-¹
1057 1949 1065 1965 ‘
1086 1949 1151 1979 Re-

447 2001 602 2027 staurare
642 1997 766 2028 bellum
809 2008 875 2028 non
916 1998 1049 2037 minus:
1087 2004 1153 2039 est,

449 2056 546 2088 aeque
564 2057 720 2087 magnum
739 2052 940 2078 restaurare.
965 2048 1070 2086 Schef.

492 2097 507 2136 ξ
524 2098 545 2126 9
567 2097 605 2126 In
622 2098 745 2138 Asiam]
762 2098 871 2129 Scrib.
888 2098 921 2128 in
937 2099 1025 2129 Asia.
1042 2098 1149 2129 Gron.

492 2145 574 2185 Regi
590 2146 723 2187 sedenti]
748 2147 777 2178 I.
796 2157 825 2178 e.
850 2148 970 2178 otioso.
1017 2148 1087 2179 Cic.
1108 2148 1150 2178 ad

448 2195 524 2227 Att.
542 2205 578 2226 x.
596 2199 627 2228 8.
654 2202 689 2227 ct
718 2199 768 2227 12.
794 2198 950 2236 Bongars.
996 2197 1051 2228 lta
1068 2198 1149 2228 Seu.

446 2245 510 2285 Ep.
527 2247 558 2275 8.
578 2249 606 2277 l.
635 2247 765 2277 Bernec.
811 2247 909 2278 Varr.
932 2256 956 2278 1.
982 2247 1024 2278 de
1049 2248 1088 2279 R.
1107 2248 1149 2279 R.

445 2298 476 2325 2.
498 2294 507 2311 ‘
526 2296 696 2326 Romanus
722 2296 873 2327 sedendo
901 2297 1031 2328 vineit.’
1075 2299 1148 2329 Liv.

444 2354 500 2376 rx.
518 2348 549 2376 3.
572 2347 581 2362 ⁴
599 2346 728 2377 Sedens
752 2347 875 2378 bellum
898 2348 1089 2379 conficietz’
1114 2352 1150 2380 et

447 2405 550 2427 xxxr.
567 2399 619 2429 38.
641 2397 649 2413 ‘
667 2397 848 2428 Sedentem
874 2398 1064 2429 Romanum
1089 2398 1148 2430 de-

444 2445 649 2477 bellaturum
665 2447 757 2478 credi
777 2447 936 2488 poterat.’
962 2448 1061 2480 Gran.

487 2498 562 2537 §10
587 2497 754 2538 Hispanis]
777 2499 859 2538 Leg.
889 2498 1064 2538 Hispaniis.
1088 2499 1144 2531 Fr.

486 2547 592 2585 Nunc,
620 2557 710 2587 quium
738 2548 872 2588 pridem,
902 2548 1019 2589 fuisse]
1056 2550 1145 2581 Scri-

443 2596 545 2627 bend.
571 2607 708 2637 prorsus
719 2597 848 2637 fuisset,
871 2598 961 2639 quod
979 2600 1145 2631 monuisse

442 2647 524 2678 satis
552 2652 614 2678 est.
642 2648 752 2679 Faber.
801 2649 1021 2689 Receperunt
1041 2649 1145 2691 Angli

445 2698 581 2729 merito.
609 2699 716 2730 Gra‘v.

486 2749 574 2780 CAP.
603 2759 653 2781 ιν.
682 2751 699 2791 ξ
728 2752 744 2780 1
781 2751 868 2782 Unus
897 2761 937 2782 ex
967 2750 1146 2792 comitibus]

443 2798 654 2839 Aristonem,
670 2805 897 2832 mercatorem
908 2801 1059 2840 Tyrium,
1076 2813 1146 2841 προ-

441 2847 534 2888 φάσει
548 2850 604 2886 τῆς
620 2849 763 2890 ἐμπορίας
785 2850 921 2882 missum
938 2851 1056 2882 scribit
1074 2851 1145 2892 Ap-

443 2898 535 2939 pian.
552 2908 586 2940 p.
601 2902 655 2932 90.
680 2910 779 2942 quem
796 2901 862 2941 leg.
879 2905 915 2932 et
930 2901 1002 2932 Liv.
1017 2909 1144 2933 xxxw.

927 334 1069 365 NOTAE
1105 335 1369 367 VARIORUM
1405 337 1455 368 IN

1218 434 1272 463 60.
1296 432 1451 473 Bongars.
1496 433 1573 465 Hoc
1591 433 1663 474 ipso
1688 436 1765 465 astu
1780 433 1919 476 Pelopi-

1219 482 1278 513 das
1304 493 1398 522 usus,
1420 483 1462 514 ad
1486 484 1686 525 Sphodriam
1712 484 1918 525 Spartanum

1216 535 1305 566 misit
1323 536 1500 576 quemdam
1520 541 1747 569 mercatorem
1764 546 1840 568 cum
1857 547 1916 578 pe-

1217 586 1315 617 cunia
1345 591 1380 618 et
1409 587 1578 619 mandatis
1609 588 1732 628 magna
1771 587 1815 619 de
1855 596 1915 619 re:

1216 636 1311 668 Plut.
1343 637 1464 677 Pelop.
1496 640 1549 669 24.
1609 638 1806 669 Prudenter
1834 647 1917 679 ergo

1216 691 1354 718 cautum
1371 693 1423 719 est
1441 688 1584 719 Honorii
1602 698 1641 719 ac
1656 688 1837 720 Theodosii
1864 698 1917 720 re·

1216 738 1358 779 scripto,
1383 739 1421 770 L.
1437 741 1469 770 4.
1505 738 1589 770 Cod.
1607 739 1648 770 de
1666 739 1854 771 Commerc.
1877 743 1914 770 et

1215 788 1322 820 Merc.
1344 789 1353 805 ‘
1371 789 1426 820 Ne
1443 793 1650 820 mercatores
1674 793 1741 820 tam
1764 789 1916 830 Imperio

1215 837 1313 869 Rom.
1331 848 1429 879 quam
1446 838 1630 869 Persarum
1653 839 1725 879 regi
1752 838 1914 879 subjecti,

1213 888 1302 919 ultra
1319 898 1358 919 ea
1373 889 1461 929 loca,
1485 889 1519 919 in
1535 888 1654 930 quibus
1671 888 1810 920 foederis
1825 893 1913 920 tem-

1212 947 1293 977 pore
1310 948 1384 969 cum
1400 944 1586 970 memorata
1602 939 1741 970 natione
1757 938 1913 980 Impera-

1210 986 1341 1018 toribus
1383 988 1555 1026 convenit,
1601 988 1767 1020 nundinas
1813 998 1912 1020 exer-

1210 1042 1332 1077 ceant;
1356 1047 1398 1069 ne
1424 1038 1497 1069 scil.
1525 1039 1625 1070 alieni
1649 1039 1743 1080 regni
1759 1044 1914 1071 scruten-

1212 1090 1266 1118 tur
1281 1087 1431 1120 arcana.’
1453 1089 1554 1121 Bern.

1254 1139 1270 1178 ς
1287 1141 1307 1169 2
1322 1138 1403 1169 Hoec
1414 1148 1482 1169 cum
1496 1139 1608 1180 relata]
1621 1140 1704 1172 Mss.
1717 1140 1772 1171 aiii
1783 1139 1912 1172 habent

1205 1189 1341 1228 perlata.
1387 1189 1479 1221 Puto
1507 1195 1689 1232 utrumque
1713 1191 1910 1231 glossatoris

1211 1248 1296 1276 esse,
1320 1240 1570 1282 legendumque
1598 1241 1800 1282 simpliciter
1834 1242 1912 1274 lata.

1209 1289 1266 1320 Sic
1290 1290 1416 1330 colligo
1439 1300 1481 1320 ex
1507 1291 1572 1322 Ms.
1601 1291 1679 1330 alio,
1703 1291 1736 1322 in
1764 1301 1831 1332 quo
1857 1295 1911 1323 est

1209 1341 1296 1380 loera,
1331 1341 1415 1372 vitio
1454 1340 1643 1381 scriptoris,
1676 1345 1715 1373 ut
1753 1346 1911 1382 apparet.

1208 1390 1318 1421 Porro
1347 1391 1413 1421 lata
1443 1396 1674 1431 exposuerunt
1712 1392 1769 1422 alii
1795 1393 1910 1432 relata,

1207 1441 1262 1472 alii
1277 1443 1411 1482 perlata,
1432 1446 1536 1483 atque
1562 1442 1640 1473 inde
1666 1442 1738 1474 haec
1765 1443 1908 1474 diversi-

1206 1497 1267 1524 tas.
1301 1492 1405 1531 Sches.
1478 1493 1487 1509 ‘
1516 1491 1675 1523 Per-lata'
1711 1501 1792 1523 sane
1833 1493 1906 1524 Cic.

1205 1543 1346 1584 ejusque
1364 1543 1511 1584 aeqnales
1528 1542 1695 1582 dicerent,
1720 1542 1840 1582 quibus
1862 1542 1912 1573 fa-

1206 1593 1466 1624 miliarissimum
1509 1594 1517 1610 ‘
1546 1592 1588 1624 ad
1619 1602 1680 1624 nos
1712 1591 1910 1633 perfertur,'

1207 1653 1281 1684 pro,
1306 1643 1402 1674 nobis
1420 1644 1614 1674 nunciatur.
1643 1643 1750 1674 Groev.

1248 1695 1263 1734 ᾧ
1283 1697 1300 1725 3
1325 1693 1378 1725 Ad
1392 1703 1484 1734 purg.
1498 1693 1564 1733 ἔξω]
1587 1693 1677 1725 Gell.
1690 1701 1756 1724 vn.
1774 1695 1805 1724 1.
1822 1694 1830 1710 ‘
1844 1693 1909 1724 Le-

1203 1749 1366 1785 gatosque
1385 1745 1524 1775 Romam
1538 1744 1715 1783 miserunt,
1727 1744 1784 1785 qui
1801 1748 1908 1775 teme-

1203 1795 1336 1825 ritatem
1354 1794 1567 1836 quorundam
1592 1793 1802 1835 popularium
1829 1803 1908 1825 sno·

1202 1855 1275 1876 rum
1300 1845 1580 1885 deprecarentur,
1607 1850 1643 1876 et
1667 1843 1768 1875 fidem
1797 1844 1908 1876 consi-

1201 1895 1349 1935 linmque
1364 1895 1534 1935 publicum
1552 1893 1804 1935 expurgarent!
1838 1895 1905 1935 Ep.

1201 1946 1242 1976 ad
1259 1946 1366 1977 Hebr.
1385 1955 1434 1977 rx.
1454 1949 1503 1976 14.
1528 1947 1690 1986 Καθαριεῖν
1701 1945 1884 1982 συνείδησιν.

1244 1996 1261 2035 ξ
1288 1998 1307 2026 4
1331 1996 1382 2026 Aa
1412 1996 1599 2026 Antiochum
1626 1995 1760 2036 legatos]
1806 1996 1905 2028 Inter

1201 2055 1283 2086 quos
1313 2050 1388 2076 erat
1411 2046 1451 2076 P.
1468 2046 1596 2085 Scipio,
1622 2046 1680 2086 qui
1697 2046 1902 2077 Annibalem

1201 2096 1388 2127 devicerat.
1443 2097 1577 2127 Praeter
1604 2097 1677 2128 Liv.
1706 2105 1822 2128 xxxv.
1852 2100 1905 2130 1⁴.

1201 2150 1236 2176 et
1256 2145 1402 2186 Appian.
1421 2155 1453 2185 p.
1470 2149 1523 2176 91.
1541 2150 1577 2176 et
1597 2149 1650 2177 92.
1672 2146 1741 2177 vid.
1760 2147 1903 2179 Lucian.

1201 2195 1233 2225 in
1252 2195 1403 2236 Dialogis
1419 2197 1586 2236 Νεκρικοΐς,
1610 2201 1644 2227 et
1668 2197 1761 2228 Plut.
1779 2197 1811 2227 in
1828 2197 1904 2228 Fla-

1202 2246 1327 2276 minino
1345 2246 1406 2277 sub
1424 2245 1537 2277 finem.
1583 2246 1770 2277 Consilium
1787 2251 1902 2278 autem

1203 2296 1390 2335 legatorum
1421 2297 1574 2337 explicat
1603 2301 1638 2327 et
1664 2297 1848 2329 Frontinus
1876 2306 1903 2330 1.

1200 2349 1230 2377 8.
1247 2349 1278 2377 7.
1303 2346 1409 2386 Bong.

1243 2397 1260 2437 ἕ
1276 2400 1294 2427 5
1323 2397 1400 2428 Cum
1419 2396 1534 2436 Ephesi
1550 2396 1758 2428 convenissent
1780 2398 1820 2428 ad
1835 2397 1902 2429 An-

1200 2445 1348 2487 tiochum]
1373 2447 1480 2477 Scrib.
1497 2457 1582 2478 conv.
1597 2448 1674 2478 Ant.
1693 2448 1902 2481 Freinshem.

1202 2496 1352 2536 Legend.
1370 2501 1452 2537 puto
1466 2506 1540 2528 cum
1557 2497 1711 2529 Freinsh.
1723 2507 1810 2529 conv.
1824 2498 1901 2530 Aut.

1201 2546 1351 2578 Additur
1373 2556 1453 2578 sane
1482 2547 1678 2587 praepositio
1695 2552 1730 2579 et
1751 2548 1900 2580 nomini:

1200 2597 1259 2629 sed
1277 2607 1317 2629 ea
1341 2597 1414 2629 fere
1430 2608 1505 2639 qnae
1521 2603 1557 2629 et
1580 2598 1612 2628 in
1628 2597 1732 2630 verbo
1748 2598 1901 2630 contine-

1200 2654 1265 2678 tur.
1296 2648 1400 2679 Vorst.
1445 2648 1598 2680 Freinsh.
1624 2648 1708 2679 illud
1732 2651 1772 2680 ad
1799 2654 1900 2690 putat

1197 2698 1334 2730 dclend.
1381 2699 1509 2730 Contra
1523 2704 1662 2730 servant
1685 2699 1718 2730 id
1734 2700 1812 2731 libri
1830 2710 1900 2732 om-

1196 2759 1255 2781 nes
1272 2750 1381 2788 Mss.;
1405 2754 1440 2780 at
1463 2759 1524 2790 pro
1554 2750 1666 2790 Ephesi
1687 2751 1824 2791 quidam
1840 2751 1899 2782 ha-

1196 2800 1279 2831 bent
1308 2800 1486 2840 Ephesium.
1540 2799 1642 2831 Unde
1669 2800 1836 2840 adducor,
1860 2805 1898 2832 ut

1195 2850 1398 2890 scripturam
1416 2859 1529 2880 veram
1547 2854 1684 2890 putem:
1709 2860 1777 2881 cum
1794 2850 1898 2891 Ephe-

1194 2910 1261 2932 sum
1277 2900 1429 2933 venissent
1445 2902 1484 2932 ad
1501 2901 1577 2933 Ant.
1623 2901 1748 2933 Literae
1768 2901 1895 2933 ultimae
