2101 3419
433 373 520 414 992

433 479 520 515 erat,
534 474 584 506 his
603 474 731 506 artibus
754 472 861 504 futuri
885 471 988 503 duces
1008 471 1138 503 imbue·

434 527 581 558 bantur:
606 530 741 557 certare
761 534 837 556 cum
863 522 1041 563 fugacibus
1056 521 1137 553 feris

433 586 550 615 cursu,
577 585 655 608 cum
685 573 869 606 audacibus
895 572 1032 613 robore,
1060 581 1137 603 cum

433 625 565 657 callidis
594 624 693 665 astu‚'
725 626 789 656 διο.
834 621 997 654 Addendi
1033 622 1136 653 Plato

432 686 499 708 non
516 685 583 707 uno
609 676 696 716 loco,
715 673 890 716 praecipue
905 682 972 704 vn.
992 672 1035 703 de
1051 673 1135 714 Leg.

434 727 580 759 Aristot.
604 726 709 759 Polit.
731 735 757 758 1.
780 729 811 756 5.
855 723 1033 755 Plutarchi
1058 724 1136 754 Ser-

434 779 542 809 torius
571 781 623 809 19.
656 778 783 818 Veget.
816 785 842 807 1.
873 777 904 806 7.
956 774 1134 815 Chrysost.

434 829 536 860 Orat.
550 838 607 859 111.
619 828 662 859 de
675 828 807 868 Regno,
822 826 884 857 sub
897 824 1012 857 finem.
1058 824 1136 856 Pol-

431 880 491 910 lux
508 878 614 911 Praef.
630 878 689 910 lib.
706 887 740 909 v.
762 878 863 908 Bern.

481 929 619 961 Virtutis
643 927 847 969 patientiam]
880 927 973 958 Mira
995 925 1136 966 locutio,

432 979 566 1011 etiamsi
579 980 726 1010 virtutem
743 988 804 1019 pro
829 976 1034 1008 fortitudine
1047 975 1136 1007 aeci·

432 1030 518 1071 pias.
561 1029 616 1061 An
632 1030 721 1060 enim
734 1028 803 1069 pati
821 1028 967 1059 virtutem
978 1031 1072 1058 recte
1089 1026 1136 1057 di-

432 1080 562 1111 cimur?
585 1080 677 1120 Ergo
693 1087 878 1117 vereor,ne
893 1087 935 1108 ex
949 1077 1058 1117 glossa
1070 1076 1135 1106 hoc

432 1130 562 1162 virtutis
584 1129 763 1170 irrepserit
783 1128 816 1158 iu
840 1131 985 1158 textum.
1006 1125 1114 1164 Schef.

476 1182 563 1213 CAP.
574 1190 631 1212 ιιι.
647 1181 664 1221 §
689 1183 708 1211 2
733 1180 842 1218 Itaque
856 1177 1005 1218 Scythas]
1019 1176 1135 1208 Strab.

431 1241 500 1263 vn.
536 1231 591 1262 Id.
610 1239 634 1262 1.
661 1235 698 1261 et
719 1239 760 1261 ιι.
775 1227 882 1259 refert
897 1226 1136 1257 Mithridatem

430 1281 519 1312 hunc
548 1281 710 1312 barbaros
741 1278 785 1310 ad
815 1276 1014 1308 Maeotidem
1043 1275 1137 1315 palu-

430 1331 522 1371 dem,
539 1336 574 1362 et
588 1330 666 1361 iude
677 1328 822 1360 Colchos
838 1336 942 1368 usque
959 1325 1137 1357 devicisse.

432 1382 512 1413 vid.
536 1379 731 1412 Memnonis
749 1380 937 1418 Excerpta.
966 1377 1072 1415 Bong.

474 1430 666 1472 Sopyriona]
687 1431 744 1462 De
755 1439 819 1470 quo
835 1437 903 1459 Χιι.
916 1430 948 1459 2.
967 1430 1018 1459 16.
1035 1428 1135 1458 Bern.

473 1481 672 1523 Philippum]
704 1480 834 1512 Auctor
865 1479 939 1519 ipse
966 1478 1031 1509 sibi
1057 1488 1137 1509 con-

431 1533 555 1564 trarius
571 1542 646 1564 esse
664 1532 799 1562 videtur
816 1539 866 1561 tx.
887 1533 920 1561 2.
947 1532 999 1561 14.
1037 1530 1135 1561 Idem.

431 1584 574 1615 Rectius
591 1583 645 1614 hic
662 1583 704 1614 de
726 1582 836 1613 Dario
862 1579 1046 1621 Hystaspis
1062 1580 1136 1611 dix-

429 1635 534 1666 isset:
558 1634 648 1665 huuc
666 1634 756 1665 enim
784 1642 803 1663 a
824 1631 962 1672 Scythis
979 1630 1135 1671 fugatum

429 1690 579 1717 constat.
625 1684 673 1716 At
703 1684 746 1715 de
763 1684 925 1724 Philippo
948 1683 1022 1722 ipse
1044 1680 1134 1713 Auc-

430 1740 485 1767 tor
511 1745 563 1767 lx.
587 1739 619 1767 2.
652 1739 705 1767 14.
730 1735 821 1765 aliud
840 1733 1004 1774 prodidit.
1031 1732 1135 1763 Vorst.

430 1786 516 1817 Mihi
553 1787 601 1817 nil
628 1785 781 1817 mutand.
817 1784 964 1816 videtur.
1010 1782 1135 1823 Liquet

428 1837 518 1867 cnim
545 1846 586 1867 ex
611 1837 764 1867 oratione
785 1834 1011 1873 Mithridatis,
1034 1844 1133 1876 quam

429 1887 538 1928 ipsius
552 1888 655 1927 Trogi
682 1886 795 1917 verbis
818 1885 946 1916 Noster
971 1884 1085 1916 adfert
1100 1884 1132 1915 in

429 1937 666 1978 sequentibus,
696 1935 812 1974 fuisse,
840 1935 897 1976 qui
921 1940 957 1965 et
988 1935 1132 1965 Darium

428 1986 582 2027 fugatum
601 1996 620 2017 a
634 1986 770 2026 Scythis
784 1985 985 2016 scriberent.
1015 1985 1134 2016 Verba

428 2037 521 2067 clara
532 2041 610 2068 sunt
622 2045 783 2067 xxxviii.
798 2039 830 2068 7.
848 2036 1038 2075 ‘Scythiam
1051 2036 1133 2067 duos

429 2095 577 2126 unquam
606 2091 687 2117 ante
716 2095 752 2116 se
775 2095 871 2126 reges
900 2095 967 2115 non
997 2094 1133 2126 pacare,

427 2136 487 2167 sed
506 2140 637 2167 tantum
655 2135 782 2166 intrare
800 2145 912 2174 ausos,
934 2135 1076 2166 Darium
1097 2140 1134 2166 et

429 2186 642 2226 Philippum,
665 2195 757 2224 aegre
773 2185 853 2216 inde
867 2184 980 2226 fugam
997 2185 1061 2216 sibi
1077 2195 1134 2217 ex-

430 2235 593 2277 pedisse?
614 2235 721 2274 Schef.

473 2288 491 2327 ς
513 2288 534 2317 4
559 2285 685 2326 Regno]
707 2286 802 2318 Junt.
822 2295 841 2317 α
857 2295 886 2316 r.
911 2286 951 2317 F.
970 2295 986 2317 e
1009 2295 1038 2318 r.
1062 2285 1132 2318 Sed

429 2336 513 2368 nihil
531 2342 636 2369 muto.
662 2338 770 2368 Groev.

471 2388 490 2428 ς
513 2390 532 2418 7
562 2387 694 2427 Veneno,
707 2387 776 2427 tra]
801 2385 899 2418 Oros.
913 2395 963 2418 vt.
980 2389 1012 2417 5.
1024 2385 1033 2403 ‘
1047 2386 1131 2418 Cum

428 2447 640 2479 unaquaeque
656 2439 777 2469 civitas
794 2437 898 2468 tantis
911 2437 1131 2468 concursibus

428 2489 705 2530 periclitaretur.'
721 2490 809 2520 Saxo
821 2498 856 2519 v.
868 2497 900 2528 p.
911 2491 964 2518 73.
976 2490 1028 2519 37.
1041 2488 1050 2505 ‘
1059 2487 1132 2519 Aut

428 2539 518 2570 enim
542 2539 689 2570 levanda
712 2539 849 2577 esuries,
865 2542 923 2569 aut
939 2536 1027 2568 fame
1045 2538 1132 2578 peri·

427 2590 615 2622 elitandum
646 2589 754 2621 erat:'
790 2599 825 2629 p.
852 2591 906 2619 88.
933 2591 986 2619 38.
1011 2588 1130 2619 ‘Huni

426 2642 550 2682 passim
571 2641 686 2673 inedia
705 2640 894 2682 periclitari
916 2640 1129 2680 coeperunt:’

427 2701 509 2723 vm.
532 2702 564 2732 p.
581 2695 654 2723 16³.
677 2694 731 2724 51.
754 2690 990 2723 ‘Periclitatis
1016 2691 1130 2722 inedia

429 2743 557 2774 sociis.'

420 2817 426 2821 .
471 2794 487 2832 ξ
512 2796 531 2823 8
556 2793 594 2824 In
609 2792 762 2833 auctores]
787 2792 964 2826 Quomodo
979 2793 1012 2823 in
1027 2794 1130 2823 ancto-

427 2853 488 2881 res,
519 2853 594 2874 cum
622 2843 663 2874 de
688 2843 789 2874 unica
813 2843 1029 2882 praecesserit
1047 2844 1131 2874 Lao-

427 2893 528 2924 dice?
555 2899 638 2934 puto
663 2894 767 2933 igitur
786 2894 820 2924 iu
840 2897 965 2924 auctore
981 2893 1130 2925 scriben-

428 2943 519 2983 dum,
552 2943 615 2974 nisi
640 2944 736 2975 malis
763 2944 796 2975 in
819 2947 942 2976 auctore
964 2943 1038 2983 ejus.
1085 2943 1130 2975 Et

893 378 1036 408 NOTAE
1071 377 1336 423 VARIORUM
1372 377 1423 407 ΙΝ

1188 475 1303 511 potest
1317 469 1403 511 fieri,
1419 473 1457 501 ut
1473 479 1515 501 ex
1531 473 1655 501 auctore
1669 469 1890 510 ejusjunctim

1187 522 1328 563 scripto,
1342 526 1380 553 ut
1404 531 1495 562 saepe
1522 521 1610 552 solet
1633 521 1666 552 in
1691 521 1788 551 libris
1805 525 1892 552 vett.

1186 571 1391 604 formaretur
1407 572 1488 603 illud
1498 576 1649 603 auctores.
1672 571 1788 603 Schef.

1230 623 1316 654 CAP.
1334 633 1385 655 1v.
1409 625 1427 665 ξ
1445 627 1462 654 l
1488 624 1603 654 Hieme
1623 621 1749 662 deinde]
1774 621 1890 653 Etiam

1185 673 1333 705 hibernis
1362 674 1480 706 diebus
1506 673 1717 705 exercendos
1747 673 1891 713 milites,

1186 733 1229 755 ne
1253 724 1443 756 intermissa
1468 723 1681 756 consuetudo
1702 727 1739 754 et
1761 723 1890 754 animos

1186 783 1304 806 eorum
1335 775 1495 806 debilitet
1525 780 1561 807 et
1587 784 1744 815 corpora,
1772 778 1892 806 monet

1186 825 1310 865 Veget.
1327 834 1366 857 11.
1380 829 1434 857 23.
1458 827 1558 857 Bern.

1227 875 1417 915 Appetente]
1461 876 1531 907 Pro
1567 875 1748 907 imminente
1785 875 1890 916 Angli

1185 936 1258 966 app.
1302 925 1460 957 Alterum
1485 927 1604 958 horum
1627 931 1682 958 est
1703 936 1745 958 ex
1764 927 1889 967 glossa.

1187 975 1232 1006 Et
1248 976 1327 1017 quia
1347 976 1430 1007 illud
1459 986 1529 1017 app.
1550 976 1699 1016 doctius,
1726 985 1824 1017 quam
1852 981 1890 1007 ut

1187 1026 1376 1058 Glossatori
1399 1027 1593 1067 conveniat,
1619 1026 1750 1058 idcirco
1771 1028 1888 1067 genui-

1185 1085 1265 1107 num
1277 1087 1351 1108 esse
1365 1086 1489 1109 censeo
1503 1077 1645 1109 Justini.
1665 1077 1740 1108 Liv.
1750 1086 1786 1108 v.
1803 1081 1812 1094 ⁸
1825 1078 1889 1108 Co-

1185 1128 1357 1160 mitiorum
1374 1129 1598 1160 consularium
1609 1128 1682 1168 jam
1698 1127 1890 1168 appetebat

1185 1179 1345 1219 tempus!
1378 1179 1484 1217 Schef.
1527 1179 1673 1210 Secutus
1711 1187 1784 1208 sum
1812 1178 1889 1208 Bri-

1185 1233 1321 1268 tannos,
1352 1229 1411 1270 qui
1446 1229 1537 1260 hanc
1573 1229 1655 1260 lect.
1679 1237 1724 1259 ex
1756 1228 1889 1259 duobus

1185 1279 1285 1311 codd.
1317 1284 1491 1311 eruerunt.
1530 1279 1630 1318 Vulg.
1648 1278 1734 1309 imm.
1772 1279 1889 1310 Graev.

1229 1329 1303 1360 Non
1325 1330 1359 1360 in
1381 1328 1608 1370 vacationibus]
1643 1329 1752 1368 Bong.
1778 1328 1891 1360 edidit

1185 1380 1379 1411 advocation.
1414 1380 1522 1412 Janus
1536 1379 1721 1411 Guillielm.
1736 1388 1762 1411 1.
1791 1380 1890 1411 Veri·

1186 1430 1284 1460 simil.
1312 1432 1364 1461 18.
1404 1439 1424 1460 a
1459 1429 1633 1460 Palmerio
1660 1438 1697 1460 se
1722 1429 1889 1461 monitum

1185 1480 1317 1521 scribit,
1332 1485 1367 1512 et
1390 1480 1570 1512 contendit
1589 1479 1739 1519 Modius,
1753 1479 1890 1511 omnino

1184 1532 1239 1563 hic
1255 1532 1391 1572 legend.
1415 1532 1565 1564 vocation.
1580 1531 1611 1563 h.
1630 1541 1661 1563 e.
1678 1531 1890 1562 invitationi-

1185 1582 1259 1623 bus,
1273 1583 1449 1622 conviviis,
1470 1582 1513 1614 de
1529 1592 1596 1624 quo
1609 1581 1800 1621 significatu
1812 1591 1889 1623 sup.

1185 1633 1227 1664 ad
1245 1642 1313 1664 xn.
1329 1636 1361 1665 6.
1383 1637 1412 1664 1.
1440 1633 1598 1664 diximus.
1641 1633 1767 1664 Verum
1795 1632 1888 1672 Lips.

1185 1684 1270 1716 Not.
1287 1687 1341 1715 90.
1362 1684 1404 1714 ad
1419 1684 1504 1715 Tac.
1521 1683 1568 1715 H.
1585 1692 1610 1714 1.
1626 1682 1801 1723 pertendit
1817 1692 1889 1714 rec·

1186 1738 1257 1765 tum
1279 1743 1352 1764 esse
1365 1733 1518 1764 mention.
1531 1738 1566 1763 et
1581 1732 1830 1773 interpretatur
1845 1731 1888 1762 de

1184 1783 1417 1814 vacationibus
1428 1782 1621 1814 militarium
1639 1791 1793 1822 operum,
1805 1791 1890 1823 quas

1184 1838 1281 1864 recte
1306 1833 1510 1874 proprieque
1536 1833 1664 1864 Noster
1687 1832 1889 1863 exercitati-

1185 1883 1307 1914 onibus
1329 1884 1382 1914 hic
1398 1883 1552 1924 opponit.
1575 1883 1802 1914 ‘vacationes
1818 1892 1889 1913 mu-

1184 1933 1319 1964 nerum’
1349 1933 1504 1974 appellat
1539 1933 1622 1965 Tac.
1651 1943 1677 1964 1·
1710 1935 1762 1964 17.
1788 1935 1822 1964 7.
1851 1937 1888 1964 et

1185 1984 1332 2016 Quintil.
1357 1993 1419 2023 pro
1445 1984 1572 2014 Milite.
1617 1983 1792 2014 ‘Militare
1823 1983 1888 2014 oti-

1185 2036 1257 2067 um'
1289 2040 1341 2066 est
1361 2035 1427 2066 eid.
1443 2036 1524 2066 Tac.
1540 2035 1586 2066 H.
1602 2044 1627 2065 1.
1643 2037 1696 2066 415.
1712 2038 1744 2065 5.
1762 2035 1803 2065 de
1820 2044 1887 2075 quo

1183 2087 1258 2117 Liv.
1274 2086 1376 2116 etiam
1393 2095 1458 2117 vn.
1470 2088 1503 2116 7.
1516 2089 1548 2116 8.
1562 2085 1792 2125 accipiendus.
1817 2085 1886 2116 Ita-

1184 2144 1250 2175 que
1264 2139 1415 2166 veterem
1432 2136 1671 2175 impressorum
1692 2135 1773 2166 lect.
1791 2144 1886 2166 revo-

1183 2194 1263 2215 care
1280 2195 1347 2215 nou
1364 2185 1532 2216 dubitavi.
1584 2185 1651 2216 Sed
1664 2185 1800 2216 omnino
1813 2195 1886 2216 rec-

1183 2238 1254 2265 tum
1276 2239 1327 2265 est
1342 2236 1534 2266 advocation.
1570 2235 1649 2266 vid.
1674 2235 1813 2266 Gruteri
1828 2245 1885 2266 uo-

1183 2287 1235 2314 tas
1249 2284 1282 2314 in
1299 2284 1534 2325 Panegyricos
1548 2294 1581 2325 p.
1598 2287 1673 2316 577.
1687 2284 1748 2317 fin.
1764 2290 1886 2327 etseq.

1182 2337 1284 2367 Bern.

1225 2386 1288 2417 Sed
1308 2385 1342 2417 in
1366 2384 1434 2425 ex.]
1470 2384 1611 2417 Uncinis
1641 2384 1787 2417 includit
1818 2386 1883 2418 Ed.

1182 2436 1295 2475 Bong.

1224 2486 1289 2517 Sed
1315 2486 1400 2517 inter
1428 2487 1596 2526 coaequales
1626 2490 1679 2518 aut
1709 2497 1796 2528 equo,
1828 2491 1884 2518 aut

1179 2547 1282 2577 cursu,
1309 2541 1362 2568 aut
1389 2537 1505 2568 viribus
1524 2539 1738 2579 contendebat]
1760 2540 1817 2571 Sic
1839 2540 1884 2571 de

1180 2588 1358 2628 Pompeio,
1375 2589 1429 2619 cui
1446 2598 1498 2619 res
1515 2593 1618 2629 gesta»
1631 2590 1748 2629 Magni
1763 2600 1884 2622 nomen

1181 2649 1359 2680 peperere,
1369 2639 1564 2670 Sallustius:
1580 2640 1589 2656 ⁴
1600 2640 1885 2681 Equitare,jacu·

1180 2690 1255 2729 lari,
1279 2699 1378 2721 cursu
1402 2699 1477 2721 cum
1502 2689 1689 2730 {equalibus
1722 2690 1883 2722 certare.'

1180 2740 1289 2771 Porro
1306 2740 1339 2770 in
1355 2738 1527 2780 praecedd.
1551 2749 1610 2770 nou
1629 2740 1662 2769 in
1676 2740 1885 2771 advocationi-

1179 2789 1247 2829 bus,
1258 2791 1310 2820 sed
1323 2790 1354 2820 in
1366 2789 1654 2828 exercitationibus,
1670 2788 1734 2820 fuit
1747 2799 1823 2820 cum
1836 2790 1884 2821 le-

1180 2840 1281 2881 gend.
1297 2840 1525 2870 existimarem
1541 2849 1600 2869 non
1616 2839 1647 2869 in
1663 2839 1884 2880 vocationibus,

1180 2900 1254 2931 qua:
1271 2894 1338 2929 est,
1356 2894 1392 2920 ut
1409 2899 1483 2930 sup.
1502 2889 1612 2929 docui,
1629 2899 1692 2919 vox
1709 2890 1882 2921 convivio-

1181 2950 1253 2972 rum
1282 2939 1478 2981 peculiaris‚
1513 2944 1549 2972 ct
1581 2940 1738 2972 convenit
1767 2940 1881 2972 insane
