2174 3424
535 379 731 412 JUSTlNI
765 379 860 409 [AB.

159 475 281 506 AEneas
297 478 425 506 statuas
439 474 473 505 in
494 473 620 514 templo
641 472 736 506 Jovis
759 481 853 503 erec-

160 531 224 563 tas,
249 535 329 566 quas
353 525 518 565 Lysippus
542 523 726 554 statuarius
750 522 853 553 Alex-

157 575 254 606 andri
268 574 378 614 fiuxit,
391 572 497 604 refert
513 571 651 603 Arrian.
668 581 694 603 1.
721 572 821 602 Bern.

201 626 219 665 ξ
237 628 275 655 14
291 624 370 655 Post
379 622 426 663 v.]
444 622 602 654 Vinceut.
615 623 728 653 iv.27.
749 621 853 652 ‘Post

158 674 243 705 lianc
256 672 348 705 vict!

199 723 306 761 Major
315 732 391 763 pars
400 721 503 762 Asiae]
524 722 560 752 Ἥ
575 720 658 752 ἐντὸς
667 720 723 752 τοῦ
736 719 853 761 Ταύρου

155 773 208 805 καὶ
223 771 394 813 Εὐφράτου.
417 772 530 803 Strab.
560 772 665 810 Bong.

201 824 218 864 ᾧ
236 826 274 854 15
291 823 418 853 Terrore
431 821 574 860 nominis,
587 820 655 861 Esca]
676 820 732 851 Sic
747 820 852 851 Dola-

157 873 246 904 bella
261 874 270 889 ‘
282 877 411 903 terrore
426 871 566 902 nominis
579 869 739 902 Romani’
753 870 853 900 solvit

156 922 379 954 Numidarum
405 921 583 952 obsidium.
627 920 708 951 Tac.
731 918 773 951 A.
801 929 851 951 ιν.

158 975 210 1004 24.
233 975 266 1004 2.
305 972 374 1003 Pro
402 971 483 1002 belli
507 971 611 1002 initiis
642 970 762 1001 ducem
793 974 853 1001 aut

155 1022 267 1053 timeri
280 1027 338 1053 aut
347 1021 472 1062 sperui,
485 1021 615 1062 prolixe
627 1021 728 1052 Grut.
738 1025 852 1051 osten-

157 1072 208 1103 dit
233 1072 276 1102 ad
301 1071 383 1103 Tac.
411 1071 504 1102 Diss.
529 1073 560 1103 8.
588 1072 715 1102 Bernec.
762 1071 850 1101 Saxo

158 1131 225 1154 vn.
249 1132 281 1162 p.
297 1124 369 1153 139.
383 1124 437 1152 40.
470 1122 479 1138 ‘
493 1122 686 1161 Regnorum
704 1121 851 1151 omnium

156 1177 267 1203 motus
283 1171 425 1202 nominis
442 1171 493 1201 sui
510 1178 639 1201 terrore
655 1170 828 1201 cohibuit.'

200 1222 287 1253 CAP.
303 1230 371 1252 vu.
418 1224 433 1252 1
459 1221 590 1259 Indicio,
605 1221 672 1261 &sc-J
697 1219 749 1250 Id.
771 1229 849 1252 mv.

156 1282 190 1313 p.
214 1274 286 1304 359.
313 1274 366 1303 39.
402 1270 524 1303 ‘Quod
552 1270 700 1301 Absalon
723 1270 852 1310 captivi

156 1321 331 1361 cujusdam
344 1320 470 1351 indicio
486 1318 671 1360 expertus!

198 1366 364 1412 Lyncistd]
386 1371 529 1401 Secutus
554 1379 669 1400 rursus
696 1379 767 1400 sum
794 1369 849 1400 ed.

156 1421 252 1453 Junt.
283 1431 358 1462 quae
390 1426 478 1451 teste
510 1420 624 1451 Graev.
657 1420 706 1450 sic
734 1420 849 1450 habet.

156 1472 268 1512 Vulgo
294 1471 405 1501 editur
430 1470 656 1510 Lyncistarum.
701 1471 756 1500 De
786 1480 851 1510 quo

156 1522 236 1563 qnid
247 1520 413 1552 sentiend.
427 1521 594 1559 videatur,
607 1519 676 1550 dixi
691 1529 784 1560 supr.
800 1528 852 1550 ΣΙ.

157 1578 189 1606 2.
205 1577 237 1606 2.
273 1574 361 1605 Vors.

200 1625 217 1664 ᾧ
241 1626 260 1654 3
288 1623 364 1654 Post
380 1622 458 1662 haec]
481 1621 594 1653 Aliter
619 1622 717 1653 Curt.
742 1631 799 1653 111.
823 1624 852 1653 1.

158 1676 210 1704 16.
231 1675 294 1704 ἃς.
319 1673 376 1714 qui
400 1677 478 1703 ante
503 1672 654 1713 praelium
677 1673 746 1703 liaec
762 1671 853 1703 facta

158 1727 333 1754 memorat.
357 1722 457 1752 Rern.

204 1771 356 1812 Gordieu]
379 1772 434 1803 lta
460 1776 545 1803 vett.
572 1781 702 1803 omnes:
740 1770 853 1802 Graeci

158 1824 292 1865 Γόρδιονε
319 1828 354 1855 et
374 1824 421 1854 ita
443 1823 464 1854 f.
486 1823 641 1854 librarius
658 1823 855 1862 scripserat,

158 1880 198 1905 ut
226 1873 287 1904 inf.
313 1873 427 1904 multis
454 1873 534 1904 locis
560 1873 730 1903 Crateron:
759 1872 814 1902 τοῦ
835 1882 852 1902 o

158 1923 267 1954 facilis
290 1927 344 1953 est
366 1922 400 1952 in
421 1932 438 1953 e
465 1922 620 1952 mutatio.
663 1921 853 1961 Stephanus

158 1978 259 2004 vocat
275 1970 432 2012 Γορδίειον.
476 1971 545 2002 Ηίο
566 1970 698 2001 initium
724 1971 853 2001 liabent

157 2033 232 2064 qnae
257 2023 298 2053 ad
324 2032 383 2053 nos
411 2026 642 2062 pervenerunt
667 2021 709 2053 Q.
742 2020 853 2051 Curtii

157 2073 368 2113 Fragmenta.
385 2071 540 2109 Bongars.
563 2070 706 2101 Videtur
718 2069 853 2101 Auctor

157 2121 331 2162 scripsisse
348 2121 510 2152 Gordium.
544 2121 592 2152 Ut
606 2121 676 2152 Liv.
690 2129 851 2151 xxxvur.

157 2175 208 2204 19.
245 2174 254 2190 ‘
270 2172 417 2203 Postero
441 2172 496 2202 die
518 2171 562 2202 ad
587 2171 753 2202 Gordium
776 2180 852 2210 per-

156 2221 282 2253 venitz’
320 2227 356 2253 et
383 2222 478 2253 Curt.
504 2231 563 2252 111.
596 2225 625 2252 1.
659 2223 668 2237 ‘
686 2221 852 2251 Gordium

157 2282 278 2303 nomen
294 2276 346 2302 est
363 2270 462 2303 urbi!
488 2272 623 2302 Gronov.
658 2271 756 2303 Junt.
774 2270 854 2300 Gor-

155 2322 267 2352 dieum.
311 2321 427 2361 steph.
449 2320 604 2361 Γορδίειον,
628 2321 701 2351 aliis
725 2319 853 2360 Γόρδιον.

156 2371 249 2403 Dein
264 2371 381 2410 jugum
401 2372 536 2411 plaustri
559 2371 672 2419 Gordii
690 2380 742 2410 ap.
760 2370 852 2401 eosd.

160 2421 266 2452 Groev.
301 2421 370 2452 Alii
396 2421 587 2458 Gurotz'eunm
616 2421 671 2451 alii
700 2422 852 2460 Gordien,

157 2470 367 2512 quodminus
391 2471 542 2512 probem.
566 2472 678 2503 Faber.
724 2470 852 2502 Omnes

156 2521 241 2552 Mss.
265 2531 346 2562 qnos
368 2522 476 2562 Boug.
499 2521 597 2560 vidit,
619 2521 747 2552 habeut
772 2522 853 2551 Gor-

155 2570 236 2604 dien.
280 2570 348 2602 Sed
378 2571 531 2611 agnoscit
558 2572 604 2603 id.
633 2572 852 2612 scriptionem

156 2630 231 2652 eam
245 2620 353 2651 minus
377 2626 470 2652 reete
488 2630 524 2651 se
546 2621 683 2652 habere.
728 2621 851 2661 Neque

157 2679 279 2701 novum
296 2675 350 2701 est
362 2680 463 2701 unum
478 2671 632 2711 idemque
648 2670 802 2700 mendum
818 2671 852 2700 in

158 2728 285 2758 omneS,
308 2724 366 2750 aut
388 2720 422 2750 in
448 2720 619 2760 plurimos,
641 2719 745 2750 libros
768 2720 851 2751 Mss.

157 2768 320 2808 irrepere.
365 2769 492 2800 Mirum
515 2769 619 2809 igitur
640 2770 728 2810 quod
746 2770 852 2809 Bong.

158 2822 195 2849 et
210 2823 346 2849 secutus
360 2828 436 2850 eum
452 2819 618 2850 Bernecc.
634 2819 682 2850 ita
701 2819 850 2850 edidere.

158 2869 221 2899 Est
236 2873 348 2899 autem
362 2869 499 2910 legend.
515 2871 580 2909 vel,
595 2875 633 2901 ut
650 2870 757 2910 Bong.
773 2879 851 2900 con-

152 2918 242 2959 jicit,
259 2918 410 2958 Gordian,
427 2929 470 2950 ex
486 2919 610 2950 Graeco
625 2918 763 2960 Γόρδιον;
787 2920 851 2958 vel,

125 2966 127 2968 ’
243 2971 363 3012 Delph.
378 2975 408 3003 et
429 2971 503 3004 Var.
520 2973 602 3004 Clas.

814 2973 933 3005 Justz'n.

893 379 966 410 xl.
998 381 1102 410 cAP.
1132 372 1172 411 7.
1514 368 1600 410 785

904 476 941 503 ut
957 473 1010 503 ed.
1028 471 1126 504 Junt.
1143 478 1231 504 teste
1255 473 1370 505 Graev.
1387 472 1501 511 habet,
1519 473 1599 503 Gor-

903 522 1017 561 dieum,
1028 532 1070 553 ex
1083 523 1207 554 Graeco
1220 522 1382 562 Γορδίειον;
1397 523 1483 563 quod
1498 523 1599 553 habet

903 572 1019 612 steph.
1044 572 1095 603 vel
1118 573 1275 613 denique,
1299 577 1337 603 ut
1357 572 1491 613 quidam
1508 572 1598 613 typis

903 624 1054 663 expressi
1070 623 1206 662 habent,
1223 628 1258 654 et
1275 632 1362 653 nunc
1380 632 1440 653 nos
1454 623 1598 662 edimus,

904 673 1067 704 Gordium.
1095 673 1194 704 Vors.

948 725 1026 760 Quae
1045 726 1147 765 posita
1168 728 1213 755 est
1235 724 1317 754 iuter
1335 724 1511 764 Phrygiam
1525 724 1600 754 Ma-

893 774 995 813 jorem
1006 778 1036 804 et
1047 774 1218 814 Minorem]
1244 774 1386 805 Falsum.
1420 774 1498 804 Non
1511 774 1599 804 enim

902 825 990 856 inter
1003 825 1187 865 Phrygiam
1199 825 1364 865 Majorem
1381 829 1416 855 et
1429 824 1599 854 Minorem

901 875 965 905 sita
972 875 1052 906 urbs
1063 874 1239 913 Gordium,
1250 874 1307 904 sed
1319 874 1599 914 interPhrygiam

902 925 1067 965 Majorem
1093 929 1130 955 et
1155 924 1420 964 Cappadociam.
1456 923 1600 963 Stepha-

902 985 981 1006 nus:
1006 973 1152 1014 Γορδίειον
1172 974 1259 1005 πόλις
1280 975 1337 1011 τῆς
1359 973 1498 1012 μεγάλης
1524 977 1599 1013 Φρυ-

900 1024 982 1064 γίας,
1004 1024 1078 1065 πρὸς
1101 1026 1142 1066 τῇ
1166 1024 1377 1066 Καππαδοκίᾳ,
1402 1023 1462 1055 ἀπὸ
1478 1023 1598 1064 Γορδίου

900 1075 956 1105 τοῦ
970 1074 1082 1114 πατρὸς
1097 1074 1203 1106 Μίδου.
1227 1074 1298 1105 Alii
1316 1080 1426 1105 tamen
1443 1074 1598 1105 similiter

900 1125 933 1156 in
950 1125 1101 1166 Phrygia
1115 1125 1248 1156 Minore
1264 1124 1306 1155 ad
1321 1124 1520 1164 Sangarium
1538 1133 1598 1164 po-

900 1180 995 1206 nunt.
1027 1175 1093 1206 Sed
1110 1176 1238 1216 inepte.
1273 1175 1598 1214 Ineptiuntquoque

900 1224 962 1262 illi,
977 1225 1032 1264 qui
1047 1224 1147 1255 eand.
1165 1234 1204 1255 ac
1218 1224 1341 1255 Sardes
1356 1223 1495 1255 faciunt.
1534 1223 1598 1254 Ce-

900 1274 1002 1304 laenas
1027 1274 1114 1304 enim
1138 1273 1333 1305 Alexander
1354 1273 1426 1313 jam
1447 1277 1598 1313 ceperat.

900 1323 1023 1364 Neque
1051 1323 1228 1365 quisquam
1259 1323 1408 1364 prodidit
1439 1333 1513 1354 eum
1545 1333 1598 1354 re-

901 1384 1051 1415 gressum
1074 1375 1108 1405 in
1133 1375 1317 1416 Phrygiam
1343 1374 1597 1414 Hellespontia-

901 1435 986 1457 cam.
1015 1426 1100 1457 Voss.

942 1476 959 1515 ξ
981 1477 1000 1505 4
1028 1476 1100 1506 Non
1116 1479 1179 1506 tam
1192 1479 1319 1516 propter
1331 1475 1483 1515 proedom]
1507 1474 1597 1505 Illud

901 1529 977 1562 tam,
991 1526 1078 1565 quod
1096 1526 1186 1565 prius
1200 1526 1343 1566 positum
1357 1531 1418 1565 est,
1430 1526 1509 1556 satis
1522 1535 1600 1566 pro-

902 1574 959 1604 bat
985 1575 1050 1612 legi
1077 1575 1203 1606 debere
1229 1585 1318 1615 quam
1344 1576 1434 1615 quod,
1459 1584 1521 1615 pro
1546 1584 1576 1605 se

900 1625 988 1664 quod.
1013 1625 1134 1656 Faber.
1564 1638 1572 1651 :

941 1675 1060 1713 dagam
1077 1675 1207 1715 Gordii]
1231 1676 1349 1707 Malim
1367 1676 1456 1717 qnod
1474 1677 1507 1707 in
1525 1677 1597 1717 qui-

900 1724 998 1754 busd.
1028 1724 1198 1764 impressis
1231 1730 1285 1756 est
1314 1727 1430 1766 jugum
1465 1728 1599 1767 plaustri

905 1774 1030 1813 Gordii,
1045 1774 1133 1805 sicut
1149 1776 1250 1806 etiam
1266 1775 1325 1807 inf.
1341 1786 1373 1806 n.
1391 1780 1442 1808 15.
1465 1777 1562 1808 Rern.

942 1824 1062 1861 Jugum
1074 1825 1207 1863 plaustri
1222 1825 1349 1865 Gordii]
1368 1825 1422 1856 Ita
1434 1826 1600 1866 antiquio-

901 1882 954 1902 res
979 1873 1068 1912 typis
1090 1874 1254 1913 expressi,
1276 1875 1373 1906 Junt.
1401 1880 1484 1915 puta
1511 1881 1599 1907 teste

902 1922 1050 1960 Graevio,
1060 1923 1232 1962 Beclmrii,
1244 1924 1397 1963 Majoris.
1421 1925 1466 1955 Et
1477 1925 1599 1956 mirum

901 1972 1008 2012 Boug.
1023 1971 1060 2001 τὸ
1072 1973 1208 2013 plaustri
1223 1973 1438 2013 expunxisse,
1454 1983 1598 2015 eumque

902 2022 983 2052 alios
1011 2031 1084 2053 esse
1109 2027 1254 2054 secutos.
1299 2023 1403 2054 Certe
1421 2033 1474 2055 xr.
1496 2026 1527 2055 7.
1546 2028 1597 2055 15.

901 2071 1028 2102 diserte
1043 2073 1167 2112 legitur
1189 2073 1328 2113 ‘jugum
1342 2074 1505 2114 plaustri!
1533 2073 1598 2104 Ar·

902 2121 985 2152 rian.
1001 2131 1133 2161 quoque
1150 2131 1192 2152 11.
1220 2122 1347 2161 scribit,
1366 2122 1598 2153 Alexandrum

902 2171 1018 2201 videre
1032 2172 1177 2202 voluisse
1191 2171 1249 2209 τὴν
1264 2170 1382 2211 ἅμαξαν
1395 2173 1450 2203 τοῦ
1466 2172 1598 2213 Γορδίου,

902 2220 952 2251 καὶ
974 2221 1030 2251 τοῦ
1057 2220 1154 2261 ζυγοῦ
1177 2223 1235 2259 τῆς
1259 2221 1374 2261 ἁμάξης
1396 2223 1449 2254 τὸν
1475 2223 1596 2262 δεσμόν.

908 2271 997 2301 Vors.

944 2321 1001 2360 §6
1029 2321 1147 2352 Vicinoe
1175 2321 1275 2362 urbis]
1307 2322 1456 2354 Omnino
1486 2322 1598 2353 scribo

906 2370 1090 2409 Telmisinoe,
1120 2381 1186 2402 uon
1215 2372 1337 2402 vicinoe.
1383 2372 1478 2402 Nihil
1508 2373 1596 2402 enim

902 2420 1010 2450 minus
1041 2430 1140 2461 quam
1171 2421 1283 2452 vicina
1317 2420 1382 2452 fuit
1415 2422 1487 2452 haec
1519 2422 1596 2452 urbs

903 2469 1073 2509 Pin-ygiae.
1119 2470 1347 2502 Telmiseuses
1363 2477 1476 2502 antem
1492 2471 1596 2502 fuisse

902 2519 1015 2559 σοφοὺς
1044 2520 1083 2551 τὰ
1110 2522 1176 2551 θεῖα
1203 2521 1254 2552 καὶ
1281 2522 1340 2559 τὴν
1364 2522 1598 2558 οἰωνοσκοπικὴν

902 2570 1084 2611 ἐξηγεῖσθαι,
1107 2581 1170 2602 nec
1193 2571 1291 2602 bardi
1314 2577 1350 2603 et
1367 2572 1595 2603 bambaiiones

900 2620 1069 2660 ignorant.
1113 2621 1300 2652 Confirmat
1322 2622 1408 2652 hanc
1424 2622 1597 2662 conjectu-

901 2680 969 2701 ram
985 2670 1121 2702 Arrian.
1139 2680 1180 2702 11.
1202 2681 1300 2710 quem
1316 2672 1465 2702 consule.
1509 2670 1596 2701 Abit

900 2721 957 2751 ille
975 2721 1160 2760 paullulum
1176 2720 1218 2751 ab
1235 2721 1371 2752 Justino
1393 2721 1425 2751 in
1443 2721 1503 2750 liae
1520 2730 1595 2750 nar-

901 2772 1044 2801 ratione.
1087 2770 1153 2800 Sed
1178 2780 1243 2800 non
1267 2780 1401 2810 possum
1424 2771 1595 2808 omittere,

901 2819 980 2859 quid
995 2820 1036 2849 sit
1048 2820 1136 2860 quod
1151 2820 1292 2850 maxime
1306 2820 1359 2850 hic
1371 2820 1484 2850 mirer.
1510 2820 1595 2851 Cum

900 2870 988 2899 enim
1012 2879 1102 2908 supr.
1126 2869 1264 2908 dixerit,
1287 2874 1324 2900 et
1346 2879 1405 2900 nos
1428 2870 1528 2900 etiam
1553 2880 1595 2900 ex

900 2920 972 2951 aliis
988 2919 1244 2960 ostenderimus,
1257 2916 1387 2951 Midam
1399 2929 1475 2951 cum
1488 2919 1594 2961 Phry-

1432 2975 1450 3002 3
1475 2973 1508 3003 D
