2174 3424
445 327 530 369 '796

448 433 550 464 Bern.

491 484 627 514 Mortem
640 479 881 521 illacrymatnm]
906 479 975 510 Alii
991 482 1144 510 constru-

447 537 508 564 unt
523 542 597 563 cum
614 541 693 563 casu
708 531 823 571 tertio,
838 530 1020 570 dicuntque
1036 531 1045 547 ‘
1059 539 1143 560 mor-

447 583 473 614 ti
490 580 726 622 illacrymare!
771 579 869 611 Unde
886 580 1050 610 Bernecc.
1066 588 1144 609 con-

439 633 520 674 jicit
536 637 571 664 et
586 632 640 663 hic
653 631 679 663 f.
695 631 821 662 rectius
838 631 885 661 ita
908 630 987 670 legi.
1033 628 1142 660 Nobis

447 683 530 714 nihil
546 682 694 714 mutand.
718 682 871 719 videtur3
895 685 947 711 est
963 680 1048 711 enim
1066 689 1143 710 con-

447 734 590 765 structio
619 732 714 764 facta
746 733 777 763 vi
808 731 1069 772 praepositionis,
1099 740 1142 761 ex

447 793 512 825 qua
528 783 668 814 verbum
684 786 735 813 est
751 781 985 822 compositum,
1000 789 1142 821 quaeque

449 843 563 865 casum
586 837 738 875 quartum
764 831 924 873 requirit:
950 831 1143 870 diciturque

443 885 640 925 illacrymare
664 887 803 923 mortem,
830 893 904 923 pro,
928 882 1143 922 illacrymare

447 934 482 965 in
511 938 666 965 mortem.
719 932 786 964 Inf.
816 942 867 963 xr.
900 935 952 963 15.
983 935 1014 963 4.
1046 931 1142 971 dicit,

446 986 455 1001 ‘
473 988 616 1015 mortem
632 983 790 1024 lacrymis
804 982 990 1023 prosequi?
1018 983 1092 1013 Vor.

492 1034 706 1064 Humanitatis
719 1033 823 1072 causa]
847 1033 930 1064 Jure
953 1033 1009 1068 τῆς
1035 1037 1143 1070 φιλαν-

447 1082 574 1124 θρωπίας
599 1088 635 1115 et
658 1093 719 1124 pro
742 1082 991 1114 necessitudine
1008 1083 1063 1112 illa
1089 1092 1142 1112 so-

448 1135 654 1175 cietateque‚
669 1143 742 1175 quae
765 1133 854 1164 inter
874 1132 1023 1163 homines
1039 1132 1141 1162 inter·

447 1184 554 1216 cedit.
584 1185 593 1201 ‘
610 1184 801 1215 Communis
827 1183 1043 1213 humanitatis
1064 1181 1141 1224 jus’

448 1234 603 1266 Ciceroni
641 1234 764 1264 dicitur
796 1243 856 1273 pro
886 1233 980 1263 Flac.
1012 1235 1062 1263 11.
1090 1241 1140 1271 pr.

448 1287 456 1302 ‘
475 1284 704 1316 Humanitatis
720 1283 891 1323 negotium
909 1281 1045 1321 gerere'
1062 1281 1142 1312 dici-

448 1340 516 1373 tur,
533 1334 587 1375 qui
604 1332 748 1364 cadaver
771 1332 911 1371 sepelit:
937 1332 974 1361 L.
994 1333 1044 1361 14.
1062 1331 1091 1363 ἐ.
1109 1333 1141 1361 7.

447 1385 493 1417 D.
509 1384 550 1415 de
568 1382 728 1423 Religios.
755 1382 834 1422 quia
856 1381 1012 1411 memoria
1029 1380 1142 1410 huma-

447 1444 499 1465 nae
517 1432 717 1465 conditionis
734 1431 768 1461 id
784 1430 877 1462 facit.
904 1430 944 1460 L.
959 1433 1011 1461 27.
1036 1431 1082 1460 D.
1100 1429 1142 1460 de

447 1483 583 1515 Condit.
600 1483 704 1513 instit.
728 1481 813 1512 Inde
830 1480 1029 1513 Quintilian.
1046 1479 1142 1510 Decl.

449 1543 500 1564 vr.
535 1532 686 1573 corporis
730 1531 875 1571 projecti
921 1531 929 1547 ‘
963 1528 1141 1567 Cadaver‚’

446 1583 568 1624 inquit,
584 1583 592 1598 ‘
605 1582 647 1613 ab
658 1582 790 1612 incursu
805 1580 914 1611 avium
927 1578 1142 1618 ferarumque

446 1638 578 1664 tantum
594 1631 823 1662 miserantium
843 1639 968 1661 corona
983 1629 1141 1659 custodit.

447 1683 686 1714 Convenerunt
702 1681 802 1712 etiam
820 1680 920 1711 alieni
937 1680 1143 1720 comploran-

449 1738 520 1764 tes:
557 1737 648 1763 totus
675 1732 708 1762 in
734 1731 963 1772 spectaculum
997 1730 1141 1770 populus

447 1782 572 1814 effusus
585 1787 650 1821 est,
667 1787 702 1813 et
728 1782 842 1821 ignoto
860 1790 991 1822 quoque
1008 1779 1141 1820 corpori

444 1833 583 1874 publica
598 1832 788 1863 humanitas
805 1831 898 1871 quasi
917 1830 1075 1870 quasdam
1093 1828 1141 1859 fe-

447 1885 496 1916 cit
508 1877 693 1925 exequias?
735 1883 815 1913 vid.
831 1886 866 1913 et
879 1883 953 1912 Seu.
975 1879 1094 1911 Bencf.
1111 1889 1140 1911 v.

448 1937 501 1966 20.
519 1945 562 1965 m.
586 1935 741 1965 Lactant.
764 1933 849 1963 lust.
878 1941 925 1962 vi.
945 1934 995 1962 12.
1043 1930 1140 1960 Hanc

447 1984 690 2016 humanitatem
708 1988 744 2013 ut
762 1986 916 2012 auctores
943 1981 998 2010 alii
1023 1982 1031 1996 ‘
1045 1980 1140 2009 mise-

447 2034 672 2066 ricordiae'ac
698 2034 706 2050 ‘
723 2031 883 2073 pietatis,’
910 2032 956 2062 ita
983 2029 1141 2070 Capitoli-

448 2095 510 2116 nus
527 2086 559 2115 in
574 2085 623 2116 M.
640 2082 811 2114 Antonino
838 2081 1040 2120 l'liilosoplio
1064 2088 1139 2118 cap.

451 2138 501 2167 13.
521 2136 531 2152 ‘
546 2134 752 2165 clementiae’
776 2132 940 2163 vocabulo
963 2130 1138 2169 designat:

446 2187 455 2203 ‘
483 2186 661 2225 Tantaque
689 2184 870 2215 clementia
899 2181 989 2220 fuit,’
1021 2180 1141 2221 inquit,

448 2238 457 2254 ⁴
475 2240 511 2267 ut
526 2240 560 2266 et
576 2239 711 2274 sumptu
730 2233 863 2273 publico
881 2231 1031 2272 vulgaria
1047 2229 1142 2261 fune-

450 2285 637 2326 rajuberet
653 2282 788 2314 efferri.’
811 2283 908 2312 Bern-

493 2339 510 2378 ς
525 2339 544 2367 7
569 2335 725 2374 Piliusque
740 2333 803 2371 ‹jiis
815 2331 973 2373 parvulas]
991 2331 1055 2364 Qui
1069 2341 1141 2371 par-

449 2388 527 2418 culae
556 2388 738 2426 potuerant
763 2383 842 2422 dici,
867 2393 941 2413 cum
967 2381 1140 2412 ‘adultas'

448 2436 538 2467 dicat
568 2435 718 2471 Curtius,
744 2433 946 2464 Plutarchus
976 2430 1142 2470 θυγατέρας

448 2485 622 2526 παρθένους,
648 2493 788 2525 quarum
811 2483 1021 2520 alterutram,
1042 2492 1140 2522 quain

448 2536 601 2566 nimirum
637 2534 780 2574 eligeret
820 2533 906 2573 ipse,
944 2532 1140 2563 Alexandro

449 2587 576 2617 Darius
589 2584 723 2623 obtulit,
737 2590 773 2614 ut
789 2582 979 2614 observavit
995 2582 1142 2622 ampliss.

450 2636 500 2666 vir
525 2634 706 2666 Gisbertus
732 2633 883 2672 Cuperus
912 2631 997 2662 Obs.
1015 2640 1062 2663 iv.
1090 2635 1140 2663 10.

449 2687 576 2717 Censet
593 2685 632 2723 is,
650 2687 708 2715 aut
722 2683 894 2716 Justinum
922 2692 1060 2722 errasse,
1084 2686 1142 2713 aut

447 2737 600 2767 librarios
616 2735 789 2772 oscitasse,
801 2739 836 2764 et
848 2732 971 2763 foedam
989 2732 1141 2763 mendam

449 2788 525 2818 huic
548 2788 620 2817 loco
637 2785 855 2825 adspersisse,
869 2783 1041 2815 justinum
1062 2793 1141 2815 vero

448 2837 642 2877 scripsisse:
666 2845 733 2866 cum
748 2837 890 2874 matrem,
905 2833 1007 2875 filias,
1021 2834 1141 2876 filium-

906 335 1047 366 NOTAE
1079 335 1141 366 vA
1151 334 1298 366 RioRU
1309 335 1342 365 M

1375 335 1427 366 IN

1193 439 1248 470 que
1263 429 1326 468 ejus
1339 429 1498 470 parvulum
1515 428 1695 469 frequenter
1719 427 1888 458 consolare-

1193 482 1256 510 tur.
1302 479 1403 510 Hunc
1430 479 1565 510 Curtius
1581 478 1728 509 nondum
1753 482 1886 508 sextum

1193 528 1305 560 aetatis
1318 538 1451 567 anuum,
1467 539 1542 560 cum
1564 532 1758 568 caperetur,
1775 536 1887 567 egres-

1194 589 1266 609 sum
1282 588 1354 610 esse
1370 579 1496 616 scribit,
1522 587 1570 610 iv.
1596 581 1646 609 14.
1672 577 1771 618 eique
1788 576 1885 607 Ocho

1193 638 1314 659 nomen
1337 627 1460 659 fuisse:
1495 628 1560 658 vid.
1588 627 1623 658 in
1648 627 1794 657 laudatis
1820 626 1886 657 illis

1194 678 1294 710 Obss.
1309 679 1418 719 plura,
1435 678 1554 719 quibus
1568 678 1621 708 hic
1636 678 1726 708 locus
1743 677 1891 708 illustra-

1191 733 1258 760 tur.
1313 728 1409 759 Inter
1445 728 1509 759 alia
1546 727 1697 759 ostendit
1734 727 1887 758 Curtium

1192 778 1317 809 sentire
1334 788 1408 809 cum
1424 777 1571 817 Justino,
1593 787 1668 809 cum
1690 777 1785 808 Darii
1804 786 1890 808 uxo-

1192 838 1263 859 rem
1278 829 1382 859 visam
1406 829 1508 860 semel
1535 832 1664 859 tantum
1682 827 1723 858 ab
1739 826 1886 858 Alexan-

1192 880 1252 910 dro
1270 880 1386 919 tradit,
1399 879 1548 920 quamvis
1560 878 1594 909 in
1611 878 1677 909 alia
1693 877 1737 908 sit
1752 882 1887 908 senten-

1191 931 1240 961 tia
1253 930 1455 961 Plutarchus
1468 933 1503 960 et
1518 928 1656 969 Appion
1673 927 1888 966 Plsstonices,

1193 980 1250 1021 qui
1277 979 1413 1011 tradant
1440 989 1483 1010 ex
1509 979 1663 1019 Epistola
1687 976 1887 1017 Alexandri,

1192 1039 1363 1071 nunquam
1387 1029 1429 1059 ab
1453 1028 1649 1060 Alexandro
1664 1027 1767 1058 visam
1783 1026 1885 1057 fuisse

1192 1080 1285 1110 Darii
1310 1089 1472 1117 uxorein3
1496 1088 1571 1119 quae
1600 1077 1755 1118 Epistola
1778 1077 1806 1107 si
1832 1086 1889 1117 ge-

1192 1130 1293 1161 nuina
1306 1130 1360 1169 sit,
1372 1129 1493 1160 merito
1506 1129 1537 1160 ei
1550 1128 1662 1169 potius
1677 1123 1886 1159 credendum

1192 1190 1266 1211 esse
1283 1190 1380 1221 quam
1404 1179 1475 1210 aliis
1499 1178 1707 1217 auctoribus,
1731 1187 1812 1209 vere
1837 1177 1887 1208 ait

1192 1232 1355 1271 Cuperus.
1398 1230 1465 1261 Sed
1491 1230 1547 1260 alii
1573 1229 1643 1259 viro
1669 1236 1797 1258 summo
1819 1236 1887 1258 non

1191 1291 1326 1321 possum
1342 1279 1554 1320 adstipulari,
1571 1278 1626 1319 qui
1641 1279 1650 1294 ‘
1666 1275 1886 1319 frequentet-³

1191 1332 1246 1363 hic
1282 1332 1427 1372 positum
1464 1331 1635 1362 existimat
1667 1338 1742 1369 pro,
1769 1327 1885 1359 multis

1192 1382 1427 1422 praesentibus,
1463 1391 1540 1412 cum
1566 1381 1611 1418 τῷ
1637 1378 1646 1395 ‘
1666 1376 1886 1419 frequenter’

1191 1432 1246 1463 hic
1272 1442 1338 1463 non
1365 1435 1556 1472 opponatur
1578 1431 1587 1446 ‘
1601 1428 1710 1469 solus‚’
1726 1428 1786 1459 sed
1812 1427 1821 1445 ‘
1835 1437 1886 1459 se-

1191 1481 1279 1512 mel!
1303 1481 1410 1512 Groev.

1236 1533 1425 1573 Frequenter
1446 1529 1665 1569 consolaretur]
1688 1531 1696 1546 ‘
1713 1528 1888 1569 Frequen-

1192 1582 1269 1622 ter,'
1296 1592 1369 1622 pro,
1396 1579 1620 1622 praesentibus
1650 1579 1777 1618 multis,
1801 1587 1886 1618 prae-

1193 1638 1288 1664 sente
1314 1633 1411 1663 turba
1434 1631 1534 1671 regia.
1569 1630 1643 1661 Liv.
1670 1638 1695 1660 1.
1719 1630 1728 1646 ‘
1746 1629 1886 1660 Romam

1191 1683 1271 1714 inde
1287 1682 1486 1724 frequenter
1508 1681 1688 1721 migratum
1704 1683 1769 1719 est,
1791 1688 1810 1709 a
1825 1687 1885 1719 pa-

1192 1734 1343 1765 rentibus
1370 1733 1513 1764 maxime
1529 1741 1568 1762 ac
1590 1729 1786 1771 propinquis
1810 1739 1885 1770 rap-

1192 1787 1326 1815 tarum.’
1351 1784 1452 1814 Vorst.
1476 1782 1618 1812 Minime
1634 1781 1796 1821 gentium.
1817 1779 1886 1811 Hic

1191 1833 1432 1875 ‘frequenter'
1461 1837 1525 1870 est,
1552 1840 1656 1871 saepe,
1680 1834 1719 1860 ut
1748 1833 1885 1861 constat

1193 1896 1235 1917 ex
1264 1885 1473 1926 oppositione
1500 1883 1556 1913 τοῦ
1580 1883 1589 1899 ‘
1617 1880 1742 1912 semel.’
1784 1879 1887 1912 Semel

1191 1939 1311 1967 tantum
1328 1945 1394 1965 cam
1417 1934 1592 1965 Alea-andro
1607 1932 1715 1971 visam,
1734 1940 1802 1962 cum
1821 1941 1886 1962 ma-

1191 1990 1269 2017 trem
1285 1986 1432 2026 filiasque
1457 1984 1521 2022 ejus
1544 1983 1687 2024 parvulas
1706 1981 1885 2022 frequenter

1191 2037 1402 2067 consolaretur.
1442 2035 1555 2065 Graev.
1611 2034 1620 2049 ‘
1658 2031 1757 2073 Neq.’
1793 2032 1884 2062 idem

1191 2087 1283 2117 valet
1308 2086 1409 2127 quod,
1437 2085 1551 2116 multis
1576 2082 1815 2124 praesentibus,
1846 2086 1885 2113 ut

1191 2137 1459 2176 interpretantur
1488 2133 1580 2165 Avus
1614 2143 1687 2173 cap.
1715 2135 1768 2164 41.
1797 2132 1882 2163 Obs.

1191 2187 1223 2218 in
1241 2187 1364 2227 Script.
1392 2186 1485 2216 Eccl.
1508 2195 1541 2225 p.
1560 2187 1632 2215 147.
1650 2188 1685 2214 et
1702 2183 1883 2214 Tenuulius

1191 2237 1232 2268 ad
1250 2237 1402 2267 Frontin.
1420 2236 1523 2266 Strat.
1540 2243 1595 2265 ιιι.
1619 2236 1649 2264 9.
1676 2236 1706 2264 2.
1726 2233 1791 2272 vel,
1807 2242 1882 2263 cum

1191 2287 1321 2327 ingenti
1337 2285 1537 2327 frequentia,
1555 2283 1721 2325 quomodo
1736 2283 1884 2323 loquitur

1191 2339 1331 2369 Petron.
1347 2340 1401 2367 65.
1425 2337 1434 2352 ‘
1451 2336 1549 2366 Inter
1564 2335 1636 2365 haec
1661 2333 1798 2364 triclinii
1816 2333 1883 2363 val-

1191 2398 1247 2418 vas
1261 2388 1359 2418 lictor
1375 2385 1552 2426 percussit,
1566 2384 1774 2424 amictusque
1787 2387 1882 2414 veste

1191 2438 1268 2469 alba
1283 2447 1359 2468 cuin
1376 2436 1444 2476 ing.
1469 2434 1555 2475 freq.
1570 2434 1765 2466 comissator
1782 2433 1884 2464 intra-

1190 2487 1262 2519 vit.'
1308 2486 1360 2518 Id.
1376 2487 1476 2516 etiam
1492 2495 1558 2515 cum
1572 2484 1689 2515 modica
1700 2483 1881 2524 frequentia

1189 2538 1289 2577 dixit,
1318 2540 1369 2569 97,
1406 2538 1415 2554 ‘
1438 2536 1551 2567 Intrat
1575 2535 1742 2566 stabulum
1769 2543 1881 2575 praeco

1190 2598 1265 2619 cum
1281 2597 1377 2619 servo
1394 2586 1528 2627 publico
1550 2585 1681 2626 aliaque
1697 2593 1775 2616 sane
1792 2583 1881 2615 mod.

1189 2638 1241 2670 fr.'

1233 2691 1250 2730 ς
1274 2692 1293 2719 8
1319 2689 1508 2727 Gratamque
1532 2685 1591 2717 sibi
1616 2685 1692 2725 esse]
1727 2685 1880 2718 Quonam

1188 2741 1252 2772 ista
1270 2738 1469 2771 referenda?
1491 2748 1570 2769 num
1586 2737 1627 2768 ad
1641 2737 1793 2777 superius
1805 2737 1814 2753 ‘
1829 2745 1881 2767 ra-

1189 2791 1276 2824 tus?'
1298 2791 1345 2822 sic
1361 2800 1442 2821 sane
1471 2788 1621 2830 postulat
1647 2787 1732 2818 ratio
1755 2795 1881 2817 sermo-

1189 2843 1257 2874 nis:
1293 2847 1327 2873 at
1350 2839 1520 2873 sententia
1549 2842 1602 2870 est
1629 2838 1730 2869 nulla.
1787 2834 1879 2869 Quid
