2101 3419
705 330 756 361 IN
789 329 964 361 JUSTIN
977 330 1062 361 ΗΜ.

195 426 299 457 Frater
313 426 458 467 patruelis
470 427 522 463 vii,
533 430 565 464 6,
582 430 621 459 11
644 428 750 458 fratres
759 428 852 458 inter-

150 468 290 500 fecerunt
308 470 471 510 Philippus
493 470 558 506 viii,
573 473 604 506 3,
618 473 658 502 12
674 475 705 500 et
721 474 758 501 15
794 470 852 500 Di-

151 513 279 553 onysius
289 511 394 552 junior
408 511 469 548 xxi,
487 515 517 548 1,
533 516 553 544 6
586 513 705 543 Orodes
722 513 853 543 Parthus

152 554 216 594 xlii,
239 557 271 590 4,
296 557 317 585 4
354 554 522 585 Phrahates
548 554 612 591 xlii,
636 559 667 590 5,
693 557 710 585 1
749 555 854 585 fratres

151 597 312 637 parricidae
341 607 370 633 x,
401 600 433 637 3,
463 600 480 628 1
518 599 619 628 caedes
647 598 772 628 fratrum
799 597 853 634 vii,

194 681 338 712 Fraterna
352 682 430 712 adeo
442 681 600 712 contentio
614 681 673 710 fuit
694 681 727 719 ii,
743 683 795 718 10,
812 683 854 713 10

150 722 316 753 fraternum
332 724 445 754 bellum
461 725 544 764 (pro,
561 734 629 754 cum
645 723 752 764 fratre)
778 735 806 760 x,
821 727 853 760 2,

150 768 182 796 2.
205 776 294 802 xxxv,
311 769 342 801 1,
356 769 386 797 4.
409 766 532 802 xxxviii,
546 769 578 806 9,
590 770 606 797 l
623 766 726 797 Vorst.
749 766 855 796 frater-

150 817 200 836 nae
224 808 413 839 crudelitatis
440 809 554 838 rabiem
579 819 745 849 provocare
773 809 853 845 xxiv,

149 852 182 889 2,
197 853 218 881 6

193 892 347 923 Fraudare
372 892 484 924 milites
505 892 661 933 stipendio
687 893 728 930 vi,
752 896 785 929 2,
814 895 853 924 11

150 933 299 964 fraudatas
315 935 432 976 nuptiae
455 936 532 976 (hoc
548 941 605 975 est,
629 936 736 966 fraude
762 936 856 965 inter-

150 977 268 1017 ceptae)
282 977 358 1018 xliii,
375 981 404 1016 l,
429 981 467 1009 11
486 978 622 1008 Freinsh.
645 978 785 1008 fraudare
808 988 857 1008 so·

150 1018 214 1049 cios
239 1020 380 1060 portione
397 1021 509 1060 praedae
534 1019 599 1057 viii,
614 1024 646 1057 5,
670 1024 691 1052 6
722 1019 857 1052 fraudari

149 1062 290 1092 mercede
304 1062 368 1098 xlii,
386 1065 416 1098 1,
431 1066 451 1093 2
568 1098 571 1101 .

193 1103 402 1135 Fraudulenta
417 1105 542 1145 ingenia
555 1104 609 1144 xli,
626 1107 657 1141 3,
673 1108 693 1136 7

149 1145 290 1218 Scqus
302 1148 476 1178 concordiae
491 1147 571 1184 xxiv,
583 1150 615 1184 2,
630 1151 650 1179 2
667 1146 856 1189 (simulatio)

190 1188 264 1219 heff.

193 1230 218 1260 F
220 1241 333 1261 temere
349 1231 433 1272 (pro,
456 1231 559 1262 dicere
572 1242 642 1263 cum
663 1232 856 1263 comminati—

151 1271 228 1312 one)
239 1273 303 1309 xiii,
319 1277 350 1309 5,
366 1278 384 1304 5
401 1274 504 1305 Vorst.

192 1315 343 1346 Fremitus
358 1316 503 1347 ferventis
518 1321 609 1346 aestus
625 1317 665 1352 iv,
682 1320 714 1353 1,
729 1320 771 1348 10

194 1357 383 1398 Frequenter
397 1359 481 1400 (pro,
497 1369 567 1389 cum
583 1359 798 1399 multitudine)
814 1358 856 1400 iv,

152 1402 184 1435 3,
200 1403 221 1431 6
235 1400 339 1431 Vorst.
361 1412 412 1441 xx,
425 1404 458 1438 4,
476 1404 494 1432 8
516 1402 707 1442 frequentius
722 1403 764 1439 vi,
779 1406 811 1438 9,
826 1405 847 1433 4

195 1442 380 1484 Frequentia
390 1444 548 1474 hominum
563 1444 647 1480 xviii,
658 1449 690 1481 5,
702 1447 752 1476 11.
775 1445 856 1481 xxiv,

173 1509 318 1558 'Fretum
333 1527 470 1559 Siculum
495 1527 538 1569 iv,
554 1531 584 1565 1,
609 1531 629 1560 9
667 1528 858 1560 Gaditanum

152 1569 226 1606 xliv,
243 1574 273 1606 1,
286 1573 306 1601 2

194 1612 336 1653 Frigidus
362 1613 484 1653 spiritus
510 1614 592 1652 xxiv,
617 1617 650 1653 6,
673 1617 693 1645 9
729 1615 761 1646 in
776 1625 857 1657 aqua

154 1654 265 1695 frigida
281 1666 433 1685 venenum
448 1656 620 1686 habuerunt
634 1656 687 1696 xii,
703 1660 755 1694 14,
771 1662 792 1689 9

195 1697 369 1737 Frigoribus
384 1698 429 1728 uri
440 1698 474 1734 ii,
486 1701 517 1734 2,
533 1701 554 1729 9
575 1699 671 1739 rigere
686 1699 719 1736 ii,
735 1704 766 1736 1,
781 1704 820 1732 15

196 1740 230 1770 in
244 1740 356 1771 Fronte
371 1741 529 1771 vulnerare
542 1752 592 1780 xv,
606 1744 638 1777 3,
653 1745 693 1773 13
717 1753 736 1773 a
749 1743 856 1773 fronti-

152 1782 211 1812 bus
225 1782 308 1823 (pro,
324 1793 343 1813 a
353 1783 470 1824 fronte)
485 1784 506 1823 i,
521 1787 553 1820 6,
570 1787 608 1816 11
625 1784 728 1815 Vorst.

195 1825 365 1856 Fructuosa
379 1831 457 1855 terra
469 1826 552 1862 xviii,
567 1830 600 1863 5,
615 1830 654 1858 15

196 1867 326 1898 Fructus
339 1880 348 1898 ι
370 1869 502 1899 fructum
517 1869 593 1899 ferre
608 1870 684 1910 (hoc
700 1874 756 1906 est,
772 1879 856 1900 com·

153 1910 248 1940 moda
262 1911 436 1951 percipere)
462 1911 503 1946 iv,
525 1915 556 1946 2,
582 1914 602 1942 4
625 1911 761 1942 Freinsh.
791 1913 857 1942 sine

153 1952 255 1982 fructu
270 1963 340 1993 quae
355 1958 451 1988 erant,
469 1953 562 1985 Praef.
579 1956 598 1984 3

198 1994 380 2035 Frugalitas,
393 1996 539 2025 virtutum
555 1995 692 2036 genetrix
706 2006 754 2033 xx,
770 1999 802 2034 4,
816 1998 856 2028 10

155 2036 235 2067 inter
249 2038 331 2078 leges
346 2038 563 2078 Spartanorum
578 2038 623 2075 iii,
638 2042 671 2074 2,
689 2041 728 2069 10

198 2080 313 2120 Fruges
323 2081 425 2116 xxxvi,
439 2084 471 2117 2,
487 2084 508 2112 9

196 2122 268 2152 Frui
291 2123 395 2163 praeda
418 2123 536 2164 ingenti
558 2128 590 2154 et
609 2123 764 2164 parricidii
784 2128 857 2153 voto

154 2164 219 2200 viii,
235 2168 266 2200 3,
282 2169 321 2196 11
352 2165 427 2194 nihil
453 2172 561 2206 praeter
578 2166 715 2196 incendii
737 2171 858 2207 specta-

155 2207 226 2238 culo
240 2207 300 2237 frui
314 2207 378 2244 xiii,
394 2211 425 2243 6,
441 2211 460 2239 3

199 2250 357 2280 Frumenti
380 2250 457 2280 satio
480 2255 600 2291 reperta
621 2250 654 2286 ii,
677 2253 710 2286 6,
725 2253 765 2281 13
795 2250 858 2280 fru-

157 2297 262 2322 menta
275 2292 359 2322 sulco
374 2302 508 2331 quaerere
523 2294 595 2328 xliv,
612 2295 643 2328 4,
662 2295 699 2323 11

200 2334 339 2364 Frustra:
355 2333 460 2364 Asiam
473 2335 581 2364 frustra
593 2334 760 2365 edomitam
771 2334 858 2370 dicit,

157 2377 183 2406 si
199 2377 376 2407 Graecorum
391 2377 505 2416 rapinis
520 2382 646 2417 pateant
660 2377 692 2412 ii,
707 2380 738 2412 4,
755 2380 797 2407 26
820 2387 860 2407 ne

157 2419 267 2449 frustra
289 2429 371 2448 arma
393 2419 522 2449 movisse
545 2420 718 2449 viderentur
739 2419 772 2456 ii,
792 2422 824 2455 8,
841 2422 858 2450 l

159 2472 229 2502 spes
245 2472 308 2491 non
323 2460 382 2490 fuit
395 2461 504 2491 frustra
517 2462 578 2496 xvi,
594 2464 626 2497 2,
642 2464 660 2491 3

202 2504 227 2533 F
230 2503 348 2534 rustrari
365 2503 497 2543 aliquem
512 2503 595 2540 xxiii,
610 2506 641 2539 2,
657 2506 676 2535 2
704 2502 861 2533 frustratus

160 2546 250 2577 variis
264 2546 462 2576 dilationibus
478 2546 541 2581 viii,
558 2549 589 2581 3,
607 2548 627 2576 9

202 2587 460 2619 Frustrationibus
475 2588 563 2618 variis
577 2587 690 2618 differri
705 2587 746 2623 ix,
762 2590 794 2623 6,
809 2590 829 2618 8

203 2631 291 2672 Fuga
313 2630 385 2671 (pro
402 2629 512 2670 exilio)
534 2641 564 2666 v,
580 2633 611 2666 9,
628 2633 646 2661 3
676 2630 743 2671 (Ita
756 2629 863 2660 Florus

158 2674 193 2710 ii,
208 2677 259 2710 16,
273 2677 303 2704 5.
318 2678 351 2703 et
363 2672 462 2703 Tacit.
475 2673 519 2708 iii,
532 2676 586 2709 24,
601 2675 632 2703 2.
646 2676 679 2703 et
691 2673 733 2708 iv,
749 2675 803 2708 70,
816 2671 863 2712 3).

161 2717 267 2757 fugam
289 2725 448 2755 capessere
470 2715 543 2756 (pro
558 2714 681 2756 fugere)
704 2715 745 2750 vi,
761 2717 792 2750 3,
811 2717 863 2745 11.

161 2758 227 2795 viii,
243 2761 275 2794 2,
289 2761 310 2790 4
333 2762 450 2788 tentare
464 2758 525 2794 xiv,
542 2760 573 2793 3,
586 2761 605 2789 7
628 2758 661 2787 in
672 2757 775 2797 fugam
787 2757 863 2787 verti

163 2801 237 2842 (pro
252 2799 368 2841 fugari)
383 2811 433 2837 xv,
448 2803 480 2837 4,
495 2803 537 2833 22
552 2800 689 2831 Freinsh.
712 2800 746 2831 in
759 2799 864 2841 fugam

163 2853 254 2885 agere
268 2843 329 2879 xvi,
344 2844 376 2880 2,
392 2845 411 2874 3

1559 320 1607 364 lv

945 426 1063 467 Fugare
1074 427 1192 457 hostem
1203 436 1293 462 xxm,
1304 429 1335 462 1,
1347 428 1387 458 10
1408 427 1487 458 feras
1496 427 1611 465 xxxvii,

903 472 934 506 2,
951 472 971 500 8
994 470 1106 509 sugatis
1122 469 1218 509 copiis
1235 479 1304 504 xxv,
1322 472 1352 505 1,
1368 472 1386 500 3

946 511 1064 552 Fugere
1087 512 1131 548 iii,
1154 515 1185 547 7,
1212 515 1250 543 11
1281 513 1387 551 fugere
1409 512 1555 544 victorem
1578 524 1608 550 v,

904 556 957 589 10,
974 557 989 584 1
1021 564 1121 594 caprae
1143 554 1269 584 imbrem
1291 553 1444 594 fugientes
1467 556 1519 593 vii,
1543 559 1573 593 1,
1588 559 1609 588 7

903 596 935 625 in
951 600 1049 626 castra
1064 597 1170 637 fugere
1185 596 1256 632 xxii,
1274 598 1305 631 8,
1321 600 1341 627 8

945 638 1083 678 Fugitivi
1099 638 1176 668 servi
1192 638 1224 673 ii,
1241 643 1272 674 5,
1288 641 1307 668 5

946 679 1076 720 Fulgere
1092 691 1165 710 auro
1179 686 1211 710 et
1225 684 1352 721 argento
1367 681 1408 717 xi,
1426 684 1477 717 13,
1495 685 1534 713 11

947 722 1060 762 Fulgor
1085 722 1158 752 solis
1183 722 1267 758 xviii,
1292 725 1323 758 3,
1348 725 1388 753 12
1416 724 1536 765 fulgore
1561 724 1610 756 sui

904 764 976 795 solis
991 765 1120 795 nitorem
1134 765 1250 794 vicerat
1264 765 1375 800 xxxvii,
1391 768 1423 802 2,
1440 769 1459 797 3

947 806 1080 847 Fulgure
1096 807 1246 847 proscissa
1259 812 1338 837 terra
1353 807 1426 844 xliv,
1442 811 1474 844 3,
1488 811 1510 840 6

946 849 1124 879 Fulminans
1139 849 1274 889 procella
1286 849 1366 886 xxix,
1382 853 1413 886 3,
1430 853 1448 881 1

947 891 1139 923 Fulminibus
1162 897 1194 922 et
1214 891 1361 922 imbribus
1383 902 1491 923 manus
1506 893 1611 924 deleta

904 933 938 969 ii,
957 936 1008 969 12,
1026 937 1066 965 10

948 976 1056 1006 Fultus
1071 974 1213 1017 praesidio
1229 977 1399 1007 domestico
1415 977 1489 1013 xliii,
1505 980 1537 1014 4,
1552 980 1574 1009 4

947 1018 1079 1050 Fumum
1102 1024 1134 1049 et
1154 1019 1292 1049 flammas
1313 1024 1433 1050 eructat
1446 1021 1546 1051 AEtna
1567 1020 1610 1057 iv,

906 1063 937 1098 1,
952 1065 973 1093 4

947 1103 1163 1134 Fundamenta
1179 1103 1285 1144 jacere
1305 1115 1356 1140 xv,
1378 1106 1409 1141 4,
1426 1108 1469 1137 20
1498 1105 1611 1136 funda-

904 1151 1006 1176 menta
1029 1147 1285 1176 incrementorum
1299 1147 1403 1177 valida
1424 1148 1611 1180 constituere

905 1190 1056 1219 crescenti
1071 1199 1165 1229 regno
1179 1189 1233 1224 vii,
1250 1192 1281 1225 1,
1299 1192 1339 1220 12

946 1231 972 1262 F
975 1232 1089 1261 undata
1104 1231 1255 1272 possessio
1270 1233 1347 1273 (hoc
1362 1236 1419 1268 est,
1434 1232 1564 1269 firmata,
1579 1238 1611 1264 et

905 1273 1056 1314 stabilita)
1085 1274 1130 1310 iii,
1152 1277 1185 1311 4,
1210 1277 1249 1306 17
1287 1274 1312 1304 F
1314 1273 1426 1305 reinsh.
1463 1276 1611 1307 securitas

903 1316 980 1352 xliii,
996 1320 1027 1352 5,
1043 1320 1062 1348 8

948 1359 1091 1389 Fundere
1119 1358 1286 1389 exercitum
1316 1359 1337 1395 i,
1367 1362 1398 1395 7,
1429 1364 1447 1391 5
1485 1360 1611 1402 Illyrios

906 1412 1016 1442 magna
1031 1402 1117 1432 caede
1131 1401 1184 1437 vii,
1200 1404 1232 1438 2,
1250 1404 1289 1433 12
1319 1407 1439 1431 tantum
1454 1404 1612 1444 sanguinis

905 1444 1005 1474 fusum
1027 1449 1074 1474 est
1096 1444 1202 1485 praelio
1225 1444 1265 1481 si,
1283 1447 1334 1480 14,
1349 1447 1369 1475 2
1397 1450 1517 1475 tantum
1541 1456 1612 1476 san-

906 1486 1007 1527 guinis
1019 1486 1140 1516 duobus
1152 1486 1263 1526 praeliis
1275 1487 1335 1516 fusi
1350 1486 1390 1522 xi,
1402 1490 1454 1523 13,
1467 1491 1488 1518 9
1511 1498 1611 1529 quan—

906 1533 971 1559 tum
987 1529 1143 1569 sanguinis
1167 1529 1355 1560 Macedonia
1378 1529 1418 1560 sit
1431 1530 1535 1561 fusura
1556 1530 1612 1567 xii,

908 1574 960 1607 15,
976 1574 996 1602 6
1025 1572 1110 1601 fusus
1133 1571 1210 1612 (hoc
1225 1577 1282 1607 est,
1304 1571 1403 1602 victus
1417 1576 1450 1602 et
1469 1572 1612 1615 fugatus)

905 1613 949 1650 iii,
966 1617 996 1648 5,
1013 1616 1033 1644 6
1057 1613 1193 1644 Freinsh.

951 1655 1103 1686 Funditus
1120 1657 1218 1686 victus
1241 1655 1333 1696 (auff
1348 1657 1404 1687 das
1420 1656 1532 1699 Haupt
1553 1667 1611 1698 ge-

905 1698 1069 1737 schlagen)
1083 1709 1152 1734 xxv,
1169 1701 1200 1734 3,
1217 1701 1236 1730 8
1259 1699 1284 1728 F
1286 1698 1396 1729 reinsh.

950 1741 1116 1770 Funestam
1138 1741 1252 1781 regiam
1274 1741 1375 1771 facere
1397 1742 1490 1779 xxxii,
1511 1744 1544 1779 2,
1569 1744 1610 1774 10

907 1782 1038 1813 funestae
1054 1783 1243 1813 calamitates
1258 1783 1320 1820 xvi,
1335 1787 1367 1819 5,
1383 1786 1403 1814 4

951 1824 1052 1865 Fungi
1066 1826 1193 1866 imperio
1212 1827 1288 1866 (1100
1304 1830 1361 1861 est,
1375 1825 1526 1866 imperata
1540 1836 1612 1856 exe-

907 1867 976 1908 qui)
991 1868 1025 1904 ii,
1035 1870 1067 1903 4,
1079 1871 1119 1899 25
1144 1868 1227 1898 diem
1242 1868 1318 1909 (1100
1328 1873 1385 1904 est,
1398 1868 1491 1909 mori)
1506 1868 1567 1905 xix,
1579 1871 1610 1905 1,

907 1914 924 1942 1
950 1909 974 1939 F
976 1910 1087 1940 reinsh.
1117 1910 1204 1950 fungi
1220 1910 1363 1950 periculis
1378 1911 1430 1946 vii,
1446 1913 1479 1946 4,
1495 1914 1514 1941 8
1537 1911 1611 1951 (pro

907 1962 969 1993 quo
982 1958 1014 1982 et
1029 1957 1037 1970 ‘
1050 1952 1188 1992 defungi'
1203 1952 1329 1993 dicunt)
1343 1953 1431 1992 fungi
1444 1958 1515 1983 voto
1526 1952 1611 1994 (pro,

906 1995 1008 2025 facere
1031 2000 1063 2024 et
1084 2000 1227 2036 praestare
1248 1995 1334 2036 quod
1356 1995 1492 2037 voveris)
1512 1996 1555 2032 ix,
1578 1998 1611 2033 2,

909 2040 949 2069 12
972 2037 1075 2068 Vorst.

951 2079 1073 2110 Funus:
1089 2079 1196 2110 funere
1210 2078 1375 2120 magnifico
1391 2079 1517 2109 amissos
1532 2079 1613 2109 mili-

908 2127 954 2152 tes
967 2123 1098 2152 honorat
1120 2121 1298 2152 Alexander
1321 2121 1374 2158 xii,
1390 2125 1420 2158 1,
1437 2125 1454 2153 l
1486 2122 1612 2162 publico

906 2164 1085 2195 incendium
1100 2163 1211 2194 Romae
1233 2170 1460 2205 prosequuntur
1477 2164 1613 2194 Massili-

908 2218 996 2237 enses
1011 2207 1087 2243 xliii,
1103 2211 1135 2243 5,
1151 2210 1172 2238 9
1202 2206 1302 2238 funeri
1316 2212 1432 2237 sumtus
1447 2207 1548 2237 defuit
1570 2207 1612 2243 vi,

909 2252 940 2286 S,
957 2253 977 2280 6

952 2291 977 2321 F
980 2290 1058 2320 urari
1073 2291 1174 2321 aliena
1188 2300 1281 2331 regna
1296 2290 1420 2326 xxxviii,
1436 2293 1467 2325 2,
1484 2293 1504 2321 6

952 2333 1100 2363 Furentes
1127 2341 1218 2362 aestus
1245 2333 1317 2368 xliv,
1341 2336 1372 2367 4,
1397 2336 1416 2364 7
1445 2331 1611 2362 furentium

908 2385 1023 2404 morem
1038 2376 1196 2404 imitantur
1211 2375 1337 2405 dissidia
1352 2374 1414 2410 xiii,
1430 2377 1461 2409 6,
1480 2377 1518 2405 17

951 2417 976 2446 F
979 2418 1050 2446 uriae
1073 2417 1302 2457 parricidiorum
1325 2416 1459 2457 aliquem
1483 2416 1611 2448 circum-

908 2460 1039 2490 veniunt
1052 2459 1134 2495 xxvi,
1148 2462 1180 2495 2,
1195 2463 1214 2490 5

953 2502 1048 2531 Furor
1062 2501 1092 2531 id
1109 2502 1231 2531 videtur
1252 2500 1337 2537 xviii,
1352 2502 1384 2536 3,
1401 2502 1438 2532 ll
1476 2499 1508 2529 in
1530 2500 1612 2530 furo-

909 2553 973 2574 rem
995 2543 1071 2573 verti
1092 2544 1196 2579 xxviii,
1211 2546 1242 2579 3,
1258 2545 1289 2573 8.
1319 2542 1420 2578 xxxiv,
1442 2545 1472 2577 1,
1488 2545 1519 2573 S.
1547 2542 1612 2579 xlii,

910 2589 942 2622 4,
957 2589 995 2617 11
1021 2585 1106 2616 velut
1120 2596 1174 2626 per
1187 2586 1316 2616 furorem
1330 2585 1431 2615 futura
1442 2595 1613 2625 praemone-

911 2629 964 2658 bat
979 2628 1054 2663 xliii,
1070 2631 1100 2664 l,
1117 2631 1136 2659 8

955 2670 1072 2700 Furtim
1086 2671 1256 2700 subtractus
1272 2669 1344 2705 xvii,
1358 2672 1391 2705 3,
1407 2671 1449 2699 18

955 2713 1080 2743 Furtiva
1100 2713 1228 2743 victoria
1250 2713 1326 2752 (hoc
1348 2716 1406 2747 est,
1429 2720 1522 2751 quam
1544 2714 1611 2740 astu

912 2760 945 2786 et
960 2755 1039 2785 dolis
1055 2754 1285 2796 consequimur)
1301 2754 1341 2790 xi,
1356 2756 1388 2790 6,
1404 2756 1423 2784 8
1446 2753 1584 2783 Freinsh-

955 2797 1093 2833 Furtum,
1129 2797 1338 2837 gravissimum
1364 2795 1448 2838 apud
1480 2795 1615 2837 Scythas

912 2840 1027 2872 crimen
1041 2839 1074 2876 ii,
1087 2842 1118 2877 2,
1135 2843 1156 2872 6
