2174 3424
583 331 777 363 Jus'riNi
814 331 907 361 mu.
939 332 989 361 11.
1023 332 1127 361 cAP.
1157 323 1196 362 4.

182 428 319 460 navibus
337 426 444 467 longis
467 429 503 457 et
526 425 744 466 septuaginta
759 434 874 456 onera-

182 479 239 509 riis
255 476 428 519 profectus
445 475 521 507 est)
567 475 652 507 Caes.
666 484 698 506 v.
712 476 751 506 Β.
764 475 807 506 G.
822 477 876 505 25.

179 530 188 546 ‘
203 529 314 560 Naves
328 528 443 567 longas
461 526 629 567 paululum
647 525 814 556 removeri
831 525 873 556 ab

180 578 338 610 onerariis
368 577 507 608 navibus
542 585 581 607 ac
611 576 710 607 remis
740 575 874 607 incitari

175 627 299 670 jussit.¹
327 629 431 660 Vorst.

223 680 239 719 ξ
249 681 289 709 20
312 678 394 709 Duae
403 681 469 708 tum
478 687 595 708 sorores
606 676 796 708 Amazonum
804 686 874 715 reg-

178 739 219 759 na
244 727 433 768 tractabant]
455 727 675 769 Antiquiores
699 728 789 769 typis
817 737 874 758 ex-

179 779 299 819 pressi,
310 779 352 809 D.
369 788 409 809 ex
423 781 555 819 quatuor
567 782 633 809 tum
643 788 705 809 sor.
724 777 812 819 quod
829 777 872 817 ei,

180 827 267 870 quod
283 828 448 869 sequitur,
470 828 550 859 satis
574 833 626 858 est
650 833 874 859 consentane-

178 888 245 910 um.
257 878 414 919 Sequitur
423 878 611 918 enim,duas
620 887 749 909 sorores
756 877 873 908 Antio-

181 929 479 969 pae,Menalippen
496 932 530 959 et
546 928 771 968 Hippolyten,
795 937 873 968 cap-

180 985 232 1011 tas
248 989 333 1011 esse.
377 979 486 1009 Fuere
503 978 608 1018 igitur
623 978 696 1009 istae
715 982 874 1019 quatuor,

180 1030 343 1072 Antiope,
368 1030 506 1069 Otrere,
523 1030 722 1070 Menalippe
739 1033 775 1060 et
792 1029 875 1069 Hip-

180 1082 308 1122 polyte.
342 1081 443 1112 Vorst.
500 1080 597 1112 Junt.
633 1084 703 1111 stat
740 1089 874 1121 quoque

180 1141 242 1173 pro
256 1132 316 1162 hac
332 1132 413 1163 lect.
439 1131 548 1162 Graev.

226 1183 294 1222 §21
307 1182 410 1221 Nihil,
420 1181 488 1221 ξω]
500 1182 589 1211 Saxo
602 1189 675 1211 xw.
688 1189 721 1220 p.
734 1182 809 1210 286.
822 1182 874 1211 26.

181 1233 191 1250 ‘
204 1233 297 1264 Tunc
313 1231 462 1263 Absalon
488 1231 631 1272 Rugiam
654 1230 735 1261 nihil
751 1230 873 1262 hostile

180 1287 390 1314 metuentem
408 1280 608 1321 cognoscit!
643 1316 655 1326 .

225 1334 298 1373 §22
324 1332 507 1372 Repentino,
529 1330 598 1370 850]
634 1331 723 1361 Saxo
754 1339 815 1361 xv.
839 1339 874 1370 p.

181 1385 253 1414 368.
269 1385 320 1414 32.
342 1383 350 1399 ‘
365 1382 439 1413 Hac
459 1381 548 1412 fama
571 1381 703 1412 Scaniae
730 1381 874 1421 populus

183 1432 341 1465 excitus!

228 1485 245 1523 ξ
260 1486 300 1514 23
317 1483 443 1514 Sorores
453 1486 551 1522 coplae
563 1482 648 1522 sunt]
672 1482 761 1513 Illud
778 1485 876 1522 captoe

181 1537 251 1564 sunt
268 1534 352 1564 Mss.
368 1543 435 1564 non
448 1538 646 1574 agnoscunt,
660 1538 695 1565 et
712 1534 877 1574 praecedit

181 1584 334 1624 proxime
357 1587 532 1624 cuptoeque5
554 1584 670 1625 itaque
686 1585 823 1619 rectius,
841 1589 877 1615 et

181 1634 382 1674 elegantius,
417 1643 491 1664 cum
538 1634 717 1666 omittitur.
761 1634 877 1675 Scheff.

183 1684 362 1715 Assentior
391 1681 565 1714 Scheffero
596 1684 653 1724 qui
680 1687 778 1724 coptae
805 1687 877 1715 sunt

183 1743 361 1776 perperam
391 1735 575 1774 repetitum
606 1735 660 1766 hic
690 1736 876 1775 existimat,

184 1794 260 1816 cum
282 1785 315 1815 id
337 1784 396 1816 ἀπὸ
421 1785 519 1815 κοινοῦ
536 1795 577 1815 ex
594 1785 708 1818 verbis,
723 1787 876 1826 proxime

181 1834 353 1876 praecedd.
375 1835 418 1865 sit
440 1834 620 1875 repetend.
642 1835 732 1876 quod
749 1845 824 1866 cum
842 1839 877 1866 et

181 1884 265 1915 Mss.
282 1883 496 1923 confirment,
519 1884 598 1925 quid
623 1890 674 1915 est
700 1895 760 1916 cur
780 1885 876 1916 dubi-

182 1938 292 1965 temus
307 1938 458 1964 veterem
482 1943 624 1975 eamque
649 1943 764 1965 sanam
794 1935 874 1967 lect.

183 1983 372 2024 reponere?
398 1983 504 2014 Graev.

227 2033 243 2072 ξ
254 2035 296 2064 2-1
310 2031 442 2062 Obtenlu
452 2031 483 2062 in
490 2032 652 2072 proemz'um
660 2034 794 2073 captiva,
805 2034 874 2074 ἔξω]

185 2084 287 2115 Forte
302 2083 436 2124 legend.
448 2083 603 2114 obtentam
617 2084 649 2115 in
662 2095 695 2125 p.
711 2086 876 2126 captivam,

181 2134 234 2173 ὅτ.
250 2138 289 2164 ut
307 2133 433 2164 habent
457 2133 592 2174 quidem
618 2135 714 2165 multi
736 2145 777 2166 ex
795 2136 878 2166 anti-

184 2184 256 2226 quis
287 2184 395 2215 Codd.
425 2184 485 2215 sed
518 2183 698 2215 immodice
728 2185 877 2217 retinent

182 2237 320 2275 eandem,
346 2245 421 2277 quae
447 2244 512 2266 vox
542 2240 613 2267 tum
644 2235 788 2268 delenda
815 2241 876 2269 est.

190 2286 288 2317 Gron.

229 2338 246 2378 ξ
262 2339 302 2368 25
319 2336 520 2377 Menalippen
593 2337 727 2377 occepit]
742 2337 751 2354 ‘
763 2337 876 2368 Preti-

184 2386 262 2417 um'
292 2396 355 2427 pro
379 2386 547 2426 mercede,
572 2385 684 2427 λύτρῳ,
709 2391 747 2417 ut
773 2396 877 2428 saepe·

185 2439 265 2471 Fuit
291 2443 402 2469 autem
434 2437 587 2470 balteus:
620 2437 777 2478 Hyginus
802 2447 877 2478 cap.

185 2495 237 2523 30.
258 2491 492 2532 ‘Hippolyten
515 2489 730 2529 Amazonam,
754 2490 877 2521 Martis

185 2547 222 2573 et
243 2541 378 2572 Otrerae
401 2540 523 2570 filiam:
548 2539 603 2570 cui
625 2540 751 2579 reginae
775 2539 878 2570 Ama-

185 2602 305 2624 zonum
317 2591 377 2632 [sic
391 2591 471 2622 enim
484 2591 604 2629 legend.
620 2589 757 2630 videtur]
771 2590 878 2620 balte-

185 2654 241 2674 um
265 2642 427 2682 detraxit,
451 2641 529 2672 dum
558 2640 744 2681 Antiopam
770 2641 877 2681 capti-

183 2703 260 2725 vam
275 2693 404 2724 Theseo
431 2690 595 2723 donavit!
639 2691 742 2721 Diod.
760 2700 809 2722 1v.
827 2693 877 2722 16.

185 2743 369 2776 Herculem
387 2742 429 2773 de
442 2741 586 2782 captivis
599 2740 782 2782 Antiopam
793 2742 878 2772 The-

186 2803 242 2825 seo
255 2793 431 2824 donavisse
444 2803 453 2830 ;
477 2791 696 2832 Menalippen
710 2801 791 2823 vero
807 2791 878 2822 bal-

187 2848 242 2876 teo
258 2852 332 2874 sese
345 2842 567 2874 redimentem
580 2841 718 2874 liberam
736 2842 878 2874 dimisis-

189 2903 224 2926 se
240 2893 369 2925 scribit.
396 2893 497 2925 Vorst.

1536 320 1622 363 665

967 431 1125 470 Pretium,
1150 432 1219 472 ξω]
1242 430 1341 462 Oros.
1366 436 1400 462 et
1428 432 1525 463 Frec.
1548 433 1557 449 ‘
1576 432 1621 463 Et

926 491 1021 512 arma
1044 481 1170 520 reginae
1194 482 1305 521 pretio
1323 481 1540 512 redemtionis
1565 492 1619 513 ac-

925 531 1044 572 cepit.’
1090 531 1185 561 Leid.
1204 534 1231 562 l.
1248 532 1430 572 Freculphi
1444 533 1591 571 pretium.

969 583 1039 622 §26
1063 582 1223 612 Hortatur
1235 581 1373 620 comites]
1398 583 1620 623 Antiquiores

925 633 1015 673 typis
1045 631 1209 672 expressi
1229 632 1358 662 addunt
1388 632 1421 662 in
1451 633 1595 664 ultionem
1609 644 1619 664 .-

923 683 1012 724 quod
1030 682 1212 723 genuinum
1229 692 1315 722 esse,
1330 692 1393 713 nec
1410 682 1528 714 abesse
1546 693 1621 723 pos-

924 743 972 774 se,
1002 734 1149 764 videtur.
1193 734 1290 764 Vorst.
1350 732 1451 773 Angl.
1491 733 1622 763 auctius

923 784 1003 814 hort.
1027 793 1102 814 com.
1119 784 1151 813 in
1166 783 1224 814 ult.
1250 783 1338 814 Puto
1356 792 1428 812 esse
1454 783 1515 813 hoc
1543 792 1622 822 aug-

923 840 1074 866 mentum
1104 844 1146 865 ex
1174 835 1293 874 glossa.
1359 835 1448 865 Nam
1480 839 1515 865 et
1540 834 1621 864 alibi

923 887 1053 918 Noster
1068 885 1148 916 illud
1161 885 1281 915 hortari
1291 885 1387 925 ponit
1399 885 1446 915 ita
1459 884 1624 924 absolute,

924 940 962 966 ut
978 945 1011 966 n.
1032 938 1063 966 3.
1085 935 1145 966 ‘In
1173 935 1317 966 transitu
1342 934 1494 965 hortatus
1519 935 1623 965 Thes-

925 987 1012 1017 salos
1040 985 1174 1018 fuerat!
1208 984 1326 1025 Scheff.
1372 984 1513 1016 Juntina
1544 994 1621 1015 cum

925 1041 1010 1067 vett.
1027 1035 1103 1067 edd.
1120 1036 1303 1075 nonnullis,
1324 1035 1406 1066 hort.
1422 1045 1498 1066 com.
1516 1035 1547 1065 in
1564 1036 1621 1065 ult.

925 1085 1013 1126 quod
1042 1085 1161 1125 probat
1184 1085 1299 1115 Vorst.
1323 1089 1358 1115 et
1376 1084 1511 1115 Oxonn.
1528 1094 1623 1115 rece-

925 1139 1048 1176 perunt
1064 1145 1106 1165 ex
1119 1134 1226 1165 tribus
1242 1135 1327 1166 Mss.
1344 1134 1377 1164 in
1395 1134 1514 1174 quibus
1529 1134 1622 1165 inve-

923 1194 1017 1216 nere.
1059 1185 1126 1216 Sed
1140 1194 1205 1215 nou
1219 1184 1352 1223 dubito,
1367 1185 1445 1225 quin
1460 1185 1532 1215 haec
1549 1193 1623 1215 ver-

925 1236 969 1266 ba
984 1236 1017 1266 in
1032 1236 1089 1266 ult.
1107 1246 1127 1266 a
1142 1235 1254 1266 sciolis
1269 1240 1303 1266 et
1317 1235 1461 1265 indoctis
1475 1234 1624 1275 descrip-

926 1287 1056 1317 toribus
1072 1285 1199 1317 fuerint
1212 1285 1338 1324 addita,
1353 1285 1408 1326 qui
1425 1285 1624 1325 ignorarunt

925 1337 1090 1369 ‘hortari'
1107 1338 1307 1378 simpliciter
1317 1336 1623 1378 esse,confirmare,

927 1389 1087 1419 animare.
1132 1389 1222 1420 Just.
1250 1397 1299 1420 Χι.
1318 1391 1348 1419 1.
1372 1388 1381 1405 ‘
1397 1387 1502 1420 Queis
1520 1387 1621 1418 rebus

926 1439 1018 1470 velut
1054 1438 1187 1469 medela
1223 1438 1374 1479 quaedam
1412 1438 1622 1468 interventus

926 1486 1112 1518 Alexandri
1129 1486 1206 1525 fuit,
1223 1487 1280 1527 qui
1305 1496 1365 1526 pro
1392 1486 1556 1517 concione
1573 1487 1622 1517 ita

926 1538 1045 1578 vulgus
1062 1546 1159 1567 omne
1183 1537 1378 1568 consolatus
1403 1537 1621 1577 hortatusque

927 1596 987 1626 pro
1005 1591 1157 1626 tempore
1175 1591 1238 1625 est,
1251 1590 1287 1617 ut
1306 1590 1339 1617 et
1356 1590 1483 1616 metum
1502 1585 1621 1616 timen-

927 1636 1018 1667 tibus
1035 1636 1199 1675 demeret,
1224 1640 1259 1667 et
1281 1646 1342 1676 spe
1366 1646 1479 1667 omnes¹
1503 1636 1622 1676 imple-

927 1686 1001 1718 ret!
1055 1686 1095 1716 In
1123 1696 1192 1726 seq.
1218 1695 1294 1725 cap.
1323 1689 1354 1717 3.
1392 1686 1449 1716 ‘In
1477 1686 1623 1717 transitu

926 1737 1081 1767 hortatus
1095 1736 1269 1766 Thessalos
1285 1735 1397 1766 fuerat
1410 1735 1430 1766 :’
1455 1740 1490 1766 et
1506 1745 1579 1768 mv.
1592 1739 1623 1768 3.

925 1787 934 1803 ‘
950 1786 1127 1825 Eumenes,
1144 1786 1198 1826 qui
1212 1790 1332 1816 auctor
1342 1786 1446 1817 cladis
1462 1791 1622 1825 e1·at‚uee

927 1836 1026 1866 aliam
1044 1845 1137 1876 spem
1151 1835 1267 1866 salutis
1284 1836 1444 1876 reliquam
1462 1837 1621 1873 habebat,

926 1887 1032 1917 victos
1044 1885 1268 1917 hortabatur!
1306 1886 1395 1926 Nep.
1410 1887 1500 1918 Milt.
1511 1889 1541 1918 G.
1554 1888 1562 1904 ‘
1574 1887 1622 1919 Ut

926 1937 960 1968 in
984 1937 1104 1968 decem
1135 1940 1317 1977 praetorum
1343 1946 1483 1967 numero
1514 1937 1624 1977 prima

927 1988 1001 2029 ejus
1023 1988 1134 2027 imago
1151 1991 1346 2027 poneretur,
1361 1986 1457 2027 isque
1472 1986 1622 2018 hortare·

927 2044 982 2070 tur
992 2039 1127 2078 milites,
1140 2038 1361 2080 proeliumque
1373 2039 1623 2071 committeret!

926 2091 1015 2122 Sane
1033 2090 1124 2131 sapit
1141 2090 1332 2131 sequiorum
1349 2094 1539 2131 temporum
1561 2092 1624 2122 La-

927 2141 1096 2172 tinitatem
1124 2140 1245 2171 hortari
1272 2141 1305 2171 in
1329 2140 1388 2172 ult.
1421 2141 1567 2181 Trogus,
1588 2145 1624 2172 et

927 2192 984 2233 qui
1001 2192 1072 2232 ejus
1089 2191 1213 2231 premit
1230 2191 1386 2232 vestigia,
1410 2191 1501 2222 Just.
1520 2191 1625 2232 scrip-

927 2242 1037 2280 sisset,
1063 2241 1178 2280 credo,
1202 2241 1321 2271 hortari
1345 2242 1402 2272 ult.
1427 2247 1485 2272 aut
1509 2242 1550 2272 ad
1565 2242 1623 2273 ult.

927 2293 1045 2323 Poetis
1067 2297 1182 2322 tamen
1207 2291 1448 2331 testimonium,
1464 2291 1497 2322 ni
1513 2290 1625 2331 fallor,

928 2343 1130 2375 denuntiare
1158 2347 1311 2382 possunt,
1340 2342 1396 2383 qui
1429 2348 1512 2374 vett.
1544 2342 1623 2375 edd.

928 2395 1007 2425 lect.
1019 2393 1178 2425 tuendam
1190 2393 1389 2433 suscipiunt.
1419 2393 1459 2423 In
1471 2393 1623 2424 Auctua-

928 2445 976 2476 rio
990 2445 1157 2475 Notarum
1171 2452 1305 2473 suarum
1319 2441 1527 2474 Schefferum
1541 2453 1624 2483 quo-

928 2504 993 2536 que
1004 2494 1174 2534 vulgatam
1187 2491 1373 2524 defendere
1386 2493 1496 2523 video.
1514 2493 1621 2524 Groev.

971 2544 1009 2575 Si
1027 2544 1144 2583 Groec.,
1155 2543 1224 2582 εμπ]
1248 2543 1336 2573 Saxo
1348 2552 1421 2574 X1v.
1437 2553 1470 2583 p.
1481 2546 1622 2574 287.14.

927 2595 937 2614 ‘
955 2594 1113 2626 Periculo
1149 2603 1184 2623 se
1222 2603 1320 2634 quam
1352 2593 1467 2624 rubori
1505 2598 1622 2633 patere

927 2644 1060 2676 malle:'
1085 2654 1119 2684 p.
1145 2645 1218 2674 350.
1241 2646 1272 2673 6.
1297 2643 1482 2674 ‘Ceterum
1509 2644 1624 2674 insidi-

929 2706 1020 2729 arum
1034 2694 1193 2735 periculis
1209 2698 1327 2734 patere
1341 2693 1465 2725 malle?
1509 2694 1623 2725 Sares-

928 2746 1000 2777 ber.
1027 2753 1092 2775 vu.
1122 2743 1247 2775 Policr.
1271 2746 1302 2774 2.
1334 2743 1408 2775 init.
1451 2744 1557 2775 ‘Cum
1588 2749 1623 2776 et

928 2794 1091 2837 professio
1105 2794 1210 2825 scissa
1233 2793 1286 2831 sit,
1308 2798 1343 2824 et
1360 2803 1421 2834 pro
1437 2800 1536 2834 parte
1552 2799 1622 2826 tam

928 2846 1010 2877 risui
1028 2849 1144 2885 pateat
1160 2853 1259 2885 quam
1276 2843 1404 2874 errori.'

973 2897 1042 2936 §27
1069 2894 1194 2925 Cladem
1204 2892 1356 2933 tir-orum]
1380 2893 1478 2925 Quod
1495 2895 1553 2925 viri
1568 2905 1623 2926 ea-
