2101 3419
552 349 749 382 JUSTINI
783 350 880 381 ΜΒ.
912 349 1037 380 xisti.
1068 350 1175 381 GAP.
1205 338 1251 380 4.

191 453 264 475 rem
294 443 398 475 etiam
422 442 565 474 Romani
594 452 776 483 excepere,
802 442 892 483 apud

191 503 274 533 quos
290 493 358 531 ille,
374 491 443 533 qui,
459 492 485 522 si
503 492 578 522 Diis
596 492 722 531 placet,
738 490 892 521 dominus

192 542 310 574 audire
336 542 485 580 nolebat,
508 546 547 572 ut
573 542 665 572 Deus
692 540 893 579 colebatur-3

191 591 394 632 templisque
405 596 440 622 et
453 591 519 621 aris
530 590 760 621 honorabatur
774 601 782 621 ι
799 590 894 630 cujus

191 646 305 673 tamen
322 641 369 672 rei
387 641 548 671 invidiam
573 645 609 671 ut
626 650 692 671 non
709 640 792 670 nihil
807 639 897 670 miti-

193 696 301 732 garet,
325 701 391 722 non
415 691 476 720 soli
499 690 560 721 sibi
586 690 740 729 permisit
766 689 895 728 templa

197 741 314 781 statui,
338 741 396 772 sed
428 740 636 780 conjunctim
667 739 730 770 sibi
759 743 795 770 et
822 739 896 770 urbi

195 791 323 823 Romae.
368 790 423 821 Ita
448 790 535 820 enim
560 799 579 820 a
603 789 770 820 communi
803 788 896 820 Asiae

195 841 357 882 Pergami
381 845 546 871 statutum
577 840 738 880 templum
769 840 830 878 illi,
855 839 898 871 de

197 900 262 932 quo
279 891 347 921 vid.
370 891 451 922 Tac.
472 899 522 921 lv.
544 889 602 920 ubi
626 890 899 931 elegantissimus

196 939 332 980 Lipsius
349 939 451 970 etiam
467 939 626 970 denarios
642 945 762 970 extare
784 939 899 970 hodie-

198 999 263 1031 que
289 989 349 1029 ait,
369 999 446 1020 cum
466 988 578 1020 forma
601 989 710 1029 ipsius
728 989 849 1028 templi
865 993 901 1019 et

195 1040 418 1081 inscriptione
430 1048 520 1071 com.
534 1048 638 1070 ASIAE.
652 1048 745 1071 RoM.
758 1048 803 1071 ET
816 1048 901 1071 Ave.

198 1090 222 1121 i.
239 1100 270 1122 e.
297 1090 483 1121 Commune
508 1089 598 1120 Asiae
630 1091 747 1121 Romae
772 1094 808 1121 et
830 1090 902 1121 Au-

200 1144 311 1181 gusto.
335 1140 424 1171 Item
438 1139 567 1180 lapides
584 1140 617 1170 in
635 1140 754 1180 quibus
769 1141 903 1180 legatur

199 1199 364 1222 unum.
379 1199 468 1221 Rom.
481 1199 524 1220 ΕΤ
537 1198 618 1221 AUG.
631 1190 770 1221 Modius.
789 1191 902 1231 Junge

203 1240 317 1271 Strab.
332 1249 385 1271 XI.
400 1250 432 1280 p.
447 1242 521 1270 526.
540 1249 571 1279 p.
588 1242 663 1272 531.

241 1289 421 1329 Templaque
436 1289 614 1329 constituit]
636 1288 787 1320 Ἰασόνεια
804 1294 905 1322 vocat

202 1339 340 1378 Strabo,
354 1344 389 1369 et
403 1338 549 1369 Ἰασόνεια
560 1338 652 1379 ἡρῷα,
663 1339 816 1378 τιμώμενα
830 1338 905 1379 σφό-

204 1391 260 1430 δρα
283 1388 339 1419 ὑπὸ
365 1390 425 1420 τῶν
448 1388 629 1429 βαρβάρων;
661 1391 772 1431 qualia
798 1391 907 1421 multa

205 1441 313 1481 reguli
330 1445 547 1471 everterunt:
573 1441 775 1471 Parmenion
792 1446 906 1472 autem

204 1491 251 1528 id,
278 1491 367 1531 quod
395 1495 469 1521 erat
494 1490 654 1528 Abderis,
682 1491 799 1522 diruit.
822 1491 907 1521 Bon-

203 1550 290 1580 gnrs.
327 1541 381 1571 De
393 1540 444 1570 his
461 1540 646 1580 capiendus
659 1542 738 1572 Tac.
752 1550 799 1571 VI.
812 1543 865 1572 34.
877 1543 908 1572 6.

205 1589 215 1606 ‘
233 1589 345 1620 Multa
369 1589 415 1619 de·
434 1590 571 1620 nomine
594 1590 747 1621 Jasonis’
768 1592 832 1630 (sc.
850 1601 909 1631 ap-

206 1642 333 1682 pellata
342 1642 469 1682 templa
479 1641 687 1683 sacellaque)
700 1642 709 1659 ‘
719 1641 909 1674 celebrari!

207 1691 305 1722 Bern.

251 1741 332 1771 Post
361 1742 473 1771 multos
500 1740 611 1781 annos]
655 1741 748 1774 Quot
779 1741 908 1772 annos?

209 1792 359 1824 Cir-citer
373 1795 448 1823 900.
472 1793 551 1824 ΡαΙ).

251 1842 269 1881 ξ
293 1844 311 1872 7
338 1842 546 1882 Tlmlestrem]
582 1842 634 1873 De
651 1852 717 1884 qua
733 1851 773 1874 11.
795 1844 828 1874 4.
855 1845 908 1875 33.

209 1895 245 1922 et
261 1900 328 1922 xri.
344 1894 375 1923 3.
391 1895 420 1922 5.
444 1892 542 1922 Bern.

251 1943 269 1983 ξ
290 1945 310 1973 9
331 1942 362 1973 Α
386 1943 472 1981 cujus
494 1942 661 1983 montibus]
687 1943 770 1974 Mss.
792 1943 874 1974 illud
892 1953 911 1974 a

207 2001 276 2023 non
307 1997 517 2032 agnoscunt3
553 1994 667 2033 itaque
708 1993 910 2024 crediderim

211 2043 301 2076 Just.
329 2043 504 2083 scripsisse
531 2053 569 2079 e;
595 2052 711 2073 verum
738 2043 819 2074 illud
846 2053 861 2074 e
893 2053 912 2074 a

210 2102 280 2133 neq.
297 2092 395 2124 litera
407 2103 422 2124 c
437 2093 653 2133 absumptum
667 2102 751 2124 esse.
775 2092 881 2131 Sches.

256 2142 375 2182 Tigris]
413 2143 551 2173 Praeter
579 2142 692 2173 Strab.
728 2143 794 2182 leg.
821 2142 912 2174 Plin.

212 2201 263 2224 vr.
277 2195 331 2224 27.
354 2197 390 2224 et
412 2193 519 2224 Solin.
535 2195 587 2224 40.
613 2199 646 2223 et
663 2192 816 2223 libellum
835 2193 915 2224 Plu-

213 2242 323 2273 tarchi
362 2242 405 2273 de
436 2242 571 2273 Fluviis.
605 2243 763 2281 Bongars.
825 2242 914 2274 Add.

214 2292 316 2323 Diod.
342 2301 422 2323 xm.
441 2295 491 2323 17.
536 2292 673 2322 Curtius
690 2301 739 2323 iv.
762 2295 793 2323 9.
819 2295 872 2323 33.
896 2302 916 2323 a

215 2342 395 2372 celeritate.
410 2340 520 2372 fluxus
544 2341 594 2371 ita
616 2341 744 2371 dictum
761 2342 822 2380 ait,
837 2342 916 2382 quia

216 2391 356 2422 Persica
381 2391 494 2430 lingua
520 2390 645 2429 Tigrim
669 2391 829 2431 sagittam
858 2402 916 2432 ap-

216 2441 358 2482 pellant.
381 2441 481 2471 Beru.

262 2489 326 2521 Sub
340 2493 442 2520 terras
457 2488 623 2529 mergitur]
660 2490 833 2530 Ejusmodi
857 2489 917 2521 flu-

219 2541 358 2579 minum,
386 2545 496 2571 terras
524 2540 750 2580 subeuntium,
777 2545 812 2571 et
841 2546 920 2580 post

217 2590 348 2630 longius
365 2590 579 2621 intervallum
594 2591 848 2630 emergentium,
864 2599 920 2621 ex·

220 2640 332 2679 empla
359 2639 426 2670 vid.
455 2649 511 2680 ap.
537 2640 626 2671 Plin.
653 2649 694 2671 11.
720 2643 793 2671 103.
817 2650 868 2680 pr.
885 2644 922 2671 et

222 2698 280 2720 111.
299 2692 350 2720 16.
368 2699 420 2730 pr.
433 2690 547 2723 Sti-ab.
563 2699 613 2722 vr.
631 2700 664 2731 p.
679 2693 752 2721 190.
770 2693 800 2722 1.
824 2691 920 2722 Curt.

222 2749 271 2771 vr.
287 2743 319 2771 4.
334 2744 364 2772 6.
381 2743 447 2773 &c.
471 2741 571 2772 Idem.

266 2791 353 2822 CAP.
383 2800 436 2822 ιν.
470 2793 488 2832 ξ
513 2795 529 2822 1
562 2791 592 2822 A
621 2794 730 2822 senatu
758 2791 922 2831 Parthico,

224 2851 320 2880 regno
331 2842 478 2883 pellitur]
514 2844 573 2875 Est
589 2843 646 2884 qui
664 2843 924 2884 interpretetur,

1535 335 1650 377 1023

942 453 962 473 a
985 446 1107 473 senatu
1129 440 1195 484 (sc.
1217 439 1384 480 Romano)
1408 439 1650 472 Mithridatem

942 492 1122 533 depulsum
1154 491 1319 523 Parthico
1355 501 1473 531 regno.
1518 491 1650 521 Verum

942 551 1009 572 non
1032 541 1136 572 dubie
1158 545 1267 573 senatu
1284 541 1433 572 Parthico
1451 540 1649 581 legendum,

943 591 985 623 de
999 601 1064 632 quo
1078 599 1150 622 xm.
1166 594 1197 623 2.
1212 594 1244 622 2.
1268 592 1368 622 Rern.

988 643 1005 683 ξ
1028 645 1048 673 2
1074 642 1208 681 Orodes]
1234 641 1286 672 Ab
1304 642 1368 672 hoc
1384 640 1527 671 fratrem
1543 649 1650 680 regno

944 691 1077 732 pulsum
1105 691 1226 722 scribit
1254 691 1404 731 Appian.
1435 690 1590 721 Parthic-
1615 693 1653 721 et

946 740 1078 781 Syriae.
1095 740 1188 771 Hist.
1215 740 1273 771 sed
1297 741 1330 770 in
1351 741 1414 771 hac
1429 739 1563 779 Ἡρώδης
1579 738 1654 770 edi-

946 794 1018 820 tum
1035 794 1098 820 est.
1144 790 1328 821 Plutarcho
1345 790 1379 820 in
1397 790 1520 820 Crasso
1534 791 1587 819 33.
1610 788 1659 819 di-

947 839 1037 870 citur
1057 838 1197 880 Ὑρώδης,
1219 840 1253 870 in
1267 838 1418 871 Antonio
1432 841 1487 869 48.
1509 837 1655 878 Ἡρώδης.

947 889 1055 928 Bong.

990 940 1007 980 ς
1031 941 1051 970 4
1076 939 1154 970 Plus
1169 939 1299 978 hostem,
1320 948 1410 978 quam
1418 937 1558 975 fratrem
1573 938 1657 978 cogi-

948 989 1035 1029 tans]
1070 989 1188 1020 Simile
1211 987 1286 1019 fere
1309 989 1343 1019 in
1365 989 1446 1019 Tac.
1470 997 1537 1019 ΧΠ.
1556 991 1609 1020 14.
1626 990 1656 1020 8.

951 1038 1040 1070 Add.
1056 1039 1182 1070 Notam
1201 1038 1244 1069 ad
1262 1047 1340 1069 mx.
1358 1041 1386 1068 2.
1401 1040 1432 1068 6.
1458 1038 1559 1068 Bern.

1014 1088 1239 1129 Crassumque]
1291 1088 1429 1119 Praeter
1478 1085 1659 1118 Plutarchi

952 1139 1123 1178 Crassum,
1151 1139 1194 1170 de
1224 1139 1257 1169 h.
1285 1138 1376 1169 bello
1413 1137 1551 1168 videndi
1584 1137 1657 1168 Liv.

953 1189 1046 1230 Epit.
1063 1198 1133 1220 cv1.
1164 1188 1314 1230 Appian.
1330 1188 1486 1219 Parthie.
1502 1188 1592 1219 Flor.
1604 1196 1661 1219 111.

953 1243 1006 1270 11.
1042 1240 1187 1279 Eutrop.
1218 1247 1270 1270 νι.
1295 1241 1348 1270 31.
1395 1237 1499 1268 Oros
1525 1245 1576 1267 vr.
1605 1238 1658 1268 13.

951 1289 1076 1330 Tangit
1099 1289 1203 1320 etiam
1229 1289 1317 1320 Plin.
1344 1297 1386 1318 11.
1410 1290 1463 1318 56.
1491 1292 1526 1318 et
1551 1296 1583 1318 v.
1607 1289 1660 1318 24.

954 1340 1080 1371 Lucan.
1107 1339 1255 1380 passim:
1285 1339 1445 1378 Propert.
1474 1346 1525 1368 1v.
1550 1339 1582 1368 6.
1607 1339 1660 1367 83.

954 1390 1053 1420 Idem.
1098 1388 1287 1420 Athenaeus
1300 1398 1348 1420 vr.
1364 1391 1415 1419 14.
1439 1397 1482 1418 ex
1498 1387 1576 1419 Nic.
1592 1387 1662 1417 Da-

954 1439 1102 1469 masceni
1120 1438 1208 1469 libro
1225 1447 1303 1469 mv.
1343 1438 1501 1469 Crassum
1525 1437 1566 1468 ab
1590 1436 1661 1467 An-

956 1490 1135 1522 dromacho
1152 1490 1358 1529 Laodiceno,
1370 1490 1426 1530 qui
1438 1499 1514 1520 eum
1529 1488 1661 1520 adulari

956 1539 1102 1578 solebat,
1125 1544 1160 1571 et
1185 1539 1318 1580 quicum
1340 1539 1481 1570 consilia
1498 1549 1555 1570 sua
1572 1549 1665 1570 com-

958 1592 1131 1622 municare
1158 1592 1301 1632 solebat,
1325 1591 1461 1623 Parthis
1491 1591 1664 1632 proditum

959 1640 1061 1671 fuisse
1075 1645 1204 1672 narrat.

1004 1693 1021 1732 ξ
1044 1695 1062 1721 5
1088 1691 1194 1730 Hujus
1206 1691 1260 1732 fil.
1281 1691 1432 1731 Pacorus]
1468 1689 1607 1731 Πάκορος
1629 1691 1664 1721 in

960 1741 1094 1772 Graecis
1107 1741 1206 1773 codd.
1223 1742 1361 1781 legitur.
1407 1741 1555 1773 Quidam
1575 1743 1584 1758 ‘
1599 1741 1666 1771 Pa-

960 1790 1080 1830 corus‚’
1096 1795 1133 1821 ut
1150 1801 1206 1831 ap.
1222 1791 1347 1822 Horat.
1365 1800 1421 1823 111.
1439 1791 1477 1822 C.
1494 1792 1503 1808 ⁶
1518 1791 1596 1823 Jam
1612 1790 1666 1822 bis

962 1841 1123 1872 Moneses
1139 1845 1174 1871 et
1186 1841 1310 1872 Pacori
1327 1850 1444 1872 manus
1459 1841 1538 1872 Non
1555 1840 1670 1882 auspi-

961 1895 1056 1921 catos
1095 1890 1253 1922 contudit
1289 1890 1464 1931 impetus.'
1532 1890 1585 1922 Id.
1623 1890 1667 1921 de

962 1941 1110 1971 Phraate
1127 1950 1167 1972 11.
1184 1941 1223 1972 C.
1248 1942 1257 1958 ‘
1276 1941 1461 1972 Redditum
1482 1940 1566 1981 Cyri
1584 1940 1668 1971 solio

960 1991 1148 2021 Phraaten}
1183 1991 1362 2022 Dissidens
1397 1990 1488 2031 plebi
1528 1999 1668 2022 numero

962 2041 1139 2072 beatorum
1156 2041 1285 2072 Eximit
1300 2041 1430 2072 virtus.’
1465 2041 1509 2071 Et
1526 2040 1567 2070 de
1580 2040 1670 2071 Tiri-

963 2090 1041 2121 date
1058 2100 1081 2121 1.
1101 2091 1139 2122 C.
1172 2091 1181 2108 ‘
1201 2090 1290 2123 Quid
1315 2090 1501 2121 Tiridatem
1526 2094 1669 2129 terreat,

963 2141 1062 2172 unice
1078 2140 1246 2172 Securus!
1273 2141 1321 2172 Ut
1333 2141 1444 2171 lector
1461 2140 1670 2180 syllabarum

965 2190 1133 2221 rationem
1163 2199 1203 2221 eo
1230 2189 1428 2230 diligentius
1457 2194 1567 2229 notet,
1593 2189 1669 2220 haec

965 2241 1138 2272 adducere
1157 2241 1295 2280 placuit.
1320 2241 1412 2271 Glar-

1009 2290 1115 2329 Hujus
1127 2290 1181 2332 fil.
1204 2291 1342 2321 Pacorus
1363 2290 1488 2329 missus]
1519 2289 1596 2320 Hoc
1620 2289 1671 2330 ip-

967 2349 1038 2371 sum
1052 2350 1185 2380 quoque
1202 2345 1350 2371 testatur
1360 2340 1433 2371 Cic.
1447 2340 1490 2370 ad
1505 2339 1576 2371 Att.
1601 2339 1671 2371 Sed

967 2400 1146 2431 perperam
1163 2400 1218 2431 ap.
1244 2400 1319 2421 eum
1343 2391 1405 2421 hoc
1424 2390 1534 2421 Orodi
1551 2389 1673 2420 tribui-

968 2444 1037 2479 tur,
1065 2449 1132 2470 non
1162 2440 1230 2471 filio
1261 2441 1333 2480 ejus
1364 2441 1509 2471 Pacoro.
1557 2439 1672 2470 Verba

969 2489 1042 2529 ejus
1069 2498 1102 2521 v.
1126 2491 1191 2530 Ep.
1218 2493 1271 2521 21.
1307 2491 1315 2507 ‘
1332 2491 1520 2521 Maximum
1544 2490 1671 2520 bellum

969 2539 1155 2579 impendet.
1203 2541 1291 2571 Nam
1322 2546 1357 2571 et
1392 2540 1542 2578 Orodes,
1581 2540 1671 2580 regis

970 2589 1176 2620 Parthorum
1192 2589 1291 2628 filius,
1311 2590 1342 2620 in
1363 2590 1539 2630 provincia
1554 2595 1673 2621 nostra

971 2638 1046 2678 est‚'
1063 2641 1124 2670 διο.
1167 2638 1234 2670 Sed
1259 2639 1425 2670 scribend.
1449 2643 1524 2670 erat
1541 2639 1625 2670 Nam
1642 2642 1674 2670 et

974 2689 1086 2719 Orodis
1100 2689 1185 2728 regis
1203 2688 1504 2730 Parthorumfilius,
1522 2689 1575 2728 ᾅὌ.
1609 2688 1672 2720 Ni-

971 2739 1019 2770 hil
1033 2739 1166 2770 certius.
1201 2739 1286 2770 Voss.

1015 2790 1045 2820 A
1072 2788 1194 2828 Cassio]
1229 2790 1308 2829 Leg.
1331 2789 1401 2820 Cic.
1416 2788 1457 2819 ad
1474 2788 1549 2820 Att.
1567 2797 1602 2819 v.
1619 2790 1674 2819 20.

975 2838 1075 2871 Oros.
1093 2848 1125 2871 v.
1145 2842 1193 2871 13.
1217 2840 1353 2871 Patere.
1376 2848 1415 2870 ιι.
1438 2842 1489 2869 46.
1533 2839 1585 2870 De
1607 2838 1675 2870 Pa-
