2101 3419
425 408 510 450 996

426 511 548 543 dociae.
592 512 667 544 Val.
684 513 732 544 M.
749 522 801 545 xx.
821 516 850 545 1.
887 514 896 531 ‘
915 514 1122 545 Ptolemaeus

423 561 616 593 accessione
632 562 789 594 vitiorum
805 573 941 595 suorum
959 564 1043 595 vixit
1057 564 1076 595 :'
1087 568 1124 595 et

424 612 516 644 Flor.
530 622 568 644 11.
581 616 633 644 11.
649 616 679 645 9.
725 615 734 631 ‘
750 615 924 656 Quidquid
939 615 1122 646 insularum

423 662 457 692 in
488 671 528 693 eo
553 663 637 694 mari
662 664 752 695 inter
775 665 960 696 Ceraunios
990 670 1122 696 montes

416 712 605 754 jugumque
628 714 790 754 Maleum,
808 715 944 746 AEtoliei
966 715 1046 746 belli
1069 725 1121 747 ac-

422 763 532 794 cessio
548 762 711 796 fuerunt!
742 765 840 796 Gran.

465 815 482 854 ς
505 816 523 843 5
551 814 613 849 Qui
637 815 758 845 senatui
779 815 942 855 assereret]
969 815 1120 855 Legend.

420 867 584 894 asseveret.
629 864 702 895 Cic.
719 865 827 896 Bruto
843 868 896 896 57.
925 867 933 882 ‘
951 865 1121 898 Quemad-

419 913 556 944 modum
573 914 784 945 adversarius
801 915 843 946 de
866 925 998 956 quaque
1015 925 1051 946 re
1068 925 1119 946 as·

419 963 575 994 seven-et?
609 964 744 995 Gronov.
769 965 778 981 ‘
794 964 972 996 Asserere’
988 964 1118 1005 pro,af-

418 1011 565 1053 firmare,
581 1020 694 1044 notum
711 1015 868 1055 usurpari
885 1025 904 1045 a
916 1015 1116 1053 Veteribus;

419 1067 454 1093 at
485 1073 619 1094 asserere
642 1065 716 1104 quid
740 1065 832 1095 alicui
863 1075 902 1096 an
932 1066 1118 1106 reperiatur

417 1111 550 1144 dubito.
596 1114 637 1144 In
654 1114 738 1144 Mss.
757 1115 867 1154 Bong.
885 1118 936 1145 est
955 1118 1118 1146 assereret.

417 1163 517 1194 Unde
556 1169 672 1204 putem
720 1165 882 1195 Nostrum
930 1168 1117 1195 asseveraret

416 1213 607 1253 scripsisse.
623 1214 723 1252 Schef.
745 1214 871 1245 VeriSs.
887 1219 939 1245 est
950 1215 1117 1254 scriptura

415 1263 577 1294 librorum
605 1264 714 1304 Bong.
744 1265 800 1305 qui
826 1267 977 1294 asseveret
1000 1265 1118 1304 legunt

414 1324 477 1355 pro
497 1318 657 1346 assereret.
704 1316 792 1346 Nam
816 1316 825 1332 ‘
845 1314 1016 1345 asserere'
1042 1324 1116 1355 pro,

415 1364 595 1405 affirmare,
608 1375 769 1406 nusquam
779 1375 834 1406 ap.
848 1365 1003 1396 meliores
1012 1365 1116 1406 scrip-

413 1420 506 1446 tores
525 1416 710 1446 veteriores
725 1416 905 1456 reperitur.
930 1416 939 1432 ‘
954 1414 1118 1446 Asserere

413 1464 448 1495 iu
488 1464 703 1496 libertatem'
735 1464 894 1506 frequens
924 1469 990 1496 est.
1048 1465 1116 1496 Sed

412 1516 421 1531 ‘
439 1515 558 1546 asserit
582 1516 644 1546 hoc
670 1515 723 1547 hic
751 1521 809 1546 aut
831 1514 908 1546 ille'
936 1515 1115 1547 deterioris

414 1567 588 1607 temporis
616 1567 722 1598 Groee.

456 1618 472 1656 ξ
498 1620 517 1647 S
540 1617 669 1655 Negant
690 1617 793 1649 rivere
813 1620 937 1657 gentem
958 1617 1026 1648 sine
1044 1627 1116 1657 rege

410 1668 512 1708 posse]
551 1673 559 1684 ‘
578 1668 750 1708 Gentem‚'
765 1669 924 1710 subaudi,
948 1679 1055 1708 suam,
1069 1679 1116 1700 se.

414 1717 676 1758 Cappadocum:
716 1720 884 1759 quomodo
914 1719 1046 1751 Auctor
1076 1729 1116 1750 ea

411 1777 496 1799 voce
513 1769 691 1809 speciatim
705 1769 804 1800 etiam
817 1770 925 1801 utitur
939 1779 1069 1801 xxxx-1.
1082 1772 1114 1801 2.

412 1820 464 1849 14.
510 1819 586 1850 Hoc
611 1828 678 1849 non
703 1828 887 1859 monerem,
912 1819 975 1850 nisi
1002 1819 1114 1859 magni

410 1868 553 1899 nominis
590 1868 756 1900 Politicus
792 1868 948 1901 Auctoris
986 1869 1049 1900 ista
1073 1869 1115 1900 de

412 1919 502 1949 omni
539 1924 640 1959 gente
684 1919 896 1959 pronuntiari
944 1924 1112 1950 censeret.

412 1968 513 2000 Quod
530 1978 595 1998 nou
615 1972 665 1999 est
682 1969 743 1999 ita.
788 1969 890 2008 Nam,
905 1969 969 2000 etsi
985 1969 1027 1999 de
1043 1978 1115 1999 sen-

409 2020 521 2051 tentia
547 2020 757 2051 Mithridatis
789 2031 844 2061 ap.
873 2021 956 2052 Sall.
986 2021 1029 2052 H.
1060 2030 1112 2051 ιν.

409 2070 418 2086 ‘
435 2071 541 2102 Pauci
560 2071 766 2109 libertatem,
780 2081 859 2111 pars
872 2072 1113 2112 magnajnstos

409 2120 562 2152 dominos
575 2121 693 2152 volunt
706 2121 726 2152 ε’
750 2122 813 2152 hoc
828 2126 940 2152 tamen
954 2121 991 2151 iis
1004 2122 1111 2152 solum

409 2171 545 2210 accidit,
573 2171 629 2212 qui
667 2172 675 2188 ‘
702 2171 872 2202 libertatis
897 2171 1110 2202 dulcedinem

409 2221 558 2251 nondum
587 2225 665 2252 sunt
688 2222 845 2262 experti,'
873 2222 945 2252 Liv.
964 2231 989 2252 1.
1007 2224 1057 2252 17.
1081 2224 1111 2253 3.

409 2270 517 2301 Sicuti
547 2282 601 2312 ap.
626 2272 705 2302 Tac.
731 2280 812 2302 xiil.
829 2274 880 2303 34.
923 2270 1111 2311 ‘Armenii‚

408 2320 570 2352 libertate
595 2322 723 2362 ignota,
739 2322 845 2362 inagis
869 2322 910 2352 ad
934 2322 1109 2353 servitium

408 2373 597 2405 inclinant?
635 2372 726 2406 Add.
741 2374 782 2404 de
796 2374 962 2414 AEgyptiis
978 2373 1107 2404 Herod.

407 2426 534 2454 11.147.
565 2424 749 2464 Ceteroqui
763 2433 842 2454 sane
857 2422 1108 2453 ‘nihilomnino

407 2473 569 2504 bonorum
602 2473 811 2504 multitudini
840 2473 979 2512 gratius,
1010 2482 1108 2513 quam

405 2523 574 2562 libertas‚'
598 2524 667 2554 Liv.
686 2533 822 2555 xxxin.
841 2527 891 2555 18.
909 2527 940 2554 fi.
965 2524 1065 2555 Rern.

412 2586 416 2590 ·
451 2573 690 2613 Ariobarzanes]
731 2574 832 2605 Hunc
856 2580 976 2614 postea
1004 2584 1109 2613 regno

407 2624 585 2662 expulsum
613 2623 718 2655 refert
744 2624 816 2654 Cic.
846 2633 906 2664 pro
933 2624 970 2654 L.
991 2624 1108 2655 Manil.

406 2677 436 2703 ὅ.
453 2678 485 2703 et
501 2672 630 2703 Auctor
647 2673 719 2713 ipse
737 2683 810 2713 cap.
823 2682 894 2713 seq.
912 2675 942 2703 3.
976 2673 1072 2703 Idem.

451 2724 605 2755 Canni.
632 2725 647 2764 ξ
667 2727 681 2754 1
704 2723 868 2763 Tigranes]
898 2723 1106 2763 Leg.strab.

408 2784 457 2805 ΣΙ.
474 2779 544 2805 ext.
561 2784 602 2805 cx
621 2784 686 2814 quo
703 2780 737 2804 ct
761 2783 802 2805 ex
820 2783 885 2804 uno
907 2774 972 2804 Ms.
990 2774 1108 2814 scripsi

406 2825 492 2855 obses
508 2824 650 2862 Parthis,
661 2825 780 2854 cumin
795 2824 918 2854 ceteris
934 2824 978 2855 sit
994 2824 1076 2854 obses
1090 2835 1108 2854 a

408 2875 446 2904 1¹.
473 2874 598 2914 inepte.
634 2873 780 2914 Appian.
797 2874 915 2904 Miuur.
938 2883 970 2913 p.
984 2876 1056 2904 176.
1074 2874 1107 2904 d.

407 2923 672 2954 Ariobarzanem
702 2935 720 2954 a
752 2924 903 2955 Mitliraa
929 2928 965 2955 et
993 2924 1110 2964 Bagoa

408 2973 625 3013 Cappadocia
643 2975 775 3014 pulsum
793 2973 923 3014 scribit,
936 2978 970 3006 et
987 2974 1020 3005 in
1036 2974 1107 3014 ejus

882 421 1024 451 No'rAE
1057 421 1322 453 VAnioRUM
1356 411 1420 463 1NJ

1171 514 1284 545 locum
1315 514 1517 546 Ariarathen
1543 514 1780 547 constitutum:
1807 516 1871 547 Ni-

1172 563 1346 595 comedem
1377 574 1455 596 vero
1482 565 1646 605 Bithynia
1676 576 1696 597 a
1728 566 1870 598 Socrate

1171 612 1277 645 fratre
1294 614 1453 654 ejectum.
1497 616 1603 654 Bong.

1212 664 1297 695 Ante
1308 664 1436 695 multum
1448 666 1609 706 temporis]
1638 666 1695 697 Ita
1710 666 1820 706 Bong.
1834 670 1871 697 et

1171 718 1248 754 post
1263 723 1339 744 eum
1355 714 1411 745 alii
1427 714 1577 751 edidere,
1621 716 1687 747 Sed
1705 716 1872 757 antiquio-

1171 773 1224 794 res
1252 763 1343 804 typis
1373 774 1466 804 expr.
1490 764 1618 796 habent
1641 769 1714 797 ante
1737 776 1797 797 non
1824 775 1869 797 m.

1170 817 1306 854 tempus:
1338 814 1428 855 quod
1462 824 1525 855 ego
1562 815 1699 856 quidem
1736 820 1867 847 rectum

1170 869 1297 904 putem.
1342 865 1479 895 Multum
1493 868 1611 905 tempus
1637 875 1712 905 pro,
1725 865 1868 896 multum

1170 914 1345 954 temporis,
1373 914 1510 954 dicitur,
1532 919 1571 946 ut
1605 916 1614 933 ‘
1633 915 1775 946 multum
1801 915 1868 945 ole-

1169 963 1249 1003 um‚'
1273 965 1282 981 ‘
1301 963 1460 1003 exiguum
1488 964 1622 995 vinum'
1647 974 1667 995 a
1691 964 1868 995 Scribonio

1168 1014 1290 1052 Largo.
1316 1013 1394 1044 Vid.
1408 1013 1560 1044 Iudicem
1577 1014 1609 1044 in
1632 1014 1720 1045 hunc
1733 1014 1869 1045 Rhodii.

1174 1063 1274 1093 Vorst.
1304 1063 1371 1093 Pro
1386 1063 1530 1104 temporis
1546 1063 1580 1094 in
1595 1064 1696 1095 editis
1709 1064 1866 1105 quibusd.

1168 1116 1286 1152 tempus
1312 1113 1446 1153 legitur,
1477 1113 1565 1154 quod
1591 1123 1655 1144 non
1679 1113 1864 1154 repudiem.

1167 1163 1226 1202 At,
1238 1163 1327 1204 quod
1343 1163 1398 1194 iid.
1412 1163 1576 1203 adjiciunt
1586 1173 1867 1205 non‚sensumque

1167 1212 1298 1243 faciunt
1324 1214 1542 1252 contrarium,
1558 1213 1613 1244 vix
1640 1219 1723 1253 puto
1747 1214 1868 1245 admit-

1168 1263 1321 1301 tendum,
1335 1272 1411 1293 cum
1427 1267 1618 1303 repugnent
1633 1264 1716 1295 Mss.
1747 1265 1777 1295 E
1795 1265 1867 1305 qui-

1166 1313 1227 1343 bus
1244 1322 1320 1344 mox
1338 1322 1398 1352 pro
1410 1314 1461 1343 sed
1475 1314 1547 1344 olim
1563 1318 1640 1345 sunt
1657 1315 1713 1355 qui
1725 1325 1778 1346 nec
1794 1316 1867 1346 olim

1167 1363 1306 1395 malunt.
1331 1363 1416 1394 Mihi
1435 1364 1547 1395 omnia
1558 1365 1760 1396 examinanti
1772 1365 1867 1397 locus

1167 1418 1258 1444 totus
1288 1414 1337 1444 ita
1363 1413 1500 1445 videtur
1533 1414 1748 1447 scribendus:
1782 1415 1867 1447 obses

1169 1463 1299 1494 Parthis
1312 1467 1383 1495 ante
1403 1465 1531 1495 multum
1551 1468 1670 1505 tempus
1691 1467 1795 1506 datus,
1813 1467 1868 1497 sed

1165 1524 1219 1546 nec
1235 1515 1307 1546 olim
1321 1515 1358 1546 ab
1371 1515 1440 1546 iisd.
1453 1516 1487 1546 in
1501 1525 1529 1547 r.
1543 1527 1577 1557 p.
1593 1525 1621 1548 r.
1657 1515 1771 1548 Schef.

1208 1564 1270 1596 Sed
1284 1565 1372 1605 olim]
1404 1566 1474 1597 Pro
1490 1566 1552 1597 hoc
1569 1565 1682 1597 malim
1703 1576 1758 1597 nec
1772 1567 1811 1598 ol.
1829 1570 1867 1598 nt

1165 1616 1312 1648 Bechar.
1328 1617 1457 1648 edidit:
1482 1622 1520 1648 ut
1542 1617 1605 1648 hoc
1630 1617 1675 1648 sit
1701 1627 1775 1659 pro,
1799 1627 1867 1649 non

1165 1668 1213 1698 ita
1252 1668 1394 1709 pridem.
1437 1668 1540 1700 Vorst.
1599 1667 1696 1700 Junt.
1729 1677 1866 1709 quoque

1165 1722 1236 1749 ante
1245 1729 1302 1750 nou
1312 1719 1440 1750 multam
1450 1722 1578 1759 tempus,
1587 1728 1641 1750 nec
1652 1719 1733 1750 olim.
1748 1719 1865 1751 Graev.

1211 1771 1300 1805 Quod
1315 1769 1401 1809 olim]
1440 1770 1524 1800 Olim
1549 1769 1646 1801 abest
1669 1780 1689 1801 a
1710 1769 1867 1801 Becharii

1165 1819 1306 1860 aliisque
1335 1819 1577 1860 antiquioribus
1600 1819 1677 1850 edd.
1709 1823 1744 1851 et
1771 1824 1865 1850 recte

1164 1870 1389 1911 meojudicio.
1434 1870 1513 1901 Non
1530 1870 1749 1901 Mithridates
1772 1869 1864 1909 olim,

1165 1922 1304 1962 sedjam
1318 1926 1386 1952 tum
1401 1921 1648 1952 meditabatur:
1674 1930 1737 1952 uec
1749 1925 1864 1961 potest

1165 1972 1342 2012 quisquam
1361 1971 1484 2012 aliquid
1503 1971 1580 2002 olim
1606 1971 1764 2002 meditari
1780 1982 1787 2002 ε
1813 1980 1863 2002 re-

1165 2026 1318 2061 pugnant
1334 2021 1422 2051 enim
1448 2021 1520 2052 haec
1547 2021 1636 2052 inter
1663 2030 1710 2058 se,
1735 2025 1771 2051 ut
1787 2030 1862 2062 quae

1164 2075 1317 2111 tempora
1332 2071 1477 2109 diversa,
1494 2071 1706 2111 praeteritum
1721 2075 1756 2102 et
1772 2071 1862 2103 futu-

1163 2130 1250 2160 rum,
1274 2126 1333 2152 aut
1358 2130 1507 2160 praesens
1524 2125 1559 2151 et
1582 2119 1747 2160 futurum,
1772 2130 1862 2152 com-

1163 2171 1387 2211 prehendunt.
1432 2170 1594 2202 Meditari
1611 2171 1731 2211 aliquis
1747 2175 1863 2211 potest

1161 2221 1250 2261 quod
1267 2221 1346 2251 olim
1369 2220 1503 2251 demum
1526 2221 1570 2252 sit
1593 2221 1789 2261 gerendum,
1802 2220 1863 2252 sed

1162 2280 1227 2301 non
1242 2275 1355 2311 potest
1370 2270 1448 2301 olim
1465 2270 1633 2302 meditari.
1662 2272 1763 2302 Vorst.

1204 2322 1220 2360 ξ
1235 2323 1254 2351 2
1273 2321 1316 2350 Ec
1334 2330 1370 2351 ne
1382 2320 1450 2360 quis
1465 2321 1559 2360 dolus,
1573 2319 1641 2360 ἐξα]
1686 2320 1775 2352 Quia
1789 2320 1862 2350 nul-

1161 2371 1213 2401 lus
1225 2374 1277 2401 est
1289 2374 1537 2408 contractuum,
1550 2370 1607 2411 qul
1621 2369 1775 2401 videatur
1786 2369 1860 2401 fieri

1161 2420 1301 2451 meliore
1317 2419 1384 2450 fide
1399 2431 1407 2450 ε
1433 2420 1559 2461 quippe
1582 2421 1591 2437 ‘
1608 2420 1722 2460 generi
1739 2419 1862 2451 soceris

1163 2476 1240 2500 sunt
1263 2470 1336 2501 loco
1363 2469 1527 2501 filiorum:
1553 2474 1588 2500 et
1607 2470 1641 2500 hi
1659 2469 1803 2500 vicissim
1827 2469 1862 2500 in

1161 2520 1238 2550 loco
1269 2523 1446 2560 parentum
1473 2520 1540 2550 suis
1569 2519 1722 2559 generis‚'
1750 2523 1787 2550 ut
1813 2519 1862 2550 ait

1162 2571 1261 2601 Philo
1283 2570 1415 2603 Jud.11.
1442 2569 1484 2600 de
1508 2570 1715 2601 Monarchia.
1759 2569 1860 2601 ‘Hoc

1161 2630 1291 2651 sacrum
1318 2623 1381 2659 est,
1410 2619 1499 2660 quod
1532 2620 1624 2650 nulla
1650 2619 1862 2659 permittitur

1161 2670 1385 2702 commotione
1406 2670 1543 2701 violari:
1568 2679 1644 2700 nam
1660 2669 1780 2711 quibus
1802 2669 1860 2700 ob-

1161 2722 1288 2753 sidibus
1298 2720 1567 2759 habeaturfides,
1581 2721 1686 2752 sinon
1701 2721 1861 2752 credatur

1161 2772 1335 2804 affectibus
1349 2771 1372 2802 ?’
1409 2771 1561 2803 Cassiod.
1578 2772 1661 2803 Var.
1677 2780 1733 2802 111.
1748 2771 1812 2812 Ep.
1827 2773 1859 2802 4.

1161 2833 1212 2864 pr.
1237 2824 1334 2854 Bern.

1204 2873 1319 2904 Filiam
1340 2881 1426 2902 suam
1445 2872 1655 2913 Cleopatram]
1687 2871 1773 2903 Inde
1788 2870 1861 2911 Ap-

1161 2923 1252 2963 pian.
1287 2921 1407 2952 Mithr.
1445 2931 1479 2962 p.
1513 2925 1586 2954 180.
1623 2932 1653 2954 c.
1699 2920 1860 2961 Τινγβάνης

1162 2971 1312 3013 [legend.
1346 2970 1510 3013 Τιγράνης]
1548 2973 1564 3003 ὁ
1591 2971 1743 3014 Ἀρμένιος
1779 2971 1861 3011 αὐτῷ
