2101 3419
533 368 727 399 JUSTINI
763 357 1025 398 mn.‘x1.1v.
1059 369 1166 398 cm».
1198 360 1238 399 5.

169 461 294 502 potuit.
341 460 442 492 Hune
471 460 640 493 Hercules
668 461 771 493 vicit:
805 461 864 502 qni

167 511 246 542 ideo
262 510 388 541 dicitur
403 510 445 541 ad
468 520 545 542 eum
568 511 634 542 olla
649 520 739 542 aerea
755 515 863 542 trans-

169 563 300 599 vectus,
323 558 413 600 quod
428 558 583 591 habuerit
597 569 717 592 navem
738 559 864 592 fortem

168 612 205 640 et
221 617 290 640 aere
303 607 487 639 munitam.'
512 609 601 640 Mod.

216 659 284 690 Uno
292 658 394 689 animo
403 657 488 698 regi]
504 657 656 689 Imitatio
665 657 866 698 Virgiliana,

169 707 178 724 ‘
198 707 290 737 Dum
307 705 445 746 spiritus
461 706 519 737 hos
535 709 630 746 reget
644 705 762 737 artus.'
786 704 865 736 fab.

213 756 300 787 CAP.
317 764 352 787 v.
396 756 414 796 ξ
432 758 449 786 1
473 756 551 787 Post
560 766 658 795 regna
667 756 776 787 deinde
787 754 865 786 His-

168 804 287 846 panioe]
323 805 487 837 Quaenam
525 805 654 844 regna?
698 803 867 844 Hispania

171 863 328 895 namque,
343 852 386 884 de
400 862 463 894 qua
473 853 528 884 hic
543 862 667 893 sermo,
679 862 782 884 unum
794 855 866 883 tan-

172 907 242 934 tum
257 902 385 934 habuit.
407 901 554 933 Videtur
567 911 648 943 ergo
665 902 751 934 istoc
771 911 867 941 regna

172 951 366 992 glossatoris
389 959 475 983 esse.
518 951 573 983 Id.
604 961 726 984 censeo
755 955 792 983 et
823 951 866 982 de

173 1011 242 1042 seq.
255 1001 421 1041 provinciae
435 1000 610 1042 vocabulo,
636 1006 672 1032 et
686 1005 867 1042 utrumque

172 1050 320 1082 arbitror
340 1049 476 1082 delend.
499 1050 606 1089 Schef.
651 1050 758 1092 Atqui
782 1050 868 1081 dixit

173 1099 207 1130 in
222 1099 289 1130 alia
303 1099 480 1140 Hispaniae
501 1104 599 1140 parte
620 1110 780 1141 regnasse
797 1100 868 1131 Ha-

174 1148 300 1189 bidem,
309 1149 342 1180 in
355 1149 420 1181 alia
430 1149 637 1190 Geryonem.
682 1151 743 1182 Est
755 1154 868 1182 tamen

174 1198 228 1229 hic
244 1198 338 1229 locus
353 1197 492 1230 ὕπουλος.
517 1198 626 1230 Groev.

219 1248 237 1288 ξ
253 1251 272 1279 2
298 1248 375 1279 Cum
387 1248 540 1280 Gaditani
549 1258 568 1279 a
581 1248 679 1289 Tyro]
696 1247 782 1280 Haec
795 1258 871 1289 pro-

176 1296 245 1327 lixe
262 1301 377 1328 narrat
392 1297 506 1329 Strab.
527 1301 598 1328 ext.
621 1297 680 1329 lib.
697 1306 754 1328 111.
788 1298 872 1328 Bon-

174 1354 260 1384 gars.
306 1346 463 1378 Colonias
488 1356 508 1376 a
522 1346 633 1386 Tyriis
650 1346 804 1377 conditas
820 1354 872 1376 re-

177 1395 294 1426 ferunt
308 1395 398 1427 Plin.
414 1403 448 1426 v.
466 1398 518 1426 19.
535 1400 571 1426 et
586 1396 682 1427 Curt.
700 1403 751 1427 1v.
769 1398 802 1426 4.
818 1398 873 1426 27.

178 1444 269 1477 Add.
290 1445 396 1476 Diod.
423 1453 509 1477 xxv.
536 1447 567 1477 2.
611 1444 719 1476 Arist.
746 1444 872 1475 Mirab.

180 1499 252 1528 122.
276 1496 376 1528 Bern.

223 1544 438 1577 Invidentibus
462 1544 672 1584 incrementis,
694 1542 760 1584 ssa]
783 1542 873 1574 Add.

180 1603 257 1635 sup.
275 1602 379 1625 xun.
395 1597 427 1626 3.
445 1597 496 1624 13.
512 1598 548 1625 et
562 1597 594 1626 5.
608 1596 638 1625 4.
670 1593 743 1625 Liv.
758 1601 783 1623 1.
801 1595 832 1623 9.
844 1594 876 1623 4.

181 1648 217 1676 et
241 1653 267 1675 1.
291 1646 342 1675 14.
359 1647 392 1675 6.
426 1644 511 1676 Tae.
525 1652 575 1675 lv.
592 1645 646 1675 63.
661 1645 693 1675 4.
731 1641 878 1673 Amirat.

184 1702 246 1724 xx.
264 1695 315 1723 10.
339 1693 436 1724 Idem.

226 1744 279 1783 §4
303 1742 536 1782 Hamilcarem]
562 1741 665 1782 Cujus
692 1750 878 1781 cognomen

183 1791 360 1823 ‘Barcas.’
403 1792 488 1833 Leg.
508 1791 627 1831 Polyb.
653 1800 693 1823 11.
730 1790 877 1832 Appiau.

1500 357 1612 399 1041

919 461 1055 492 Iberica
1082 471 1113 501 p.
1129 464 1203 492 258.
1233 459 1257 493 f.
1303 459 1453 491 Probum
1481 461 1515 492 in
1541 461 1615 502 ejus

918 510 1011 541 Vita.
1055 509 1108 541 De
1124 509 1338 541 Hasdrubale
1356 520 1375 540 a
1391 519 1501 550 servo,
1517 511 1616 551 cujus

918 569 993 599 sup.
1018 559 1081 590 hoc
1117 559 1189 599 ipso
1216 559 1273 590 lib.
1296 557 1427 590 Auctor
1450 559 1619 601 meminit,

917 607 1114 646 interfecto,
1130 607 1198 639 vid.
1216 608 1308 640 eosd.
1341 609 1445 647 Bong.

959 657 977 696 ς
993 660 1012 687 5
1035 655 1065 687 A
1081 656 1184 696 servo]
1208 664 1307 688 xmv.
1319 659 1351 687 2.
1361 659 1392 688 4.
1411 655 1547 690 Val.M.
1560 666 1616 690 111.

918 707 950 736 3.
965 704 1022 736 fin.
1048 704 1196 745 Appian-
1214 705 1343 738 Annib.
1357 716 1392 746 p.
1408 708 1482 738 314.
1514 707 1574 739 Sil.
1591 717 1618 740 1.

920 757 994 786 165.
1009 757 1074 786 διο.
1097 754 1203 786 Diod.
1222 763 1311 786 xxv.
1326 758 1358 786 2.
1389 756 1490 787 Rern.

963 805 1016 844 §7
1040 803 1249 844 Scipionibus]
1273 804 1404 836 Cneum
1414 809 1448 836 et
1459 805 1619 838 Publium

921 853 1095 894 intelligit,
1112 862 1194 894 quos
1217 854 1226 871 ‘
1244 854 1312 885 duo
1328 853 1470 886 fulmina
1485 855 1621 896 imperii

922 902 1082 934 Romani’
1110 908 1210 934 vocat
1238 904 1311 935 cic.
1341 914 1404 944 pro
1429 905 1539 937 Balbo
1567 909 1620 938 15.

923 953 997 984 Liv.
1014 960 1101 985 XXV.
1135 953 1191 984 De
1207 953 1381 994 Hispania
1405 954 1447 985 ab
1463 954 1623 995 Augusto

921 1001 1050 1033 domita
1066 1002 1132 1042 leg.
1155 1002 1260 1034 Dion.
1287 1003 1382 1035 Suet.
1405 1004 1497 1036 Flor.
1519 1005 1621 1037 Oros.

922 1050 1049 1083 Horat.
1067 1060 1122 1083 111.
1146 1051 1215 1083 Od.
1234 1054 1285 1084 14.
1329 1052 1399 1084 Sed
1414 1053 1483 1093 hic,
1498 1058 1537 1085 ut
1553 1054 1622 1085 Au-

922 1104 1022 1140 gusto
1039 1100 1239 1132 bellicorum
1256 1102 1493 1142 certaminum,
1516 1102 1564 1134 ita
1587 1107 1623 1134 et

922 1150 1001 1181 mihi
1016 1150 1309 1182 commentationis
1320 1151 1432 1192 hujus,
1443 1151 1622 1184 laboriosae

923 1209 1023 1240 quam
1039 1199 1194 1239 gloriosae
1210 1200 1332 1241 magis,
1357 1199 1434 1231 finis
1451 1205 1548 1232 esto:
1573 1205 1622 1240 et,

924 1259 1031 1280 vacuo
1070 1254 1151 1280 tunc
1179 1249 1300 1281 duellis
1329 1249 1412 1281 orbe
1447 1254 1627 1291 terrarum,

924 1298 1031 1331 Janus
1048 1297 1181 1329 Quirini
1196 1297 1238 1328 ab
1252 1299 1309 1329 illo
1324 1300 1448 1339 clusus,
1461 1300 1537 1331 leve
1550 1301 1627 1341 hoc,

925 1356 992 1378 non
1029 1345 1180 1378 futurum
1218 1351 1333 1379 tamen
1370 1348 1504 1387 inutile,
1541 1360 1626 1391 opus

927 1396 1066 1428 claudat
1083 1397 1253 1429 Feliciter.
1284 1398 1392 1437 Bong.

970 1447 988 1486 ξ
1005 1448 1026 1477 8
1049 1447 1229 1478 Perdomita
1244 1447 1418 1488 provincia]
1443 1447 1509 1479 Ina
1521 1448 1629 1480 verba

929 1495 1050 1534 deleo;
1075 1500 1157 1526 nata
1174 1496 1299 1537 quippe
1315 1501 1395 1528 sunt
1410 1507 1450 1528 ex
1467 1498 1533 1529 inis
1552 1508 1627 1539 quoe

930 1545 964 1575 in
981 1545 1057 1575 ead.
1073 1545 1212 1585 periodo
1227 1546 1385 1585 leguntur
1400 1547 1409 1563 ‘
1423 1547 1631 1588 perdomito’

932 1598 968 1625 et
982 1595 990 1611 ‘
1006 1594 1214 1634 provinciae!
1258 1596 1299 1627 Id
1311 1596 1400 1636 quod
1413 1597 1500 1628 adeo
1512 1607 1628 1628 verum

933 1648 1000 1682 est,
1025 1648 1062 1674 ut
1085 1643 1162 1675 hinc
1192 1654 1326 1686 quoque
1352 1655 1445 1677 error
1463 1646 1545 1677 alius
1560 1657 1630 1678 ma-

933 1692 1036 1732 narit,
1074 1692 1130 1733 qui
1158 1692 1191 1723 in
1219 1694 1305 1726 Mss.
1334 1694 1441 1727 Codd.
1467 1696 1630 1728 occurrit.

932 1742 1047 1773 Faber.
1093 1742 1292 1774 Certissima
1306 1749 1358 1774 est
1372 1744 1443 1776 haec
1454 1745 1554 1777 Fabri
1565 1746 1632 1778 ele=

933 1790 1121 1831 gantissimi
1137 1793 1348 1833 conjectura.
1380 1794 1490 1826 Graev.

562 2097 1017 2149 TANAQUILLUS
1051 2097 1262 2140 FABER

877 2227 944 2257 AD

495 2324 766 2371 ELIAM
827 2325 1337 2373 BORELLUM.

239 2568 451 2600 EPISTOLAM
496 2569 595 2601 hodie
639 2571 682 2602 ad
721 2572 894 2603 Graevium

196 2618 416 2658 scripsi‚Mea
425 2618 632 2660 Suavitas‚in
643 2630 710 2660 qua
721 2621 802 2652 satis
812 2622 896 2652 mul-

198 2670 234 2697 ta
241 2671 337 2698 erant
348 2677 422 2708 quae
431 2668 473 2699 ad
485 2668 613 2700 Justini
626 2670 896 2701 emendationem

199 2715 431 2755 pertinerent3
453 2717 554 2758 idque
571 2727 590 2748 a
605 2727 658 2749 me
674 2718 751 2749 ideo
767 2718 895 2750 factum

200 2768 266 2803 est,
281 2764 386 2806 (nam,
397 2770 434 2797 ut
449 2767 550 2805 nosti,
569 2767 635 2798 alia
647 2771 800 2808 poteram
819 2768 898 2799 scri-

201 2811 311 2854 bere,)
324 2813 413 2854 quod
428 2815 500 2855 ipse
513 2816 671 2847 Graevius
683 2817 732 2848 vir
747 2817 898 2849 doctissi-

203 2870 287 2902 muS‚
311 2866 348 2893 et
362 2863 427 2894 mei
449 2864 710 2907 amantissimus,
734 2875 899 2908 nuperam

289 2914 401 2956 Delph.
416 2918 448 2948 et
464 2915 540 2949 Var.
554 2916 637 2949 Clas.

868 2913 988 2953 Jastin.

948 2573 1079 2605 Justini
1103 2573 1287 2605 editionem
1311 2583 1331 2605 a
1356 2583 1392 2606 se
1417 2577 1646 2615 procuratam,

950 2627 985 2653 et
1011 2622 1160 2653 feliciter
1185 2623 1412 2663 emendatam,
1435 2623 1478 2654 ad
1500 2632 1554 2653 me
1582 2632 1644 2663 per

951 2672 1095 2702 amicum
1111 2673 1263 2704 miserat.
1308 2673 1360 2703 Ex
1372 2672 1412 2703 iis
1427 2677 1538 2704 autem
1551 2673 1648 2713 locis,

949 2723 1042 2763 (nam
1058 2722 1145 2753 bene
1162 2722 1259 2753 multi
1273 2722 1399 2763 erant‚)
1416 2732 1457 2753 en
1471 2722 1534 2754 tibi
1544 2732 1647 2753 unum

952 2780 994 2801 ex
1010 2771 1068 2802 lib.
1086 2780 1172 2803 XLu.
1188 2780 1262 2811 cap.
1279 2774 1311 2802 2.
1328 2771 1362 2801 in
1375 2770 1455 2802 fine.
1479 2772 1647 2812 Loquitur

952 2820 999 2851 ibi
1022 2820 1177 2852 Justinus
1201 2821 1244 2851 de
1270 2821 1412 2860 Jasone,
1439 2820 1497 2860 qui
1513 2821 1648 2852 Colchi·

954 2868 1044 2910 dem,
1074 2873 1252 2910 postquam
1268 2868 1301 2900 in
1316 2869 1520 2901 Thessaliam
1536 2878 1648 2901 rever-

1486 2922 1506 2950 3
1528 2920 1560 2951 U
