2101 3419
346 345 429 387 888

348 451 474 481 tionem
499 460 553 481 res
577 455 780 491 verteretur,
805 452 909 483 otium
938 452 1040 483 inter·
1079 453 1204 494 ficeret.

349 499 543 539 pellandum
558 504 632 531 erat
654 500 767 531 bello.’
813 502 858 532 Et
874 511 922 532 1v.
938 504 970 532 6.
988 504 1040 532 ll.

347 550 357 566 ‘
371 549 462 579 Saxa
475 554 634 591 cotesque
647 551 869 592 interpellant
882 552 1041 592 specum!

350 598 537 639 Capitolia.
551 599 585 630 in
602 600 650 632 M.
663 599 744 632 Ant.
762 601 889 633 Philos.
903 604 934 633 8.
964 602 974 620 ‘
989 602 1044 633 In-

350 649 547 689 terpellavit
572 650 669 681 istam
694 650 895 683 felicitatem
921 652 1044 683 securi-

351 703 524 740 tatemque
539 700 673 741 imperii
693 702 822 733 Tiberis
842 702 1044 734 inundatio.’

351 749 430 780 Vid.
456 750 498 780 de
523 750 587 781 hac
612 760 694 782 voce
722 752 943 783 Freinshemii
969 753 1045 784 Iud.

353 803 389 830 et
404 799 641 832 Burdelotium
656 801 691 832 in
706 802 845 834 Petron.
861 813 894 844 p.
907 806 979 834 238.
996 813 1046 844 pr.

354 850 455 880 Rern.

397 901 413 941 ἕ
430 904 448 931 8
473 901 713 942 Mutuarumque
735 912 838 934 rerum
856 903 1046 943 commercio]

355 950 454 983 Quod
475 951 650 991 Spartanis
674 962 805 993 quoque
825 953 945 984 tribuit
960 952 1048 983 Auc-

355 1004 410 1031 tor
437 1010 492 1032 111.
519 1003 550 1031 2.
583 1003 612 1032 1.
645 1007 681 1032 et
706 1002 883 1032 Germanis
909 1001 993 1032 Tac.
1019 1005 1049 1032 5.

356 1051 514 1091 idemque
537 1060 612 1082 cum
638 1050 841 1082 Aristoteles
857 1052 959 1082 Polit.
978 1061 1000 1082 1.
1016 1054 1048 1081 6.

357 1106 428 1132 tum
455 1101 583 1132 Plinius
607 1110 743 1132 xxxm.
766 1105 797 1132 1.
825 1111 875 1142 pr.
902 1107 940 1133 ut
963 1102 1049 1132 anti-

358 1151 570 1192 quissimum,
597 1156 632 1182 et
669 1151 813 1182 maxime
848 1152 1050 1182 conveniens

358 1206 501 1241 naturae,
528 1201 750 1232 commendat.
781 1202 914 1233 Bernec.
957 1200 1052 1231 Livio

359 1252 483 1283 dicitur
503 1256 627 1283 mutuus
642 1262 732 1283 usus:
768 1260 894 1283 xxx1v.
932 1251 1053 1282 ‘Com-

358 1303 483 1334 mercio
517 1303 719 1334 Graecorum
752 1301 899 1342 Hispani
931 1302 1054 1341 gaude-

359 1352 455 1383 bant.
494 1353 606 1392 Hujns
621 1352 727 1382 mutui
743 1362 822 1382 usus
838 1351 1054 1391 desiderium,

361 1407 399 1433 nt
417 1403 571 1441 Hispana
588 1403 668 1433 urbs
686 1402 817 1434 Gr‘aecis
840 1407 987 1442 pareret,
1007 1401 1055 1432 fe-

360 1451 430 1483 cit.'
468 1453 513 1483 Et
527 1462 692 1483 xxxvur.
727 1452 791 1483 ‘Id
804 1452 965 1492 oppidum
976 1453 1058 1482 mul-

361 1506 471 1532 tarum
494 1502 643 1541 gentium
666 1501 750 1532 fines
775 1502 955 1541 contingit,
977 1512 1058 1542 qna-

362 1561 434 1582 rum
465 1552 700 1582 commercium
731 1552 764 1582 in
801 1561 876 1582 eum
912 1553 1057 1583 maxime

363 1602 474 1632 locum
491 1601 598 1632 mutui
616 1611 692 1631 usus
708 1602 931 1633 contraxere.’
959 1603 1057 1634 Gran.

407 1653 424 1692 ς
452 1654 472 1682 9
504 1652 625 1682 Deinde
651 1655 750 1692 empto
777 1652 855 1693 loco]
885 1652 1007 1693 Virgil.
1034 1662 1058 1683 1.

363 1703 437 1734 AEu.
465 1702 578 1733 Strab.
612 1711 704 1734 xvxi.
737 1702 887 1744 Appian.
931 1704 1060 1744 Λιβυκῇ,

366 1752 522 1783 Eustath.
539 1753 572 1782 in
588 1753 727 1793 Dionys.
751 1757 787 1784 et
808 1753 916 1784 ceteri
939 1754 1061 1794 passim

364 1808 521 1834 auctores
552 1802 593 1833 de
626 1802 834 1843 Carthagine
865 1804 993 1834 multa:
1020 1803 1062 1835 de

366 1865 432 1896 qua
448 1856 545 1886 silere
562 1856 688 1886 rectius
709 1861 809 1896 putat
830 1856 910 1887 Sall.
934 1857 992 1889 Ju.
1010 1859 1062 1887 19.

366 1908 507 1946 3.qnam
521 1905 777 1945 parumdicerc.
802 1907 957 1945 Bongars.
997 1906 1063 1936 Ms.

368 1956 478 1995 Bong.
496 1955 598 1986 habet
611 1956 780 1994 deincepto.
825 1955 926 1987 Unde
943 1955 1063 1995 colligo

367 2005 447 2036 lect.
470 2015 582 2035 veram
611 2015 683 2036 esse
707 2005 777 2036 dein
799 2009 901 2044 capto.
944 2006 1066 2036 Posuit

369 2060 483 2085 autem
506 2058 594 2094 capto
617 2064 689 2095 pro,
713 2059 868 2095 accepto.
911 2056 1011 2095 Sane,
1028 2062 1066 2087 ut

368 2105 431 2135 hoc
459 2105 560 2135 modo
594 2105 757 2144 legamus,
792 2106 879 2136 ratio
910 2106 1064 2146 requirit.

369 2155 558 2188 Simulabat
585 2157 692 2187 Elissa
717 2157 813 2187 brevi
838 2166 873 2188 se
900 2157 1066 2188 abituram

371 2216 449 2238 cum
476 2207 555 2237 suis.
601 2205 690 2239 Quid
719 2206 823 2247 igitur
850 2212 979 2238 emeret
1004 2207 1068 2238 sibi

369 2257 503 2287 locum?
537 2258 583 2288 Et
608 2257 735 2288 docent
760 2257 939 2290 manifesta
965 2258 1069 2289 verba

372 2307 514 2347 petiisse
531 2312 662 2338 tantum
684 2308 693 2323 ‘
708 2313 744 2338 ut
768 2317 844 2338 suos
865 2311 980 2347 posset
996 2307 1069 2338 refi-

373 2357 476 2388 cere.’
523 2357 599 2388 Hoc
616 2367 696 2397 ergo
711 2356 777 2388 fine
795 2357 921 2388 dabant
938 2358 1070 2396 incolae,

373 2410 448 2449 ipsa
475 2409 634 2450 capiebat
660 2410 782 2441 locum.
839 2411 1006 2451 Equidem
1036 2416 1071 2442 et

374 2461 493 2501 Virgil.
509 2461 612 2492 habet
634 2462 643 2478 ‘
657 2462 873 2503 Mcrentique
890 2462 1020 2503 solnm,'
1037 2467 1073 2494 et

376 2510 525 2550 Servius,
557 2513 565 2528 ‘
580 2513 627 2542 Ut
650 2517 780 2543 emeret
803 2517 934 2543 tantum
953 2516 1074 2544 terraeff

377 2562 444 2593 Sed
474 2562 521 2592 illi
551 2571 681 2592 causam
712 2562 797 2593 hanc
833 2571 899 2593 non
931 2562 1073 2602 addunt,

379 2621 478 2652 quam
494 2611 598 2642 habet
613 2612 749 2644 Noster.
793 2613 938 2644 Consule
954 2617 989 2644 et
1005 2612 1075 2653 Ap-

380 2662 471 2702 pian.
499 2662 555 2702 qui
579 2662 728 2692 nonnihil
753 2661 835 2693 facit
857 2661 899 2693 ad
925 2667 1075 2694 nostram

381 2711 661 2743 emendationem.
685 2711 788 2750 Schqf.

426 2762 490 2797 Qui
515 2762 596 2792 corio
620 2761 704 2792 bot-is
729 2762 793 2801 tegi
818 2767 933 2803 posset,
958 2764 992 2794 in
1018 2773 1077 2804 quo

374 2811 474 2848 fessos
492 2835 499 2842 .
517 2833 525 2841 .
544 2835 551 2842 .
571 2834 578 2842 .
595 2812 717 2852 reficere
742 2812 857 2851 posset]
901 2813 1077 2843 Posterius

383 2862 491 2891 isthuc
515 2865 615 2901 posset
640 2862 801 2898 delerem,
826 2867 862 2893 et
879 2871 940 2902 pro
956 2863 1078 2903 reficere

384 2912 532 2951 legerem
558 2912 708 2952 reficeret.
735 2912 852 2944 Faber.
899 2913 1007 2944 Faber
1031 2923 1077 2944 re-

798 358 937 389 NOTAE
970 358 1230 390 VARIORUM
1264 359 1314 389 IN

1249 454 1384 494 Nempe
1406 452 1571 493 praecedit
1598 452 1607 469 ⁸
1622 451 1692 492 tegi
1709 462 1784 493 pos-

1091 503 1165 541 set,’
1190 508 1227 534 ut
1248 504 1302 535 hic
1324 506 1422 544 posset
1444 504 1576 544 ingrate
1599 507 1786 543 repetatur.

1093 552 1286 584 Occurrunt
1311 557 1423 583 tamen
1447 552 1566 583 similia
1582 552 1685 583 etiam
1703 552 1786 584 alios

1094 611 1149 642 ap.
1163 602 1359 642 scriptores,
1375 606 1413 633 ut
1429 602 1507 632 nihil
1529 607 1657 633 temere
1675 601 1787 632 videa-

1094 656 1150 682 tur
1164 651 1363 683 immutand.
1394 652 1474 684 Vid.
1488 656 1640 683 nostrum
1652 652 1728 683 Iud.
1744 652 1787 683 ad

1094 702 1222 742 Hygin.
1246 702 1352 740 Schef.

1138 752 1231 792 Tegi]
1256 753 1348 783 Male
1363 752 1470 784 utitur
1487 752 1616 784 Auctor
1630 752 1694 784 hoc
1716 762 1791 784 ver-

1095 800 1156 832 bo:
1182 801 1308 832 rectius
1325 801 1473 841 Appian.
1489 802 1530 833 de
1547 803 1587 833 Β.
1603 803 1689 834 Pun.
1707 812 1740 843 p.
1759 805 1789 834 1.

1088 850 1189 882 ’Ὅσον
1215 850 1315 892 βύρσα
1337 850 1448 892 ταύρου
1470 851 1641 894 περιλάβῃς
1665 857 1700 883 et
1714 853 1789 884 Liv-

1097 910 1224 932 xxxw.
1240 904 1292 932 61.
1310 905 1361 932 10.
1406 903 1414 918 ‘
1426 903 1597 935 Quantum
1617 903 1681 934 loci
1696 902 1792 934 bovis

1097 956 1194 991 tergo
1211 952 1370 992 amplecti
1386 951 1590 992 potuerunt?
1635 954 1712 984 Nec
1736 953 1794 983 ali-

1099 1006 1153 1032 ter
1182 1002 1303 1042 Virgil.
1334 1002 1408 1032 AEn.
1439 1011 1465 1032 1.
1500 1004 1573 1033 372.
1618 1002 1794 1033 ‘Taurino

1099 1056 1263 1092 quantum
1279 1056 1419 1092 possent
1441 1052 1652 1082 circumdare
1675 1052 1796 1092 tergo!

1098 1102 1176 1133 Vid.
1192 1103 1289 1133 Voss.
1305 1102 1347 1133 de
1369 1103 1490 1133 Idolol.
1513 1112 1539 1133 1.
1563 1113 1597 1143 p.
1614 1106 1688 1134 243.
1711 1104 1795 1134 Ber-

1100 1162 1164 1183 nec.
1181 1152 1354 1183 Observat
1364 1152 1681 1192 Servius,notanter
1690 1154 1797 1193 scrip·

1102 1203 1183 1233 sisse
1199 1202 1377 1243 Virgilium
1396 1212 1461 1233 non
1486 1204 1494 1219 ‘
1509 1201 1600 1242 tegi,'
1624 1202 1684 1233 sed
1711 1207 1718 1220 ·
1734 1203 1798 1233 cir-

1103 1251 1277 1291 cumdari,'
1291 1252 1369 1293 quia
1385 1262 1430 1282 sc.
1454 1252 1597 1283 alterum
1620 1251 1798 1283 manifeste

1103 1300 1224 1332 falsum
1252 1306 1313 1333 est.
1368 1301 1494 1332 Nescio
1524 1302 1642 1341 igitur,
1669 1311 1709 1332 an
1734 1301 1799 1332 hoc

1104 1352 1208 1382 verbo
1225 1352 1274 1382 uti
1292 1352 1420 1383 Noster
1433 1352 1588 1391 voluerit,
1609 1357 1645 1383 et
1660 1361 1726 1382 non
1742 1361 1800 1392 po-

1105 1402 1172 1432 tius
1189 1401 1366 1442 scripserit
1383 1402 1478 1441 cingi.
1503 1401 1615 1432 Schef.

1150 1452 1278 1493 Byrsae]
1311 1451 1423 1483 Strab.
1457 1460 1550 1482 xvn.
1579 1460 1612 1491 p.
1642 1454 1717 1482 522.
1746 1453 1801 1483 45.

1107 1501 1296 1542 ‘Byrsam,'
1325 1502 1358 1532 h.
1385 1511 1414 1533 e.
1445 1505 1572 1541 tergus,
1599 1501 1658 1540 ait,
1687 1510 1801 1532 arcem

1107 1551 1209 1583 fnisse
1225 1552 1258 1583 in
1276 1552 1387 1583 media
1402 1551 1485 1582 urbe
1499 1551 1713 1591 Carthagine,
1729 1551 1803 1583 loco

1108 1601 1214 1641 edito,
1231 1602 1263 1632 in
1280 1602 1375 1641 cujus
1392 1601 1520 1631 vertice
1546 1601 1708 1640 templum
1731 1601 1805 1632 AEs-

1110 1653 1234 1693 culapii
1251 1651 1368 1690 fuerit,
1385 1651 1472 1693 qnod
1490 1651 1687 1681 Asdrubalis
1709 1660 1808 1690 uxor,

1111 1704 1194 1735 urbe
1206 1708 1318 1744 capta,
1329 1712 1441 1734 secum
1454 1701 1691 1733 concremarit.
1707 1701 1807 1733 Bern-

1154 1755 1170 1794 ξ
1199 1757 1234 1784 11
1264 1755 1316 1784 Ex
1338 1753 1517 1793 frequentia
1542 1753 1699 1783 hominum
1723 1752 1806 1783 velut

1111 1804 1212 1834 instar
1223 1804 1362 1835 civitatis
1375 1803 1516 1844 effectum
1529 1802 1590 1842 est]
1612 1803 1702 1833 Velut
1718 1802 1809 1833 vide-

1113 1858 1168 1884 tur
1193 1853 1338 1884 otiosum
1369 1863 1454 1892 esse,
1480 1857 1515 1883 et
1544 1861 1586 1882 ex
1613 1861 1721 1891 marg.
1750 1851 1809 1882 ubi

1114 1905 1351 1945 explicationis
1377 1913 1478 1935 causa
1505 1903 1668 1943 scriptum
1694 1902 1809 1941 fuerit,

1114 1956 1287 1996 irrepsisse
1303 1955 1336 1985 in
1354 1958 1498 1985 textum.
1536 1954 1545 1969 ‘
1563 1953 1674 1983 Instar
1690 1951 1809 1983 civita-

1115 2005 1174 2036 tis'
1196 2005 1277 2035 nihil
1303 2004 1391 2034 alind
1419 2008 1471 2033 est
1495 2011 1606 2043 quam,
1627 2001 1811 2032 similitudo

1115 2055 1278 2092 civitatis,
1295 2053 1420 2094 aliquid
1444 2052 1533 2093 quod
1557 2051 1687 2083 civitati
1703 2050 1810 2081 simile

1116 2113 1178 2138 est.
1225 2105 1314 2138 Quid
1331 2114 1409 2144 ergo
1425 2113 1508 2143 opus
1524 2106 1600 2133 erat
1614 2102 1695 2132 velut
1713 2101 1812 2132 addi?

1121 2158 1194 2188 Vor.

1163 2206 1272 2237 Carth.
1289 2204 1445 2244 conditur]
1468 2202 1622 2235 Conditae
1640 2212 1659 2233 a
1678 2201 1812 2233 Didone

1119 2255 1332 2295 Carthaginis
1362 2254 1556 2285 memoriam
1582 2256 1814 2293 propagarunt

1117 2307 1209 2348 Tyrii
1226 2307 1259 2337 in
1282 2315 1417 2336 nummo
1445 2303 1662 2343 Helagabali,
1678 2302 1734 2343 qui
1751 2302 1813 2333 Di-

1120 2359 1240 2389 donem
1269 2357 1440 2394 stolatam,
1467 2354 1588 2385 dextra
1616 2353 1815 2393 scipionem,

1120 2408 1205 2438 laeva
1232 2412 1415 2446 sceptrum,
1447 2408 1633 2442 tenentem,
1668 2407 1815 2434 stantem

1120 2462 1199 2488 ante
1227 2462 1358 2497 portam
1375 2454 1480 2494 urbis,
1503 2454 1556 2484 cui
1586 2453 1816 2484 instaurandae

1121 2506 1286 2538 incumbit
1297 2504 1405 2544 faber,
1419 2508 1452 2534 et
1464 2507 1542 2534 ante
1555 2502 1660 2543 pedes
1676 2502 1818 2534 Didonis

1122 2558 1261 2599 figuram
1277 2556 1407 2587 virilem
1429 2556 1542 2595 ligone
1568 2559 1693 2585 terram
1709 2554 1819 2593 aperi-

1123 2614 1248 2646 entem,
1277 2612 1312 2638 et
1347 2616 1366 2637 a
1392 2610 1488 2646 tergo
1519 2613 1678 2645 purpurae
1708 2604 1817 2644 Tyriae

1124 2659 1296 2696 concham,
1308 2659 1546 2697 repraesentat.
1591 2654 1632 2685 In
1648 2653 1820 2694 superiore

1124 2709 1251 2741 ambitu
1268 2715 1461 2739 TrnionM
1478 2710 1513 2736 et
1529 2705 1562 2735 in
1579 2704 1644 2735 imo
1657 2707 1820 2735 ΔΕΙΔΩΝ.

1126 2759 1345 2799 Enndemque
1373 2762 1489 2796 typum
1513 2754 1739 2785 adhibuerunt
1764 2753 1822 2785 iid.

1126 2811 1159 2841 in
1175 2809 1316 2840 nummis
1334 2806 1492 2839 Otaciliae
1506 2806 1641 2836 severae
1666 2811 1702 2836 et
1721 2805 1822 2836 Vale-

1128 2859 1211 2890 riani
1237 2858 1375 2889 senioris
1406 2866 1480 2887 cum
1507 2856 1569 2886 hac
1603 2855 1822 2895 inscriptione

1129 2918 1300 2941 coL'rx'no
1314 2916 1454 2947 murno,
1465 2915 1605 2947 quorum
1618 2910 1822 2946 postremum
