2174 3424
501 349 587 392 818

544 458 597 497 §8
621 455 758 497 Impetu]
794 456 835 488 In
861 457 928 489 Ms.
953 458 1133 498 legebatur
1152 459 1199 490 in-

499 507 628 546 stinctu,
652 516 716 537 non
731 507 859 547 impetu.
904 508 1005 541 Quod
1022 509 1105 540 facit
1121 509 1197 540 sub-

499 557 670 596 dubitare,
685 558 824 589 latuisse
838 558 891 590 hic
907 560 1042 600 aliquod
1058 560 1197 591 verbum

499 608 608 639 minus
638 608 679 639 ab
710 608 856 639 librariis
882 609 1108 650 intellectum,
1142 611 1196 641 vel

499 658 589 700 quod
606 658 775 690 insolitum
798 659 878 700 quid
891 660 1040 700 ipsorum
1056 659 1193 690 auribus

497 712 646 740 sonaret.
691 709 731 741 F.
756 710 920 750 scriptum
947 709 1012 741 fuit
1035 711 1194 750 repentino

497 759 599 790 incitu
614 760 737 796 mentis,
751 762 805 801 ᾅτ.
851 761 955 792 Incitu
985 770 1046 800 pro
1074 761 1194 792 incita-

497 810 590 841 tione
614 811 741 842 dixerit
765 812 930 844 JustinuS.
973 812 1028 843 Sic
1052 812 1140 843 Plin.
1154 821 1194 843 11.

496 862 551 891 45.
572 860 582 877 ‘
597 861 663 893 Qui
680 861 751 892 sive
767 862 901 893 assiduo
912 862 1024 893 mundi
1041 862 1146 893 incitu
1161 865 1195 893 et

496 911 666 942 contrario
683 911 832 942 siderum
844 921 985 943 occursu
1000 917 1196 951 nascuntur,

496 961 567 992 sive
584 962 639 993 hic
655 967 708 993 est
724 963 779 993 ille
794 962 998 1003 generabilis
1010 972 1122 993 rerum
1137 973 1194 994 na-

496 1015 584 1042 turae
612 1011 770 1052 spiritus‚'
796 1014 861 1043 &c.
894 1012 980 1043 Voss.
1039 1011 1192 1051 Vossius,

494 1061 584 1103 quod
602 1062 635 1092 in
652 1062 738 1093 Cod.
756 1062 900 1103 quodam
917 1063 983 1092 Ms.
998 1072 1059 1102 pro
1078 1062 1195 1102 impetu

497 1116 549 1143 est
564 1112 725 1152 instinctu,
741 1112 882 1152 conjicit
896 1112 1031 1152 legend.
1056 1121 1130 1142 esse
1144 1112 1194 1142 in-

494 1162 571 1194 citu.
615 1164 745 1194 Verum
761 1163 868 1203 ipsum
882 1163 998 1202 impetu
1010 1162 1088 1192 satis
1104 1171 1194 1192 com-

494 1213 643 1245 modum.
688 1214 766 1254 Ipse
780 1213 852 1244 Cic.
871 1213 880 1229 ‘
896 1213 1031 1252 lmpetu
1048 1211 1193 1252 quodam

495 1264 597 1295 animi
607 1264 717 1304 potius
729 1273 825 1305 quam
836 1262 1044 1303 cogitatione
1056 1260 1196 1302 sacere‚’

494 1313 656 1355 itemque,
677 1314 686 1331 ‘
700 1313 838 1353 Impetu
854 1312 998 1353 quodam
1015 1312 1141 1343 mentis
1157 1316 1193 1343 et

494 1363 697 1403 voluntate‚'
721 1363 816 1395 dicit.
844 1363 916 1394 Vor.
1149 1360 1162 1372 ⁶

539 1415 612 1445 Non
627 1416 691 1444 tam
706 1413 866 1453 oppidanis
880 1422 912 1443 se
924 1412 1092 1452 parcendo]
1125 1412 1193 1443 Re-

493 1465 570 1506 cepi
587 1465 763 1496 hanclect.
790 1474 831 1494 ex
858 1463 942 1494 Mss.
966 1467 1002 1493 et
1024 1463 1122 1496 Junt.
1140 1462 1194 1493 ed.

493 1515 526 1546 in
545 1525 608 1556 qua
625 1519 739 1546 tamen
752 1513 967 1544 desideratur
981 1522 1023 1543 se.
1068 1512 1194 1552 Liquet

493 1575 535 1597 ex
551 1564 724 1606 praecedd.
749 1564 757 1581 ‘
772 1565 855 1595 Cum
872 1562 915 1594 ad
931 1562 1061 1602 Nysam
1074 1561 1192 1593 urbem

492 1617 642 1647 venisset
671 1614 853 1656 oppidanis
884 1623 951 1644 non
973 1613 1192 1653 repugnanti-

493 1665 567 1706 bus,
583 1665 707 1696 fiducia
719 1664 894 1704 religionis
912 1662 1026 1694 Liberi
1039 1663 1156 1703 patris,
1173 1672 1192 1693 a

493 1726 559 1757 quo
576 1715 713 1747 condita
739 1714 820 1745 urbs
845 1717 932 1753 erat,
959 1712 1052 1754 parci
1068 1711 1193 1753 jussit.'

495 1768 603 1799 Graev.

537 1819 610 1849 Non
640 1821 706 1848 tam
735 1817 897 1857 oppidanis
921 1815 1071 1855 parcendo
1101 1823 1191 1853 quam

492 1866 646 1897 exercitui
661 1876 713 1897 suo
737 1876 768 1897 se
792 1865 988 1905 consuluisse]
1024 1864 1080 1894 Ita
1105 1863 1190 1894 anti-

491 1916 627 1956 quiores
645 1915 725 1947 edd.
741 1916 885 1948 Bechar.
914 1916 1012 1947 Juut.
1039 1917 1075 1944 et
1102 1913 1190 1944 aliae.

493 1966 602 2006 Bong.
618 1966 734 1996 maluit
748 1976 809 1996 non
825 1969 888 1996 tam
911 1965 1022 2005 oppido
1047 1973 1079 1995 se
1099 1973 1134 2003 p.
1160 1973 1190 2003 q.

490 2025 540 2046 ex.
553 2026 606 2046 suo
623 2025 702 2047 cons.
740 2016 849 2047 Paulo
865 2020 945 2046 ante
963 2015 1097 2045 dixerat
1112 2015 1121 2031 ‘
1132 2023 1190 2054 op-

493 2064 627 2105 pidanis
644 2074 708 2095 non
726 2063 1011 2105 repugnantibus!
1040 2064 1113 2095 Vor.

538 2115 660 2155 Oppido
674 2114 720 2154 se]
767 2115 953 2154 Oppidants,
978 2123 1019 2144 ex
1041 2118 1127 2145 vett.
1154 2117 1190 2144 et

491 2164 590 2197 Junt.
606 2165 743 2195 volente
760 2165 911 2204 Graevio,
934 2163 1100 2194 Vorstius.
1145 2163 1190 2194 Et

492 2215 576 2246 Mss.
593 2219 628 2246 et
647 2214 801 2254 impressi
818 2214 952 2255 quidam
965 2213 1089 2244 liabent
1105 2214 1191 2253 oppi-

491 2264 602 2301 danis;
620 2264 724 2305 quod,
740 2264 819 2304 quia
834 2264 995 2295 convenit
1009 2262 1189 2303 superiori-

493 2314 568 2353 bus,
603 2320 639 2346 et
668 2315 795 2346 rectius
823 2315 1005 2354 opponitur
1033 2313 1189 2355 sequenti

491 2366 500 2381 ‘
516 2365 711 2405 exercitus‚'
736 2365 864 2396 idcirco
881 2364 1026 2406 praefero
1043 2364 1187 2404 vulgatae

491 2416 569 2447 lect.
593 2415 698 2454 Schef.

535 2467 552 2506 ἦ
569 2468 589 2496 9
614 2465 773 2505 Dedisset]
805 2465 859 2496 Ita
875 2464 1012 2506 quidam
1027 2463 1113 2494 Mss.
1129 2461 1188 2494 sed

493 2516 596 2548 scribi
613 2516 766 2556 oportuit
790 2515 970 2552 dedidisset,
995 2519 1033 2545 ut
1059 2513 1092 2543 in
1118 2512 1189 2553 qui-

493 2564 588 2595 busd.
601 2566 781 2606 impressis.
800 2564 912 2596 Faber.
942 2563 1119 2595 Vincent.‘
1132 2562 1188 2593 de—

493 2613 622 2647 disset.'

536 2664 704 2703 Potuerae]
736 2664 816 2695 Mss.
838 2663 992 2705 plerique
1009 2663 1118 2703 Bong.
1132 2662 1187 2693 ha·

492 2713 573 2745 bent
586 2717 720 2754 poterat,
735 2714 838 2754 quod,
866 2718 903 2744 ut
923 2712 1190 2752 convenientius,

492 2763 516 2796 f.
534 2764 702 2805 repudiari
720 2773 784 2795 non
803 2763 932 2794 debuit.
958 2761 1061 2800 Sclief.

535 2817 552 2855 ξ
571 2818 607 2845 11
635 2815 779 2854 Propter,
794 2815 863 2854 Qu]
898 2813 1061 2844 Vincent.
1084 2810 1190 2842 ‘Pro-

493 2869 599 2895 strata
615 2864 778 2904 pudicitia
805 2873 853 2895 sc.
872 2873 898 2894 r.
915 2863 956 2894 ab
976 2862 1005 2895 1.
1028 2862 1189 2902 deinceps

494 2926 523 2946 e.
545 2915 587 2946 a.'

537 2968 552 3005 ξ
573 2968 611 2996 12
637 2965 813 3003 Peragrata
832 2964 1012 3005 India‚cum
1027 2964 1066 2995 ad
1082 2973 1191 2995 saxum

957 364 1099 396 NOTAE
1131 364 1395 396 VARIORUM
1430 365 1480 396 ΙΝ

1246 459 1336 491 miroe
1349 458 1543 500 asperitatis]
1567 457 1852 490 Annotationibus
1867 467 1942 490 nos-

1249 510 1309 541 tris
1327 511 1361 541 in
1378 512 1421 543 Q.
1449 511 1546 541 Curt.
1574 509 1718 550 quinque
1733 514 1791 539 aut
1804 518 1862 539 sex
1876 510 1942 540 Pe-

1249 563 1329 598 tras,
1345 569 1428 600 quas
1444 559 1624 601 aliquando
1642 559 1758 599 Rupes
1774 563 1885 597 vocat,
1904 563 1941 591 et

1247 609 1365 640 Curtio
1380 609 1569 650 descriptas
1585 609 1806 641 ostendimus.
1849 610 1942 642 Qua-

1245 665 1390 701 propter
1404 662 1457 693 hic
1473 662 1516 693 de
1541 661 1583 692 iis
1599 662 1739 693 multum
1755 661 1871 693 dicere
1884 670 1943 692 no·

1245 711 1380 742 luimus.
1405 712 1496 743 Glar.

1288 760 1422 801 Saxum]
1454 760 1701 802 ΠέτραἈορνος,
1716 760 1886 802 5.”Αορνις,
1903 763 1942 792 ut

1244 810 1349 842 habet
1364 811 1470 842 Diod.
1486 820 1578 844 xvu.
1595 814 1647 843 85.
1673 816 1709 842 et
1733 811 1842 842 Curtii
1857 811 1942 842 Mss-

1245 868 1327 892 vin.
1358 863 1410 891 ll.
1440 863 1471 892 2.
1506 862 1662 900 Bongars.
1717 861 1805 892 Inde
1834 861 1940 900 dicta,

1246 911 1335 951 quod
1352 920 1420 951 prae
1437 911 1617 942 altitudine
1629 911 1670 942 ad
1681 921 1755 942 eam
1769 921 1848 942 aves
1864 920 1942 942 evo-

1244 961 1314 991 lare
1337 970 1405 991 non
1432 965 1582 1000 possent.
1625 960 1716 992 Add.
1742 961 1856 993 Strab.
1878 969 1940 992 xv.

1243 1010 1338 1041 Plut.
1365 1011 1408 1042 de
1433 1012 1526 1043 Fort.
1556 1010 1656 1042 Alex.
1686 1020 1711 1043 1.
1741 1014 1772 1044 2.
1802 1012 1941 1044 Lucian.

1243 1060 1468 1100 Hermotimo,
1485 1060 1547 1092 sub
1561 1060 1636 1092 init.
1658 1061 1757 1093 Rern.

1286 1115 1327 1144 M
1328 1114 1383 1144 iroe
1397 1114 1577 1154 asperitatis
1591 1117 1621 1145 et
1636 1113 1825 1154 altitudinis]
1842 1112 1941 1146 Anti-

1244 1164 1378 1204 quiores
1394 1164 1472 1195 edd.
1488 1164 1577 1194 miroe
1593 1164 1819 1202 magnitudinis
1829 1166 1860 1194 et
1873 1173 1941 1204 asp.

1243 1213 1348 1244 Petra
1366 1214 1421 1244 illa
1434 1213 1557 1254 Ἄορνος
1572 1213 1676 1253 dicta,
1690 1213 1780 1254 quod
1802 1223 1874 1254 prae
1891 1214 1939 1244 al-

1243 1264 1393 1297 titudine
1409 1274 1488 1296 aves
1516 1265 1653 1296 evolare
1682 1265 1725 1297 ad
1752 1275 1826 1297 eam
1849 1265 1938 1297 haud

1243 1319 1392 1355 possent.
1419 1315 1493 1347 Vor.

1287 1365 1374 1397 CAP.
1390 1375 1472 1396 vm.
1516 1366 1533 1406 ξ
1550 1368 1568 1396 1
1597 1366 1696 1405 Unus,
1710 1364 1780 1406 ξω]
1802 1365 1939 1398 Hellad.

1244 1413 1446 1445 Crestomat.
1471 1416 1575 1455 Πῶρος
1597 1413 1630 1445 δὲ
1645 1414 1662 1444 ὁ
1676 1413 1823 1450 βασιλεὺς
1837 1415 1938 1447 Ἰνδῶν

1242 1461 1370 1503 κουρέως
1383 1463 1455 1495 υἱός.

1292 1513 1417 1545 Viribus
1432 1512 1582 1554 corporis]
1606 1512 1691 1544 Erat
1706 1513 1794 1544 enim
1807 1517 1941 1546 statura

1242 1564 1275 1594 4.
1292 1562 1484 1594 cubitorum
1498 1565 1534 1592 et
1547 1561 1662 1602 palmi,
1676 1561 1723 1593 sic
1736 1566 1774 1594 ut
1786 1563 1941 1604 corporis

1243 1613 1463 1644 eminentiam
1479 1616 1515 1643 et
1539 1612 1664 1643 molem
1677 1612 1870 1653 elephanto,
1883 1612 1940 1644 cui

1241 1664 1423 1703 insidebat,
1432 1663 1554 1705 equitis
1568 1663 1787 1703 proportione
1799 1672 1941 1704 respon-

1241 1716 1352 1747 deret.
1395 1715 1488 1745 Plut.
1505 1713 1607 1745 Alex.
1624 1715 1696 1744 106.
1721 1713 1816 1745 Bern.

1284 1767 1302 1806 ᾧ
1326 1768 1344 1796 3
1371 1765 1534 1796 Prii-utum
1570 1763 1701 1804 hostem]
1739 1764 1939 1804 Exponunt,

1240 1826 1341 1848 unum
1372 1826 1448 1848 eum
1477 1816 1673 1856 separatim.
1725 1814 1837 1846 Recte
1866 1815 1940 1856 qui-

1241 1867 1317 1898 dem
1332 1877 1342 1906 ;
1365 1867 1437 1906 sed,
1452 1876 1530 1898 num
1547 1876 1612 1897 vox
1636 1866 1646 1883 ‘
1662 1865 1814 1906 privatus
1827 1864 1837 1878 '
1856 1865 1937 1897 alibi

1239 1915 1397 1947 occurrat
1424 1916 1472 1947 ita
1496 1918 1672 1955 usurpata,
1701 1924 1762 1953 ego
1784 1914 1938 1946 dubitem

1240 1965 1432 2006 plurimum.
1476 1965 1592 1998 Quare
1610 1974 1671 2005 pro
1684 1964 1844 2004 privatum
1860 1974 1938 1996 cen-

1240 2025 1297 2047 seo
1308 2015 1442 2055 legend.
1457 2015 1616 2055 privatim.
1659 2014 1750 2045 Plin.
1767 2023 1871 2046 xxiv.
1890 2015 1937 2047 N.
1960 2026 1963 2028 ’

1241 2065 1288 2096 Η.
1305 2068 1335 2096 7.
1351 2065 1392 2095 de
1406 2064 1484 2105 pice
1500 2076 1508 2096 :
1530 2065 1539 2081 ‘
1552 2064 1764 2095 Adversatur
1777 2063 1937 2105 privatim

1240 2119 1380 2146 ccrastae
1395 2113 1583 2145 morsibus.'
1605 2113 1710 2151 Schef.

1284 2165 1300 2204 ξ
1317 2167 1336 2195 4
1362 2165 1439 2195 Cum
1453 2173 1588 2205 praeceps
1605 2164 1645 2194 ad
1668 2166 1783 2194 terrum
1808 2164 1937 2195 decidis-

1238 2217 1296 2251 set,
1313 2223 1458 2244 concursu
1472 2213 1640 2243 satellitum
1651 2212 1806 2252 servatur]
1842 2213 1939 2245 Curt.

1239 2263 1349 2301 aliter,
1366 2272 1448 2294 viu.
1494 2263 1610 2303 Inquit
1626 2262 1727 2302 euim,
1742 2272 1863 2304 equum
1893 2262 1938 2294 Α-

1240 2312 1393 2344 lexandri
1421 2313 1533 2344 multis
1572 2313 1767 2343 vulneribus
1803 2312 1938 2345 confos-

1240 2373 1310 2394 sum
1328 2363 1557 2403 procubuisse,
1582 2363 1693 2403 posito
1716 2362 1821 2403 magis
1845 2372 1937 2404 rege,

1239 2423 1338 2454 quam
1351 2422 1503 2444 excusso.
1539 2412 1723 2443 Historiam
1741 2410 1848 2442 fusius
1865 2422 1939 2443 nar-

1240 2467 1292 2494 rat
1306 2462 1416 2503 Agell.
1434 2472 1476 2493 ex
1493 2462 1642 2494 Charete
1655 2462 1720 2502 (ita
1737 2461 1884 2502 legend.)
1899 2471 1936 2493 v.

1239 2517 1271 2544 2.
1307 2512 1372 2543 Adi
1388 2522 1519 2554 quoque
1532 2511 1667 2543 Arrian.
1682 2512 1778 2542 Plut.
1792 2516 1826 2543 et
1841 2513 1936 2544 alios.

1240 2563 1358 2594 Persae
1375 2563 1546 2593 historiam
1561 2562 1647 2592 lianc
1662 2562 1703 2592 de
1721 2562 1810 2593 Poro
1833 2567 1868 2593 ct
1888 2563 1938 2593 Α-

1240 2613 1402 2644 lexandro
1434 2613 1532 2652 longe
1553 2611 1654 2644 aliter
1681 2616 1833 2643 narrant.
1856 2612 1936 2644 Vid.

1240 2662 1381 2694 Petrum
1397 2661 1577 2693 Teixeram
1594 2670 1618 2692 1.
1632 2664 1685 2692 22.
1715 2661 1802 2693 Voss.

1283 2712 1322 2742 In
1337 2714 1453 2742 terram
1468 2711 1648 2750 cecidisset]
1678 2710 1733 2741 Ita
1749 2720 1862 2742 rursus
1879 2719 1937 2742 an-

1240 2760 1404 2802 tiquiores
1420 2759 1497 2792 edd.
1542 2759 1590 2792 At
1615 2760 1822 2801 Bongarsius
1847 2761 1887 2792 ud
1912 2764 1938 2793 t.

1237 2813 1337 2844 decia.
1359 2813 1440 2843 Vor.

1282 2863 1299 2902 ξ
1316 2866 1333 2892 5
1360 2862 1472 2900 Porus,
1486 2861 1554 2901 ἐγω]
1578 2861 1721 2893 Cedrcn.
1738 2872 1770 2902 p.
1787 2865 1859 2893 152.
1877 2861 1937 2894 *ος

1240 2911 1373 2954 [Πῶρος]
1388 2911 1437 2942 καὶ
1453 2911 1493 2943 εἷς
1509 2913 1612 2952 χεῖρας
1628 2912 1722 2943 ἐλθὼν
1739 2911 1936 2953 Ἀλεξάνδρου

1241 2961 1377 2996 πολλοὺς
1387 2974 1421 2995 τε
1431 2964 1492 2994 τῶν
1505 2963 1604 2994 Ἰνδῶν
1615 2961 1783 3004 ζημιωθεὶς,
1797 2962 1847 2994 καὶ
1858 2974 1933 3003 τρω-
