2101 3419
597 339 794 372 JUS'l'lNI
830 340 926 371 ΜΒ.
960 340 1084 370 xvii.
1116 342 1223 372 GAP.
1252 330 1294 372 3.

223 433 304 464 mihi
319 433 350 465 h.
366 432 499 474 quidem
516 433 549 463 in
565 433 587 463 l.
611 432 726 464 Juutae
743 442 806 464 non
822 433 917 464 satis-

225 482 366 514 faciunt.
409 483 464 514 Sic
497 491 559 523 ego
588 483 751 523 scriptum
781 493 801 513 a
830 484 917 515 Just.

224 532 329 564 fuisse
345 532 503 571 arbitror,
515 532 746 564 Andromachen
760 533 918 571 Hectoris,

224 592 314 622 quam
327 583 390 622 ipse
406 582 439 612 in
459 582 687 613 mtrimonium
706 585 777 622 post
794 582 918 613 divisio-

225 642 294 662 nem
310 632 448 670 Trojanae
467 632 581 671 proedoe
603 636 770 672 acceperat,
792 642 919 663 uxorem

224 683 369 714 tradidit.
395 682 481 713 Haec
497 683 693 723 conjectura
709 693 783 714 mea
798 688 860 721 est,
877 684 920 715 de

226 743 294 773 qua
329 733 471 763 liberum
515 734 559 764 sit
594 734 764 774 judicare.
809 734 920 766 Faber.

228 784 343 815 Graev.
361 783 440 814 nihil
456 793 527 814 esse
550 788 648 824 putat
664 784 858 815 matrimonio
872 794 922 814 ac-

227 834 348 873 cipere;
378 832 521 874 ideoque
545 833 814 873 amplectendam
840 834 921 865 lect.

226 882 324 914 Junt.
368 883 414 913 Et
442 887 629 922 congruunt
657 883 808 914 nonnihil
835 883 919 913 Mss.

227 932 376 973 quidam,
391 932 446 974 qui
471 933 518 963 sic
541 933 679 973 habent,
693 932 923 963 Andromachen

229 983 377 1013 Hectoris
413 987 444 1014 et
472 983 667 1013 matrimonio
695 993 758 1014 suo.
802 983 923 1013 Sensus

228 1031 334 1072 igitur
358 1031 475 1070 fuerit,
501 1032 590 1073 quod
617 1032 768 1073 Pyrrhus
796 1031 925 1063 Andro-

228 1082 370 1113 machen
387 1082 558 1122 Hectoris,
581 1092 679 1123 quam
703 1082 736 1112 in
759 1081 926 1113 divisione

229 1132 386 1171 Trojanae
410 1132 537 1172 praedae
561 1136 754 1172 acceperat,
776 1142 794 1162 e
809 1132 926 1163 matri-

230 1181 343 1211 monio
359 1191 419 1212 suo
442 1181 576 1212 Heleno
604 1182 732 1212 Priami
755 1180 824 1212 filio
847 1191 927 1212 uxo-

230 1240 302 1261 rem
328 1231 517 1262 tradiderit.
546 1231 649 1262 Vorst.
685 1231 804 1262 Lectio
828 1230 925 1262 Junt.

232 1291 298 1312 non
315 1285 368 1313 est
384 1282 484 1313 mala.
527 1281 614 1314 Quia
637 1286 749 1312 tamen
764 1291 839 1322 quae
857 1281 927 1311 vul-

232 1337 369 1372 gantur,
386 1341 451 1363 non
467 1336 606 1372 temere,
621 1332 680 1363 sed
704 1342 746 1363 ex
769 1333 850 1364 lect.
872 1342 927 1363 ve-

233 1386 325 1413 tusta
341 1392 484 1423 veraque
507 1388 583 1414 orta
605 1383 775 1423 videntur,
793 1383 929 1414 mallem

227 1432 357 1472 junctis
387 1432 541 1463 omnibus
571 1433 620 1464 sie
644 1433 784 1473 legere:
808 1436 838 1463 et
863 1434 929 1463 An-

234 1482 416 1512 dromachen
442 1482 590 1513 Hectoris
615 1492 631 1513 e
656 1482 851 1513 matrimonio
876 1492 932 1513 suo

234 1531 291 1572 (in
305 1531 453 1562 divisione
469 1532 611 1570 Trojanae
623 1533 738 1572 prcedae
751 1532 931 1572 acceperat)

236 1591 363 1612 uxorem
392 1582 534 1612 tradidit.
594 1583 820 1613 Parentheses
856 1582 931 1614 istae

238 1642 329 1673 saepe
352 1631 491 1663 fuerunt
516 1642 626 1663 causae
643 1632 789 1663 turbatae
813 1632 932 1663 lectio-

237 1682 303 1721 nis,
327 1683 418 1724 quod
445 1683 606 1722 exemplis
633 1682 707 1713 aliis
729 1681 809 1713 alibi
836 1691 855 1713 a
879 1691 932 1713 me

239 1733 517 1765 demonstratum.
542 1732 646 1770 Schef.

281 1785 299 1824 ᾧ
315 1787 334 1814 7
360 1783 489 1814 Insidiis
506 1782 642 1822 Orestae]
665 1781 847 1822 Μαχαιρέως
856 1787 934 1813 Δελ-

238 1834 298 1873 φοῦ
316 1832 420 1874 ἀνδρὸς
435 1832 596 1864 ἀνελόντος
611 1832 711 1863 αὐτόν.
754 1833 867 1864 Strab.
882 1841 936 1865 IX.

239 1884 371 1924 Regum
387 1883 481 1923 Epiri
498 1893 603 1924 genus
629 1883 696 1913 vid.
712 1892 766 1922 ap.
781 1883 884 1913 Paus.
902 1883 936 1912 in

240 1933 317 1965 Att.
347 1938 383 1964 et
411 1934 505 1964 Plut.
534 1934 568 1963 in
598 1933 743 1973 Pyrrho.
780 1933 936 1972 Bongnrs,

239 1983 336 2015 Idem
348 1983 468 2023 Vin-gil.
481 1984 556 2014 AEn.
571 1992 626 2014 111.
640 1986 714 2015 331.
738 1984 748 2000 ‘
761 1983 935 2014 Scelerum

239 2033 337 2064 furiis
351 2033 498 2073 agitatus
515 2033 658 2064 Orestes
671 2033 808 2074 Excipit
823 2033 936 2064 incau-

239 2089 325 2124 tum,
348 2084 542 2124 patriasque
566 2084 749 2115 obtruncat
771 2084 814 2115 ad
837 2083 936 2116 aras.'

239 2134 309 2165 Ubi
337 2134 461 2165 iterum
486 2134 636 2173 Servius,
656 2134 666 2151 ⁴
694 2133 784 2172 Alii‚’
815 2134 938 2174 inquit,

238 2185 249 2202 ⁴
269 2183 439 2215 Achilleas
455 2184 669 2223 intelligunt;
692 2193 769 2215 nam
787 2183 938 2224 Pyrrhus

242 2234 347 2276 (utin
361 2234 500 2265 historia
519 2232 676 2274 legimus)
702 2233 814 2264 occiso
841 2237 937 2273 patre

240 2284 276 2315 in
293 2284 420 2323 templo
438 2282 604 2323 Apollinis
617 2283 804 2323 Tymbraei,
825 2291 938 2312 rever·

243 2343 298 2364 sus
326 2333 360 2363 in
386 2333 544 2373 patriam,
566 2332 600 2362 in
629 2332 774 2363 numinis
800 2332 938 2363 insulta-

241 2383 380 2421 tionem,
401 2383 436 2413 in
451 2383 578 2423 templo
592 2382 666 2423 ejus
681 2382 846 2422 Delphico
864 2391 939 2411 aras

242 2433 333 2473 patri
349 2433 540 2473 constituit,
561 2437 597 2463 et
622 2433 689 2463 illic
713 2432 744 2462 ei
771 2431 873 2471 coepit
889 2441 940 2462 sa-

243 2481 408 2513 crificare.
432 2482 520 2514 Mod.
557 2481 896 2513 ConsentitVelleius
915 2489 940 2512 1.

246 2535 276 2563 1.
294 2535 326 2562 8.
360 2533 473 2564 strab.
496 2537 619 2563 tamen.
648 2541 700 2562 lx.
727 2541 759 2572 p.
787 2534 862 2562 290.
887 2534 940 2562 22.

241 2583 251 2599 ⁴
265 2592 286 2612 a
296 2581 492 2612 Machaereo
506 2581 676 2612 sublatum
686 2581 695 2595 '
710 2581 827 2612 tradit.
858 2580 944 2611 Con-

246 2632 362 2663 ciliare
387 2631 523 2663 videtur
551 2632 717 2663 Eusebius
748 2631 870 2662 Chron.
898 2631 942 2662 ad

247 2690 324 2713 ann.
341 2684 414 2713 854.
437 2683 446 2698 ‘
464 2681 630 2722 Pyrrhum
646 2682 788 2722 Delphis
802 2681 836 2712 in
859 2685 942 2712 tem-

249 2731 306 2771 plo
333 2730 500 2772 Apollinis
540 2731 689 2763 occisum
724 2731 766 2762 ab
794 2729 943 2770 Oreste,'

250 2780 310 2811 sed
337 2780 493 2812 nimirum
529 2783 539 2798 ‘
568 2781 762 2822 proditione
790 2780 945 2811 Macarei

250 2829 459 2860 sacerdotis?
503 2830 582 2871 Ipse
598 2835 711 2861 autem
737 2828 860 2861 fecisse
885 2838 944 2869 pu-

251 2877 372 2910 tandus
399 2883 464 2919 est,
485 2879 574 2921 quod
599 2889 662 2922 per
690 2879 789 2912 alium
807 2879 880 2922 quis
896 2878 945 2910 fe-

1576 330 1660 370 879

967 434 1064 465 cerit.
1110 434 1203 466 Ado.
1218 434 1322 465 Paus.
1339 436 1412 466 140.
1427 437 1479 465 10.
1504 433 1602 465 Bern.

1011 487 1074 526 §8
1112 485 1226 524 Pialz's]
1260 485 1392 516 Pielum
1426 489 1528 515 vocat
1557 484 1661 515 Pans.

967 537 1102 577 Pylades
1128 537 1182 567 hic
1214 536 1364 576 imperiti
1389 535 1516 566 librarii
1542 534 1665 566 substi-

968 590 1116 624 tuerant,
1128 586 1262 617 Orestis
1275 586 1407 616 nomine
1420 585 1560 615 inducti.
1579 585 1664 615 Erat

967 634 1022 665 hic
1039 634 1292 665 Andromaches
1309 634 1416 672 filius;
1439 634 1541 664 Paus.
1559 634 1665 671 Bong.

968 684 1080 716 Recte
1108 685 1205 717 Junt.
1230 685 1347 715 Pielus.
1401 683 1458 714 Sic
1484 683 1663 714 Pausaniae

969 735 1106 766 dicitur.
1133 736 1240 765 Graev.

1012 785 1066 824 §9
1088 782 1258 824 Arrybam]
1282 783 1339 814 Ita
1354 792 1397 813 ex
1425 782 1534 813 veteri
1557 782 1666 822 scrip-

970 838 1048 866 tura
1074 833 1207 873 legend.
1232 832 1400 873 judicavi,
1422 832 1548 863 habent
1577 832 1666 862 enim

970 889 1055 915 vett.
1078 883 1226 922 thr-ibam,
1251 882 1308 914 alii
1326 883 1481 913 lztribum:
1505 881 1565 912 nisi
1593 882 1667 922 quis

971 935 1065 965 malit
1081 944 1124 965 ex
1140 934 1232 965 Plut.
1258 932 1383 973 Pyrrh.
1409 935 1441 964 1.
1469 932 1667 973 Tlmrrytam,

973 985 1061 1025 quod
1078 983 1212 1015 accedit
1227 983 1268 1014 ad
1288 982 1430 1022 Ταννὶὺα,
1446 982 1533 1022 quod
1552 983 1586 1012 in
1601 991 1668 1012 uno

971 1034 1082 1065 veteri
1097 1034 1232 1074 legitur.
1276 1033 1334 1072 Et,
1356 1042 1430 1073 quae
1447 1032 1489 1062 de
1510 1041 1550 1063 eo
1573 1031 1666 1062 Plut.

973 1083 1092 1124 refert,
1119 1093 1195 1114 cum
1225 1083 1373 1114 Auctore
1402 1086 1517 1112 nostro
1547 1090 1670 1112 conve-

973 1134 1070 1165 niunt
1084 1145 1092 1165 :
1118 1132 1275 1174 Θαῤῥύταν
1287 1135 1405 1174 πρῶτον
1420 1132 1590 1172 ἱστοροῦσιν
1599 1131 1670 1162 Ἕλ-

973 1184 1109 1220 ληνικοῖς
1125 1182 1218 1222 ἔθεσι,
1240 1181 1291 1213 καὶ
1306 1181 1485 1222 ·’γρα’μμασι,
1508 1180 1558 1211 καὶ
1573 1180 1671 1219 νόμοις

975 1232 1197 1274 φιλανθρώποις
1212 1231 1463 1271 διακοσμήσαντα
1485 1231 1542 1262 τὰς
1555 1229 1672 1270 πόλεις,

975 1283 1144 1323 ὂνόμαστον
1165 1282 1321 1323 γενέσθαι.
1363 1284 1556 1324 Tharypum
1581 1282 1671 1313 hunc

975 1339 1074 1366 vocat
1083 1335 1185 1366 Paus.
1198 1335 1230 1365 in
1243 1334 1384 1365 Atticis:
1396 1334 1468 1374 ejus
1477 1333 1565 1364 filius
1576 1332 1674 1364 Alce-

977 1389 1040 1424 tas,
1049 1389 1146 1425 pater
1157 1384 1338 1424 Arrybbae,
1347 1394 1374 1414 S.
1383 1383 1521 1423 Arybae,
1531 1387 1567 1413 ut
1578 1383 1672 1414 Plut.

977 1445 1005 1467 s.
1016 1434 1196 1475 Aryrubae,
1207 1438 1244 1464 ut
1255 1433 1360 1464 Diod.
1378 1442 1458 1464 xvr.
1472 1437 1508 1463 et
1519 1432 1675 1472 Neopto-

977 1485 1068 1515 lemi.
1111 1483 1254 1525 Arrybae
1270 1482 1356 1513 filius
1372 1482 1540 1521 AEacides‚
1563 1491 1584 1512 a
1608 1491 1674 1522 quo

979 1535 1144 1575 Pyrrhus.
1195 1533 1415 1573 Neoptolemi
1439 1532 1532 1572 filiae,
1559 1533 1675 1572 Troas,

981 1584 1157 1624 Olympias
1174 1583 1360 1614 Alexandri
1374 1582 1490 1622 Magni
1507 1586 1627 1622 mater,
1643 1586 1677 1613 et

981 1633 1179 1665 Alexander
1195 1633 1295 1671 filius,
1318 1632 1359 1663 de
1384 1642 1449 1673 quo
1470 1642 1542 1672 sup.
1559 1640 1627 1662 ΧΠ.
1644 1634 1674 1663 1.

982 1688 1017 1714 et
1032 1687 1064 1715 2.
1109 1683 1196 1714 Haec
1213 1692 1256 1713 ex
1271 1682 1366 1714 Plut.
1382 1686 1418 1712 et
1433 1682 1536 1713 Paus.
1584 1681 1677 1712 Hinc

982 1743 1058 1775 sup.
1088 1743 1158 1764 vn.
1189 1736 1221 1764 6.
1256 1735 1310 1764 11.
1342 1732 1478 1772 legend.
1520 1731 1679 1770 arbitror,

981 1785 991 1800 ‘
1009 1784 1220 1815 Conciliante
1246 1783 1382 1823 nuptias
1407 1786 1541 1822 patruo,
1565 1785 1679 1812 tutore

983 1834 1137 1874 virginis,
1159 1833 1306 1872 Arryba,
1323 1842 1403 1872 rege
1420 1833 1643 1863 Molossorum
1656 1830 1679 1862 ι’

985 1888 1020 1914 et
1045 1893 1127 1914 vul.
1156 1886 1187 1915 6.
1211 1886 1242 1914 4.
1271 1883 1281 1900 ‘
1299 1882 1471 1923 Siquidem
1497 1881 1680 1922 Arrybam,

985 1928 1246 1974 regemQEpiri,
1286 1934 1348 1964 διο.
1387 1936 1489 1972 atque
1532 1932 1681 1963 Alexan·

984 1982 1082 2013 drum
1113 1982 1278 2023 pupillum
1302 1982 1387 2022 ejus,
1419 1981 1533 2012 uxoris
1563 1981 1681 2022 Olym-

984 2032 1093 2073 piadis
1111 2031 1275 2071 fratrem,'
1290 2034 1354 2064 ἃς..
1391 2033 1517 2063 Lector
1531 2042 1632 2072 sagax
1647 2036 1684 2063 et

985 2082 1136 2113 eruditus
1154 2082 1302 2123 judicet.
1327 2082 1486 2121 Bongars.
1539 2083 1632 2114 Plut.
1647 2083 1682 2113 in

987 2132 1085 2164 Alex.
1101 2136 1134 2164 2.
1156 2131 1298 2163 fratrem
1323 2132 1539 2173 Olympiadis
1563 2131 1683 2173 Arym-

985 2182 1062 2213 bam
1079 2187 1193 2222 vocat,
1217 2182 1306 2223 quod
1324 2182 1370 2213 id.
1387 2192 1463 2213 cum
1480 2181 1597 2222 Aryba
1612 2191 1684 2212 cre-

986 2231 1151 2262 diderim:
1174 2232 1273 2262 sicuti
1296 2231 1524 2272 ‘Selymbria’
1548 2237 1583 2263 et
1605 2232 1687 2262 ‘Se-

987 2279 1121 2320 lybria,'
1154 2281 1163 2297 ‘
1181 2281 1386 2319 Lampsana'
1419 2284 1455 2311 et
1475 2281 1484 2297 ⁶
1505 2280 1684 2320 Lapsana,'

988 2328 1152 2368 σκαμπάνη
1175 2334 1210 2360 et
1232 2328 1386 2370 σκαπάνη,
1407 2331 1470 2361 ὅτε.
1494 2330 1684 2370 promiscue

989 2380 1123 2411 dicitur.
1145 2381 1247 2411 Ber-n.

1033 2430 1051 2470 ξ
1067 2432 1108 2459 16
1125 2429 1404 2470 FraterAEacides]
1415 2430 1536 2460 Frater
1553 2433 1687 2470 patrue-

990 2479 1044 2519 lis,
1057 2484 1095 2510 ut
1110 2489 1152 2510 ex
1167 2479 1206 2510 iis
1223 2485 1368 2520 constat,
1383 2490 1457 2520 quae
1472 2490 1545 2520 sup.
1559 2480 1688 2511 notavi.

993 2530 1150 2568 Bongars.
1194 2529 1266 2560 Cic.
1281 2538 1345 2560 xv.
1370 2530 1465 2560 Fam.
1481 2532 1514 2560 7.
1530 2532 1562 2561 l.
1586 2529 1686 2560 Rern.

1035 2580 1199 2619 Populum,
1223 2578 1293 2618 ξω]
1317 2580 1407 2610 Saxo
1430 2588 1544 2610 xvul.
1567 2589 1600 2619 p.
1615 2582 1688 2611 159.

994 2631 1046 2660 17.
1081 2630 1090 2646 ⁶
1123 2629 1257 2660 Civium
1286 2627 1447 2659 offensam
1486 2628 1687 2659 contrahere

993 2678 1135 2709 maluit:
1168 2687 1219 2709 XI.
1242 2688 1276 2718 p.
1293 2680 1367 2710 214.
1389 2677 1414 2708 f.
1459 2678 1469 2694 ‘
1487 2678 1605 2718 quue
1620 2681 1689 2708 stu-

994 2728 1050 2759 dio
1089 2727 1305 2769 gravissimas
1345 2727 1508 2768 majorum
1543 2725 1688 2759 offensas

994 2777 1191 2810 contraxit.’

1006 2846 1009 2847 ν
1039 2831 1056 2870 ᾗ
1087 2832 1126 2860 17
1155 2829 1277 2865 Vivum,
1315 2829 1475 2860 admodum
1513 2826 1690 2868 parvulum]

995 2879 1090 2911 Plut.
1117 2879 1251 2920 Pyrrho
1280 2882 1312 2911 2.
1345 2878 1451 2917 νήπιον
1465 2878 1551 2910 ὄντα.
1595 2879 1690 2919 Lego
