<?xml version="1.0" encoding="UTF-8"?>
<!DOCTYPE html PUBLIC "-//W3C//DTD XHTML 1.0 Transitional//EN"
    "http://www.w3.org/TR/xhtml1/DTD/xhtml1-transitional.dtd">
<html xmlns="http://www.w3.org/1999/xhtml" xml:lang="en" lang="en">
 <head>
  <title>
</title>
<meta http-equiv="Content-Type" content="text/html;charset=utf-8" />
  <meta name='ocr-system' content='tesseract 3.04.00' />
  <meta name='ocr-capabilities' content='ocr_page ocr_carea ocr_par ocr_line ocrx_word'/>
</head>
<body>
  <div class='ocr_page' id='page_1' title='image "./historiaephilipp02just/historiaephilipp02just_0175.png"; bbox 0 0 2174 3424; ppageno 0'>
   <div class='ocr_carea' id='block_1_1' title="bbox 215 363 1661 855">
    <p class='ocr_par' dir='ltr' id='par_1_1' title="bbox 217 363 1655 505">
     <span class='ocr_line' id='line_1_1' title="bbox 608 363 1653 406; baseline 0.006 -7"><span class='ocrx_word' id='word_1_1' title='bbox 608 368 801 399; x_wconf 69' lang='lat' dir='ltr'><strong>mermi</strong></span> <span class='ocrx_word' id='word_1_2' title='bbox 838 369 932 399; x_wconf 65' lang='grc' dir='ltr'><strong>[ΑΒ.</strong></span> <span class='ocrx_word' id='word_1_3' title='bbox 968 371 1039 401; x_wconf 74' lang='lat' dir='ltr'><strong>xi.</strong></span> <span class='ocrx_word' id='word_1_4' title='bbox 1075 372 1180 401; x_wconf 65' lang='lat' dir='ltr'><strong>mr.</strong></span> <span class='ocrx_word' id='word_1_5' title='bbox 1213 363 1255 402; x_wconf 71' lang='lat' dir='ltr'><strong>Q,</strong></span> <span class='ocrx_word' id='word_1_6' title='bbox 1571 366 1653 406; x_wconf 78' lang='lat'><strong>777</strong></span> 
     </span>
     <span class='ocr_line' id='line_1_2' title="bbox 217 461 1655 505; baseline 0.006 -14"><span class='ocrx_word' id='word_1_7' title='bbox 217 462 358 492; x_wconf 76' lang='lat' dir='ltr'><strong>tantiam</strong></span> <span class='ocrx_word' id='word_1_8' title='bbox 383 466 418 493; x_wconf 84' lang='lat' dir='ltr'><strong>et</strong></span> <span class='ocrx_word' id='word_1_9' title='bbox 437 461 698 493; x_wconf 79' lang='lat' dir='ltr'><strong>ostentationem</strong></span> <span class='ocrx_word' id='word_1_10' title='bbox 719 461 781 492; x_wconf 90' lang='lat' dir='ltr'><strong>sui.</strong></span> <span class='ocrx_word' id='word_1_11' title='bbox 805 461 909 499; x_wconf 80' lang='lat' dir='ltr'><strong>Schef.</strong></span> <span class='ocrx_word' id='word_1_12' title='bbox 959 467 1012 494; x_wconf 82' lang='lat' dir='ltr'><strong>set</strong></span> <span class='ocrx_word' id='word_1_13' title='bbox 1026 464 1306 505; x_wconf 73' lang='lat' dir='ltr'><strong>Lyncistoesratri,</strong></span> <span class='ocrx_word' id='word_1_14' title='bbox 1325 466 1373 497; x_wconf 84' lang='lat' dir='ltr'><strong>ita</strong></span> <span class='ocrx_word' id='word_1_15' title='bbox 1396 467 1530 499; x_wconf 88' lang='lat' dir='ltr'><strong>omnino</strong></span> <span class='ocrx_word' id='word_1_16' title='bbox 1551 473 1586 499; x_wconf 85' lang='lat' dir='ltr'><strong>et</strong></span> <span class='ocrx_word' id='word_1_17' title='bbox 1603 477 1655 499; x_wconf 87' lang='lat' dir='ltr'><strong>re-</strong></span> 
     </span>
    </p>

    <p class='ocr_par' dir='ltr' id='par_1_2' title="bbox 215 512 1659 756">
     <span class='ocr_line' id='line_1_3' title="bbox 260 512 1656 559; baseline 0.004 -16"><span class='ocrx_word' id='word_1_18' title='bbox 260 513 350 544; x_wconf 71' lang='lat' dir='ltr'><strong>CAP.</strong></span> <span class='ocrx_word' id='word_1_19' title='bbox 368 522 406 544; x_wconf 84' lang='lat'><strong>11.</strong></span> <span class='ocrx_word' id='word_1_20' title='bbox 445 514 462 553; x_wconf 45' lang='grc' dir='ltr'>ᾗ</span> <span class='ocrx_word' id='word_1_21' title='bbox 480 516 496 543; x_wconf 97' lang='grc'><strong>1</strong></span> <span class='ocrx_word' id='word_1_22' title='bbox 511 513 623 543; x_wconf 82' lang='lat' dir='ltr'><strong>Prima</strong></span> <span class='ocrx_word' id='word_1_23' title='bbox 639 512 685 543; x_wconf 84' lang='lat' dir='ltr'><strong>illi</strong></span> <span class='ocrx_word' id='word_1_24' title='bbox 701 513 787 553; x_wconf 78' lang='grc' dir='ltr'><strong>ειινα]</strong></span> <span class='ocrx_word' id='word_1_25' title='bbox 811 513 910 544; x_wconf 85' lang='lat' dir='ltr'><strong>Diod.</strong></span> <span class='ocrx_word' id='word_1_26' title='bbox 959 513 1129 544; x_wconf 74' lang='lat' dir='ltr'><strong>scribend.</strong></span> <span class='ocrx_word' id='word_1_27' title='bbox 1147 516 1290 554; x_wconf 88' lang='lat' dir='ltr'><strong>putavit.</strong></span> <span class='ocrx_word' id='word_1_28' title='bbox 1304 516 1380 548; x_wconf 85' lang='lat' dir='ltr'><strong>Jam</strong></span> <span class='ocrx_word' id='word_1_29' title='bbox 1397 526 1462 547; x_wconf 90' lang='lat' dir='ltr'><strong>non</strong></span> <span class='ocrx_word' id='word_1_30' title='bbox 1475 517 1573 549; x_wconf 87' lang='lat' dir='ltr'><strong>video</strong></span> <span class='ocrx_word' id='word_1_31' title='bbox 1585 519 1656 559; x_wconf 81' lang='lat' dir='ltr'><strong>qui-</strong></span> 
     </span>
     <span class='ocr_line' id='line_1_4' title="bbox 216 561 1656 606; baseline 0.004 -14"><span class='ocrx_word' id='word_1_32' title='bbox 216 571 307 593; x_wconf 85' lang='lat' dir='ltr'><strong>xvn.</strong></span> <span class='ocrx_word' id='word_1_33' title='bbox 335 565 367 593; x_wconf 82' lang='lat'><strong>2.</strong></span> <span class='ocrx_word' id='word_1_34' title='bbox 403 564 526 603; x_wconf 79' lang='grc' dir='ltr'>Πρῶτον</span> <span class='ocrx_word' id='word_1_35' title='bbox 547 561 602 601; x_wconf 79' lang='grc' dir='ltr'><strong>μὲν</strong></span> <span class='ocrx_word' id='word_1_36' title='bbox 627 562 697 594; x_wconf 83' lang='grc' dir='ltr'>τοὺς</span> <span class='ocrx_word' id='word_1_37' title='bbox 723 564 826 602; x_wconf 78' lang='grc' dir='ltr'>φονεῖς</span> <span class='ocrx_word' id='word_1_38' title='bbox 855 564 910 593; x_wconf 81' lang='grc' dir='ltr'><strong>τοῦ</strong></span> <span class='ocrx_word' id='word_1_39' title='bbox 961 563 1050 602; x_wconf 87' lang='grc'><strong>(10111,</strong></span> <span class='ocrx_word' id='word_1_40' title='bbox 1064 573 1124 594; x_wconf 87' lang='grc'><strong>0111</strong></span> <span class='ocrx_word' id='word_1_41' title='bbox 1137 563 1334 595; x_wconf 83' lang='lat' dir='ltr'><strong>Alexander</strong></span> <span class='ocrx_word' id='word_1_42' title='bbox 1352 566 1408 596; x_wconf 89' lang='lat' dir='ltr'><strong>ille</strong></span> <span class='ocrx_word' id='word_1_43' title='bbox 1422 566 1539 606; x_wconf 78' lang='lat' dir='ltr'><strong>frater,</strong></span> <span class='ocrx_word' id='word_1_44' title='bbox 1553 572 1656 598; x_wconf 82' lang='lat' dir='ltr'><strong>eteu-</strong></span> 
     </span>
     <span class='ocr_line' id='line_1_5' title="bbox 215 611 1655 653; baseline 0.004 -11"><span class='ocrx_word' id='word_1_45' title='bbox 215 611 328 652; x_wconf 75' lang='grc' dir='ltr'>πατρὸς</span> <span class='ocrx_word' id='word_1_46' title='bbox 341 614 396 650; x_wconf 85' lang='grc' dir='ltr'><strong>τῆς</strong></span> <span class='ocrx_word' id='word_1_47' title='bbox 418 611 609 653; x_wconf 75' lang='grc' dir='ltr'>ἁρμοζούσης</span> <span class='ocrx_word' id='word_1_48' title='bbox 630 612 771 653; x_wconf 81' lang='grc' dir='ltr'>τιμωρίας</span> <span class='ocrx_word' id='word_1_49' title='bbox 792 612 910 653; x_wconf 76' lang='grc' dir='ltr'><strong>ἠξίωσε,</strong></span> <span class='ocrx_word' id='word_1_50' title='bbox 954 612 1009 652; x_wconf 80' lang='lat' dir='ltr'><strong>jus</strong></span> <span class='ocrx_word' id='word_1_51' title='bbox 1026 611 1145 651; x_wconf 85' lang='lat' dir='ltr'><strong>frater,</strong></span> <span class='ocrx_word' id='word_1_52' title='bbox 1161 614 1310 644; x_wconf 83' lang='lat' dir='ltr'><strong>dicatur:</strong></span> <span class='ocrx_word' id='word_1_53' title='bbox 1323 615 1382 645; x_wconf 89' lang='lat' dir='ltr'><strong>sed</strong></span> <span class='ocrx_word' id='word_1_54' title='bbox 1396 616 1524 646; x_wconf 87' lang='lat' dir='ltr'><strong>rectius</strong></span> <span class='ocrx_word' id='word_1_55' title='bbox 1542 621 1655 648; x_wconf 87' lang='lat' dir='ltr'><strong>tamen</strong></span> 
     </span>
     <span class='ocr_line' id='line_1_6' title="bbox 215 662 1655 706; baseline 0.003 -14"><span class='ocrx_word' id='word_1_56' title='bbox 215 663 280 692; x_wconf 81' lang='lat' dir='ltr'><strong>&amp;c-</strong></span> <span class='ocrx_word' id='word_1_57' title='bbox 319 662 474 700; x_wconf 77' lang='lat' dir='ltr'><strong>Bongars.</strong></span> <span class='ocrx_word' id='word_1_58' title='bbox 534 662 644 693; x_wconf 87' lang='lat' dir='ltr'>Causa</span> <span class='ocrx_word' id='word_1_59' title='bbox 677 662 823 693; x_wconf 84' lang='lat' dir='ltr'><strong>traditur</strong></span> <span class='ocrx_word' id='word_1_60' title='bbox 850 662 910 693; x_wconf 88' lang='lat' dir='ltr'><strong>inf.</strong></span> <span class='ocrx_word' id='word_1_61' title='bbox 962 662 1096 693; x_wconf 85' lang='lat' dir='ltr'><strong>videtur</strong></span> <span class='ocrx_word' id='word_1_62' title='bbox 1119 662 1275 703; x_wconf 80' lang='lat' dir='ltr'><strong>Lyncistae</strong></span> <span class='ocrx_word' id='word_1_63' title='bbox 1290 663 1405 703; x_wconf 79' lang='lat' dir='ltr'><strong>fratri,</strong></span> <span class='ocrx_word' id='word_1_64' title='bbox 1435 674 1534 704; x_wconf 84' lang='lat' dir='ltr'><strong>quam</strong></span> <span class='ocrx_word' id='word_1_65' title='bbox 1568 666 1655 706; x_wconf 79' lang='lat' dir='ltr'><strong>Lyn-</strong></span> 
     </span>
     <span class='ocr_line' id='line_1_7' title="bbox 217 711 1659 756; baseline 0.003 -14"><span class='ocrx_word' id='word_1_66' title='bbox 217 720 268 742; x_wconf 76' lang='lat' dir='ltr'><strong>xr.</strong></span> <span class='ocrx_word' id='word_1_67' title='bbox 286 715 336 742; x_wconf 88' lang='grc'><strong>15.</strong></span> <span class='ocrx_word' id='word_1_68' title='bbox 354 715 406 743; x_wconf 88' lang='grc'><strong>12.</strong></span> <span class='ocrx_word' id='word_1_69' title='bbox 429 713 529 743; x_wconf 83' lang='lat' dir='ltr'><strong>Bern.</strong></span> <span class='ocrx_word' id='word_1_70' title='bbox 960 711 1109 743; x_wconf 79' lang='lat' dir='ltr'><strong>cistarum</strong></span> <span class='ocrx_word' id='word_1_71' title='bbox 1122 712 1238 750; x_wconf 80' lang='lat' dir='ltr'><strong>fratri.</strong></span> <span class='ocrx_word' id='word_1_72' title='bbox 1280 712 1329 744; x_wconf 88' lang='lat' dir='ltr'><strong>At</strong></span> <span class='ocrx_word' id='word_1_73' title='bbox 1353 713 1493 754; x_wconf 89' lang='lat' dir='ltr'><strong>librarii,</strong></span> <span class='ocrx_word' id='word_1_74' title='bbox 1510 716 1599 756; x_wconf 89' lang='lat' dir='ltr'><strong>quod</strong></span> <span class='ocrx_word' id='word_1_75' title='bbox 1624 720 1659 747; x_wconf 92' lang='lat' dir='ltr'><strong>et</strong></span> 
     </span>
    </p>

    <p class='ocr_par' dir='ltr' id='par_1_3' title="bbox 215 761 1661 855">
     <span class='ocr_line' id='line_1_8' title="bbox 257 761 1660 803; baseline 0.003 -11"><span class='ocrx_word' id='word_1_76' title='bbox 257 761 309 792; x_wconf 77' lang='lat' dir='ltr'><strong>Ad</strong></span> <span class='ocrx_word' id='word_1_77' title='bbox 321 763 470 793; x_wconf 79' lang='lat' dir='ltr'><strong>tumulum</strong></span> <span class='ocrx_word' id='word_1_78' title='bbox 484 761 585 802; x_wconf 77' lang='lat' dir='ltr'><strong>patris</strong></span> <span class='ocrx_word' id='word_1_79' title='bbox 600 762 711 801; x_wconf 80' lang='lat' dir='ltr'><strong>occidi]</strong></span> <span class='ocrx_word' id='word_1_80' title='bbox 742 762 828 803; x_wconf 89' lang='lat' dir='ltr'><strong>Imp.</strong></span> <span class='ocrx_word' id='word_1_81' title='bbox 844 761 913 793; x_wconf 88' lang='lat' dir='ltr'><strong>Au-</strong></span> <span class='ocrx_word' id='word_1_82' title='bbox 960 761 1025 801; x_wconf 87' lang='lat' dir='ltr'><strong>ipsi</strong></span> <span class='ocrx_word' id='word_1_83' title='bbox 1042 771 1107 792; x_wconf 92' lang='lat' dir='ltr'><strong>non</strong></span> <span class='ocrx_word' id='word_1_84' title='bbox 1120 767 1295 803; x_wconf 83' lang='lat' dir='ltr'><strong>caperent,</strong></span> <span class='ocrx_word' id='word_1_85' title='bbox 1309 773 1369 794; x_wconf 88' lang='grc'><strong>0111</strong></span> <span class='ocrx_word' id='word_1_86' title='bbox 1384 763 1580 795; x_wconf 80' lang='lat' dir='ltr'><strong>Alexander</strong></span> <span class='ocrx_word' id='word_1_87' title='bbox 1595 766 1660 797; x_wconf 84' lang='lat' dir='ltr'><strong>iste</strong></span> 
     </span>
     <span class='ocr_line' id='line_1_9' title="bbox 215 810 1661 855; baseline 0.001 -13"><span class='ocrx_word' id='word_1_88' title='bbox 215 816 333 851; x_wconf 85' lang='lat' dir='ltr'><strong>gustus</strong></span> <span class='ocrx_word' id='word_1_89' title='bbox 362 813 371 828; x_wconf 93' lang='lat'>‘</span> <span class='ocrx_word' id='word_1_90' title='bbox 385 817 557 843; x_wconf 86' lang='lat' dir='ltr'><strong>trecentos</strong></span> <span class='ocrx_word' id='word_1_91' title='bbox 583 822 625 843; x_wconf 87' lang='lat' dir='ltr'><strong>ex</strong></span> <span class='ocrx_word' id='word_1_92' title='bbox 641 812 805 843; x_wconf 84' lang='lat' dir='ltr'><strong>dedititiis</strong></span> <span class='ocrx_word' id='word_1_93' title='bbox 826 813 913 844; x_wconf 91' lang='lat' dir='ltr'><strong>elec·</strong></span> <span class='ocrx_word' id='word_1_94' title='bbox 953 810 1073 850; x_wconf 80' lang='lat' dir='ltr'><strong>frater,</strong></span> <span class='ocrx_word' id='word_1_95' title='bbox 1095 816 1131 843; x_wconf 91' lang='lat' dir='ltr'><strong>et</strong></span> <span class='ocrx_word' id='word_1_96' title='bbox 1153 812 1249 852; x_wconf 85' lang='lat' dir='ltr'><strong>eujus</strong></span> <span class='ocrx_word' id='word_1_97' title='bbox 1269 811 1374 844; x_wconf 87' lang='lat' dir='ltr'><strong>frater</strong></span> <span class='ocrx_word' id='word_1_98' title='bbox 1400 813 1546 853; x_wconf 80' lang='lat' dir='ltr'><strong>dicatur,</strong></span> <span class='ocrx_word' id='word_1_99' title='bbox 1560 815 1661 855; x_wconf 86' lang='lat' dir='ltr'><strong>siqui-</strong></span> 
     </span>
    </p>
   </div>
   <div class='ocr_carea' id='block_1_2' title="bbox 210 861 916 2959">
    <p class='ocr_par' dir='ltr' id='par_1_4' title="bbox 213 861 913 1191">
     <span class='ocr_line' id='line_1_10' title="bbox 215 861 913 903; baseline 0.004 -11"><span class='ocrx_word' id='word_1_100' title='bbox 215 865 281 900; x_wconf 92' lang='lat' dir='ltr'><strong>tos,</strong></span> <span class='ocrx_word' id='word_1_101' title='bbox 301 861 343 892; x_wconf 88' lang='lat' dir='ltr'><strong>ad</strong></span> <span class='ocrx_word' id='word_1_102' title='bbox 361 871 451 893; x_wconf 86' lang='lat' dir='ltr'><strong>aram</strong></span> <span class='ocrx_word' id='word_1_103' title='bbox 468 863 515 893; x_wconf 83' lang='lat' dir='ltr'><strong>D.</strong></span> <span class='ocrx_word' id='word_1_104' title='bbox 537 862 629 893; x_wconf 86' lang='lat' dir='ltr'><strong>Julio</strong></span> <span class='ocrx_word' id='word_1_105' title='bbox 645 863 764 903; x_wconf 86' lang='lat' dir='ltr'><strong>[patri]</strong></span> <span class='ocrx_word' id='word_1_106' title='bbox 779 867 913 895; x_wconf 87' lang='lat' dir='ltr'><strong>extruc-</strong></span> 
     </span>
     <span class='ocr_line' id='line_1_11' title="bbox 214 911 912 953; baseline 0.001 -11"><span class='ocrx_word' id='word_1_107' title='bbox 214 915 297 951; x_wconf 85' lang='lat' dir='ltr'><strong>tam,</strong></span> <span class='ocrx_word' id='word_1_108' title='bbox 315 911 432 942; x_wconf 88' lang='lat' dir='ltr'><strong>Idibus</strong></span> <span class='ocrx_word' id='word_1_109' title='bbox 451 912 585 943; x_wconf 84' lang='lat' dir='ltr'><strong>Martiis</strong></span> <span class='ocrx_word' id='word_1_110' title='bbox 602 912 684 953; x_wconf 89' lang='lat' dir='ltr'><strong>[qua</strong></span> <span class='ocrx_word' id='word_1_111' title='bbox 696 916 832 952; x_wconf 88' lang='lat' dir='ltr'><strong>patrata</strong></span> <span class='ocrx_word' id='word_1_112' title='bbox 848 922 912 944; x_wconf 81' lang='lat' dir='ltr'><strong>cae-</strong></span> 
     </span>
     <span class='ocr_line' id='line_1_12' title="bbox 214 960 913 1001; baseline 0.004 -10"><span class='ocrx_word' id='word_1_113' title='bbox 214 960 273 991; x_wconf 90' lang='lat' dir='ltr'><strong>des</strong></span> <span class='ocrx_word' id='word_1_114' title='bbox 284 960 369 1001; x_wconf 87' lang='lat' dir='ltr'><strong>ejus]</strong></span> <span class='ocrx_word' id='word_1_115' title='bbox 397 961 581 992; x_wconf 83' lang='lat' dir='ltr'><strong>hostiarum</strong></span> <span class='ocrx_word' id='word_1_116' title='bbox 604 971 697 993; x_wconf 85' lang='lat' dir='ltr'><strong>more</strong></span> <span class='ocrx_word' id='word_1_117' title='bbox 723 961 913 994; x_wconf 87' lang='lat' dir='ltr'><strong>mactavit.’</strong></span> 
     </span>
     <span class='ocr_line' id='line_1_13' title="bbox 213 1010 910 1052; baseline 0.004 -11"><span class='ocrx_word' id='word_1_118' title='bbox 213 1010 351 1042; x_wconf 88' lang='lat' dir='ltr'><strong>Sueton.</strong></span> <span class='ocrx_word' id='word_1_119' title='bbox 366 1010 453 1052; x_wconf 84' lang='lat' dir='ltr'><strong>Aug.</strong></span> <span class='ocrx_word' id='word_1_120' title='bbox 474 1014 523 1042; x_wconf 86' lang='lat'><strong>15.</strong></span> <span class='ocrx_word' id='word_1_121' title='bbox 540 1014 570 1043; x_wconf 87' lang='grc'><strong>2.</strong></span> <span class='ocrx_word' id='word_1_122' title='bbox 615 1012 689 1044; x_wconf 84' lang='lat' dir='ltr'><strong>Quo</strong></span> <span class='ocrx_word' id='word_1_123' title='bbox 699 1012 721 1042; x_wconf 94' lang='lat' dir='ltr'><strong>l.</strong></span> <span class='ocrx_word' id='word_1_124' title='bbox 737 1013 832 1052; x_wconf 88' lang='lat' dir='ltr'><strong>plura</strong></span> <span class='ocrx_word' id='word_1_125' title='bbox 843 1013 910 1044; x_wconf 88' lang='lat' dir='ltr'><strong>huc</strong></span> 
     </span>
     <span class='ocr_line' id='line_1_14' title="bbox 213 1060 912 1100; baseline 0.006 -10"><span class='ocrx_word' id='word_1_126' title='bbox 213 1060 421 1100; x_wconf 84' lang='lat' dir='ltr'><strong>pertinentia</strong></span> <span class='ocrx_word' id='word_1_127' title='bbox 456 1060 643 1093; x_wconf 83' lang='lat' dir='ltr'><strong>Casaubon.</strong></span> <span class='ocrx_word' id='word_1_128' title='bbox 687 1061 777 1093; x_wconf 88' lang='lat' dir='ltr'><strong>Add.</strong></span> <span class='ocrx_word' id='word_1_129' title='bbox 811 1062 912 1094; x_wconf 86' lang='lat' dir='ltr'><strong>Grut.</strong></span> 
     </span>
     <span class='ocr_line' id='line_1_15' title="bbox 216 1108 913 1152; baseline 0.006 -13"><span class='ocrx_word' id='word_1_130' title='bbox 216 1108 259 1139; x_wconf 81' lang='lat' dir='ltr'><strong>ad</strong></span> <span class='ocrx_word' id='word_1_131' title='bbox 289 1109 380 1141; x_wconf 90' lang='lat' dir='ltr'><strong>Hist.</strong></span> <span class='ocrx_word' id='word_1_132' title='bbox 409 1109 498 1151; x_wconf 87' lang='lat' dir='ltr'>Aug.</span> <span class='ocrx_word' id='word_1_133' title='bbox 530 1114 611 1143; x_wconf 90' lang='lat' dir='ltr'><strong>tom.</strong></span> <span class='ocrx_word' id='word_1_134' title='bbox 642 1120 666 1141; x_wconf 88' lang='lat'><strong>1.</strong></span> <span class='ocrx_word' id='word_1_135' title='bbox 698 1121 731 1152; x_wconf 90' lang='lat' dir='ltr'><strong>p.</strong></span> <span class='ocrx_word' id='word_1_136' title='bbox 755 1114 809 1144; x_wconf 81' lang='lat'><strong>72.</strong></span> <span class='ocrx_word' id='word_1_137' title='bbox 832 1112 857 1144; x_wconf 92' lang='lat' dir='ltr'><strong>f.</strong></span> <span class='ocrx_word' id='word_1_138' title='bbox 882 1116 913 1144; x_wconf 94' lang='grc'><strong>1.</strong></span> 
     </span>
     <span class='ocr_line' id='line_1_16' title="bbox 217 1159 314 1191; baseline 0.01 -1"><span class='ocrx_word' id='word_1_139' title='bbox 217 1159 314 1191; x_wconf 80' lang='lat' dir='ltr'><strong>Rern.</strong></span> 
     </span>
    </p>

    <p class='ocr_par' dir='ltr' id='par_1_5' title="bbox 213 1209 915 1703">
     <span class='ocr_line' id='line_1_17' title="bbox 258 1209 913 1251; baseline 0.006 -11"><span class='ocrx_word' id='word_1_140' title='bbox 258 1210 276 1250; x_wconf 49' lang='grc' dir='ltr'>ᾧ</span> <span class='ocrx_word' id='word_1_141' title='bbox 299 1211 319 1240; x_wconf 83' lang='lat'>2</span> <span class='ocrx_word' id='word_1_142' title='bbox 340 1209 573 1251; x_wconf 79' lang='lat' dir='ltr'><strong>Lym-istarum]</strong></span> <span class='ocrx_word' id='word_1_143' title='bbox 599 1210 752 1251; x_wconf 91' lang='lat' dir='ltr'><strong>Populus</strong></span> <span class='ocrx_word' id='word_1_144' title='bbox 768 1215 820 1243; x_wconf 88' lang='lat' dir='ltr'><strong>est</strong></span> <span class='ocrx_word' id='word_1_145' title='bbox 837 1212 913 1244; x_wconf 89' lang='lat' dir='ltr'><strong>Ma-</strong></span> 
     </span>
     <span class='ocr_line' id='line_1_18' title="bbox 214 1259 914 1301; baseline 0.006 -11"><span class='ocrx_word' id='word_1_146' title='bbox 214 1259 379 1300; x_wconf 87' lang='lat' dir='ltr'><strong>cedoniae,</strong></span> <span class='ocrx_word' id='word_1_147' title='bbox 408 1261 465 1301; x_wconf 91' lang='lat' dir='ltr'><strong>qui</strong></span> <span class='ocrx_word' id='word_1_148' title='bbox 481 1259 658 1300; x_wconf 74' lang='grc' dir='ltr'>Λυγκήσται</span> <span class='ocrx_word' id='word_1_149' title='bbox 674 1262 799 1294; x_wconf 89' lang='lat' dir='ltr'><strong>dicitur</strong></span> <span class='ocrx_word' id='word_1_150' title='bbox 822 1264 914 1294; x_wconf 85' lang='lat' dir='ltr'><strong>Thu-</strong></span> 
     </span>
     <span class='ocr_line' id='line_1_19' title="bbox 215 1311 913 1352; baseline 0.01 -11"><span class='ocrx_word' id='word_1_151' title='bbox 215 1311 292 1352; x_wconf 88' lang='lat' dir='ltr'><strong>cyd.</strong></span> <span class='ocrx_word' id='word_1_152' title='bbox 320 1321 360 1343; x_wconf 80' lang='lat'><strong>11.</strong></span> <span class='ocrx_word' id='word_1_153' title='bbox 384 1315 437 1343; x_wconf 89' lang='grc'><strong>21.</strong></span> <span class='ocrx_word' id='word_1_154' title='bbox 460 1315 513 1344; x_wconf 89' lang='grc'><strong>26.</strong></span> <span class='ocrx_word' id='word_1_155' title='bbox 550 1313 638 1346; x_wconf 84' lang='grc' dir='ltr'><strong>Ρ1111.</strong></span> <span class='ocrx_word' id='word_1_156' title='bbox 655 1324 703 1346; x_wconf 90' lang='lat' dir='ltr'><strong>1v.</strong></span> <span class='ocrx_word' id='word_1_157' title='bbox 737 1316 782 1346; x_wconf 92' lang='lat' dir='ltr'><strong>N.</strong></span> <span class='ocrx_word' id='word_1_158' title='bbox 797 1316 845 1348; x_wconf 91' lang='lat' dir='ltr'><strong>H.</strong></span> <span class='ocrx_word' id='word_1_159' title='bbox 860 1320 913 1349; x_wconf 92' lang='grc'><strong>10.</strong></span> 
     </span>
     <span class='ocr_line' id='line_1_20' title="bbox 214 1361 912 1406; baseline 0.01 -15"><span class='ocrx_word' id='word_1_160' title='bbox 214 1361 362 1393; x_wconf 85' lang='lat' dir='ltr'><strong>Ptolem.</strong></span> <span class='ocrx_word' id='word_1_161' title='bbox 379 1373 433 1394; x_wconf 90' lang='lat'><strong>111.</strong></span> <span class='ocrx_word' id='word_1_162' title='bbox 452 1366 502 1394; x_wconf 82' lang='lat'><strong>13.</strong></span> <span class='ocrx_word' id='word_1_163' title='bbox 530 1364 643 1396; x_wconf 86' lang='lat' dir='ltr'><strong>Strab.</strong></span> <span class='ocrx_word' id='word_1_164' title='bbox 656 1375 736 1396; x_wconf 89' lang='lat' dir='ltr'><strong>vero</strong></span> <span class='ocrx_word' id='word_1_165' title='bbox 751 1376 816 1398; x_wconf 85' lang='lat' dir='ltr'><strong>vn.</strong></span> <span class='ocrx_word' id='word_1_166' title='bbox 831 1371 912 1406; x_wconf 78' lang='grc' dir='ltr'><strong>Λυγ-</strong></span> 
     </span>
     <span class='ocr_line' id='line_1_21' title="bbox 213 1411 914 1453; baseline 0.01 -11"><span class='ocrx_word' id='word_1_167' title='bbox 213 1411 329 1452; x_wconf 74' lang='grc' dir='ltr'><strong>κισταὶ,</strong></span> <span class='ocrx_word' id='word_1_168' title='bbox 344 1414 511 1453; x_wconf 87' lang='lat' dir='ltr'><strong>quomodo</strong></span> <span class='ocrx_word' id='word_1_169' title='bbox 525 1415 648 1446; x_wconf 87' lang='lat' dir='ltr'><strong>habent</strong></span> <span class='ocrx_word' id='word_1_170' title='bbox 660 1416 713 1446; x_wconf 89' lang='grc'><strong>1110</strong></span> <span class='ocrx_word' id='word_1_171' title='bbox 725 1420 809 1448; x_wconf 90' lang='lat' dir='ltr'><strong>vett.</strong></span> <span class='ocrx_word' id='word_1_172' title='bbox 822 1417 914 1449; x_wconf 88' lang='lat' dir='ltr'><strong>libri.</strong></span> 
     </span>
     <span class='ocr_line' id='line_1_22' title="bbox 214 1462 914 1506; baseline 0.01 -14"><span class='ocrx_word' id='word_1_173' title='bbox 214 1462 370 1501; x_wconf 80' lang='lat' dir='ltr'><strong>Bongars.</strong></span> <span class='ocrx_word' id='word_1_174' title='bbox 409 1464 492 1505; x_wconf 87' lang='lat' dir='ltr'><strong>Leg.</strong></span> <span class='ocrx_word' id='word_1_175' title='bbox 508 1465 669 1505; x_wconf 64' lang='lat' dir='ltr'><strong>Lyncestae</strong></span> <span class='ocrx_word' id='word_1_176' title='bbox 683 1468 828 1506; x_wconf 76' lang='lat' dir='ltr'><strong>pepercit.</strong></span> <span class='ocrx_word' id='word_1_177' title='bbox 865 1467 914 1498; x_wconf 90' lang='lat' dir='ltr'><strong>A-</strong></span> 
     </span>
     <span class='ocr_line' id='line_1_23' title="bbox 215 1512 914 1558; baseline 0.009 -15"><span class='ocrx_word' id='word_1_178' title='bbox 215 1512 379 1544; x_wconf 87' lang='lat' dir='ltr'><strong>lexander</strong></span> <span class='ocrx_word' id='word_1_179' title='bbox 395 1515 482 1545; x_wconf 89' lang='lat' dir='ltr'><strong>enim</strong></span> <span class='ocrx_word' id='word_1_180' title='bbox 499 1515 569 1554; x_wconf 87' lang='lat' dir='ltr'><strong>ille,</strong></span> <span class='ocrx_word' id='word_1_181' title='bbox 593 1516 649 1557; x_wconf 91' lang='lat' dir='ltr'><strong>qui</strong></span> <span class='ocrx_word' id='word_1_182' title='bbox 670 1526 713 1547; x_wconf 87' lang='lat' dir='ltr'><strong>ex</strong></span> <span class='ocrx_word' id='word_1_183' title='bbox 729 1518 914 1558; x_wconf 86' lang='lat' dir='ltr'><strong>Lyncestia</strong></span> 
     </span>
     <span class='ocr_line' id='line_1_24' title="bbox 213 1563 914 1608; baseline 0.01 -16"><span class='ocrx_word' id='word_1_184' title='bbox 213 1563 352 1602; x_wconf 81' lang='lat' dir='ltr'><strong>regione</strong></span> <span class='ocrx_word' id='word_1_185' title='bbox 369 1563 478 1595; x_wconf 86' lang='lat' dir='ltr'><strong>vicina</strong></span> <span class='ocrx_word' id='word_1_186' title='bbox 487 1565 697 1597; x_wconf 70' lang='lat' dir='ltr'><strong>Macedoniae</strong></span> <span class='ocrx_word' id='word_1_187' title='bbox 710 1571 792 1607; x_wconf 84' lang='lat' dir='ltr'><strong>erat,</strong></span> <span class='ocrx_word' id='word_1_188' title='bbox 808 1567 914 1608; x_wconf 87' lang='lat' dir='ltr'><strong>‘Lyn-</strong></span> 
     </span>
     <span class='ocr_line' id='line_1_25' title="bbox 216 1611 915 1656; baseline 0.011 -15"><span class='ocrx_word' id='word_1_189' title='bbox 216 1611 342 1643; x_wconf 87' lang='lat' dir='ltr'><strong>cestes&#39;</strong></span> <span class='ocrx_word' id='word_1_190' title='bbox 358 1612 541 1645; x_wconf 83' lang='lat' dir='ltr'><strong>dicebatur.</strong></span> <span class='ocrx_word' id='word_1_191' title='bbox 585 1615 684 1646; x_wconf 88' lang='lat' dir='ltr'><strong>Unde</strong></span> <span class='ocrx_word' id='word_1_192' title='bbox 697 1625 752 1656; x_wconf 89' lang='lat' dir='ltr'><strong>ap.</strong></span> <span class='ocrx_word' id='word_1_193' title='bbox 770 1617 836 1648; x_wconf 88' lang='lat' dir='ltr'><strong>Ov.</strong></span> <span class='ocrx_word' id='word_1_194' title='bbox 851 1626 915 1650; x_wconf 75' lang='lat' dir='ltr'><strong>XV.</strong></span> 
     </span>
     <span class='ocr_line' id='line_1_26' title="bbox 217 1661 878 1703; baseline 0.009 -11"><span class='ocrx_word' id='word_1_195' title='bbox 217 1661 267 1692; x_wconf 92' lang='lat' dir='ltr'><strong>M.</strong></span> <span class='ocrx_word' id='word_1_196' title='bbox 283 1664 357 1694; x_wconf 83' lang='lat'><strong>329.</strong></span> <span class='ocrx_word' id='word_1_197' title='bbox 379 1664 388 1679; x_wconf 95' lang='lat'>‘</span> <span class='ocrx_word' id='word_1_198' title='bbox 405 1663 607 1703; x_wconf 85' lang='lat' dir='ltr'><strong>Lyncestius</strong></span> <span class='ocrx_word' id='word_1_199' title='bbox 623 1665 754 1697; x_wconf 86' lang='lat' dir='ltr'><strong>amnis.&#39;</strong></span> <span class='ocrx_word' id='word_1_200' title='bbox 778 1667 878 1699; x_wconf 76' lang='lat' dir='ltr'><strong>Gran.</strong></span> 
     </span>
    </p>

    <p class='ocr_par' dir='ltr' id='par_1_6' title="bbox 210 1711 916 2959">
     <span class='ocr_line' id='line_1_27' title="bbox 258 1711 916 1757; baseline 0.011 -15"><span class='ocrx_word' id='word_1_201' title='bbox 258 1711 327 1742; x_wconf 76' lang='lat' dir='ltr'><em>Soli</em></span> <span class='ocrx_word' id='word_1_202' title='bbox 357 1712 535 1744; x_wconf 76' lang='lat' dir='ltr'><strong>Alexandro</strong></span> <span class='ocrx_word' id='word_1_203' title='bbox 556 1714 789 1757; x_wconf 69' lang='lat' dir='ltr'><strong>Isyncistarum]</strong></span> <span class='ocrx_word' id='word_1_204' title='bbox 808 1717 916 1749; x_wconf 91' lang='lat' dir='ltr'><strong>Nihili</strong></span> 
     </span>
     <span class='ocr_line' id='line_1_28' title="bbox 216 1761 916 1799; baseline 0.01 -7"><span class='ocrx_word' id='word_1_205' title='bbox 216 1765 270 1793; x_wconf 88' lang='lat' dir='ltr'><strong>est</strong></span> <span class='ocrx_word' id='word_1_206' title='bbox 293 1761 366 1793; x_wconf 87' lang='lat' dir='ltr'><strong>haec</strong></span> <span class='ocrx_word' id='word_1_207' title='bbox 394 1763 476 1794; x_wconf 87' lang='lat' dir='ltr'><strong>lect.</strong></span> <span class='ocrx_word' id='word_1_208' title='bbox 511 1764 621 1796; x_wconf 89' lang='lat' dir='ltr'><strong>Scrib.</strong></span> <span class='ocrx_word' id='word_1_209' title='bbox 651 1776 727 1797; x_wconf 85' lang='lat' dir='ltr'><strong>cnm</strong></span> <span class='ocrx_word' id='word_1_210' title='bbox 753 1767 849 1799; x_wconf 86' lang='lat' dir='ltr'><strong>Junt.</strong></span> <span class='ocrx_word' id='word_1_211' title='bbox 880 1772 916 1799; x_wconf 92' lang='lat' dir='ltr'><strong>et</strong></span> 
     </span>
     <span class='ocr_line' id='line_1_29' title="bbox 216 1812 915 1854; baseline 0.01 -12"><span class='ocrx_word' id='word_1_212' title='bbox 216 1812 288 1842; x_wconf 87' lang='lat' dir='ltr'><strong>aliis</strong></span> <span class='ocrx_word' id='word_1_213' title='bbox 315 1813 462 1854; x_wconf 85' lang='lat' dir='ltr'><strong>antiquis</strong></span> <span class='ocrx_word' id='word_1_214' title='bbox 490 1814 585 1845; x_wconf 87' lang='lat' dir='ltr'><strong>libris</strong></span> <span class='ocrx_word' id='word_1_215' title='bbox 603 1815 704 1847; x_wconf 89' lang='lat' dir='ltr'><strong>ethic</strong></span> <span class='ocrx_word' id='word_1_216' title='bbox 726 1820 761 1847; x_wconf 88' lang='lat' dir='ltr'><strong>et</strong></span> <span class='ocrx_word' id='word_1_217' title='bbox 776 1816 915 1849; x_wconf 87' lang='lat' dir='ltr'><strong>inferius</strong></span> 
     </span>
     <span class='ocr_line' id='line_1_30' title="bbox 214 1861 916 1908; baseline 0.011 -17"><span class='ocrx_word' id='word_1_218' title='bbox 214 1861 381 1902; x_wconf 79' lang='lat' dir='ltr'><strong>Lyncistoe.</strong></span> <span class='ocrx_word' id='word_1_219' title='bbox 406 1863 519 1895; x_wconf 85' lang='lat' dir='ltr'><strong>Graev.</strong></span> <span class='ocrx_word' id='word_1_220' title='bbox 563 1865 645 1905; x_wconf 88' lang='lat' dir='ltr'><strong>Leg.</strong></span> <span class='ocrx_word' id='word_1_221' title='bbox 662 1865 698 1896; x_wconf 87' lang='lat' dir='ltr'><strong>S.</strong></span> <span class='ocrx_word' id='word_1_222' title='bbox 722 1865 764 1897; x_wconf 83' lang='lat' dir='ltr'><strong>A.</strong></span> <span class='ocrx_word' id='word_1_223' title='bbox 781 1867 916 1908; x_wconf 79' lang='lat' dir='ltr'><strong>Lynces-</strong></span> 
     </span>
     <span class='ocr_line' id='line_1_31' title="bbox 214 1911 916 1954; baseline 0.011 -14"><span class='ocrx_word' id='word_1_224' title='bbox 214 1913 256 1941; x_wconf 80' lang='lat' dir='ltr'><strong>toe</strong></span> <span class='ocrx_word' id='word_1_225' title='bbox 271 1911 312 1942; x_wconf 90' lang='lat' dir='ltr'><strong>G.</strong></span> <span class='ocrx_word' id='word_1_226' title='bbox 325 1912 487 1952; x_wconf 81' lang='lat' dir='ltr'><strong>Antipatri</strong></span> <span class='ocrx_word' id='word_1_227' title='bbox 500 1915 646 1954; x_wconf 76' lang='lat' dir='ltr'><strong>pepercit.</strong></span> <span class='ocrx_word' id='word_1_228' title='bbox 681 1915 752 1947; x_wconf 86' lang='lat' dir='ltr'><strong>Iste</strong></span> <span class='ocrx_word' id='word_1_229' title='bbox 769 1915 916 1948; x_wconf 87' lang='lat' dir='ltr'><strong>Alexan-</strong></span> 
     </span>
     <span class='ocr_line' id='line_1_32' title="bbox 215 1959 916 2007; baseline 0.01 -17"><span class='ocrx_word' id='word_1_230' title='bbox 215 1959 276 1991; x_wconf 86' lang='lat' dir='ltr'><strong>der</strong></span> <span class='ocrx_word' id='word_1_231' title='bbox 293 1961 494 2002; x_wconf 73' lang='lat' dir='ltr'><strong>Lyncestae,</strong></span> <span class='ocrx_word' id='word_1_232' title='bbox 520 1973 548 1993; x_wconf 91' lang='lat' dir='ltr'><strong>s.</strong></span> <span class='ocrx_word' id='word_1_233' title='bbox 574 1964 766 2004; x_wconf 86' lang='lat' dir='ltr'><strong>Lyncistes,</strong></span> <span class='ocrx_word' id='word_1_234' title='bbox 788 1975 806 1996; x_wconf 88' lang='lat' dir='ltr'><strong>a</strong></span> <span class='ocrx_word' id='word_1_235' title='bbox 829 1967 916 2007; x_wconf 85' lang='lat' dir='ltr'><strong>regi-</strong></span> 
     </span>
     <span class='ocr_line' id='line_1_33' title="bbox 215 2012 916 2057; baseline 0.009 -15"><span class='ocrx_word' id='word_1_236' title='bbox 215 2020 279 2042; x_wconf 83' lang='lat' dir='ltr'><strong>one</strong></span> <span class='ocrx_word' id='word_1_237' title='bbox 295 2012 509 2044; x_wconf 79' lang='lat' dir='ltr'><strong>Macedoniae</strong></span> <span class='ocrx_word' id='word_1_238' title='bbox 525 2013 716 2055; x_wconf 81' lang='lat' dir='ltr'><strong>dicebatur,</strong></span> <span class='ocrx_word' id='word_1_239' title='bbox 739 2026 813 2057; x_wconf 88' lang='lat' dir='ltr'><strong>quae</strong></span> <span class='ocrx_word' id='word_1_240' title='bbox 827 2017 916 2057; x_wconf 90' lang='lat' dir='ltr'><strong>Lyn-</strong></span> 
     </span>
     <span class='ocr_line' id='line_1_34' title="bbox 215 2061 914 2107; baseline 0.01 -15"><span class='ocrx_word' id='word_1_241' title='bbox 215 2061 319 2092; x_wconf 88' lang='lat' dir='ltr'><strong>cestis</strong></span> <span class='ocrx_word' id='word_1_242' title='bbox 350 2062 421 2093; x_wconf 89' lang='lat' dir='ltr'><strong>sive</strong></span> <span class='ocrx_word' id='word_1_243' title='bbox 459 2063 630 2103; x_wconf 72' lang='lat' dir='ltr'><strong>Lync-istis</strong></span> <span class='ocrx_word' id='word_1_244' title='bbox 659 2075 678 2096; x_wconf 90' lang='lat' dir='ltr'><strong>a</strong></span> <span class='ocrx_word' id='word_1_245' title='bbox 702 2065 914 2107; x_wconf 85' lang='lat' dir='ltr'><strong>Geographis</strong></span> 
     </span>
     <span class='ocr_line' id='line_1_35' title="bbox 214 2113 915 2156; baseline 0.01 -15"><span class='ocrx_word' id='word_1_246' title='bbox 214 2115 366 2144; x_wconf 87' lang='lat' dir='ltr'><strong>vocatur.</strong></span> <span class='ocrx_word' id='word_1_247' title='bbox 411 2113 478 2144; x_wconf 91' lang='lat' dir='ltr'><strong>Sed</strong></span> <span class='ocrx_word' id='word_1_248' title='bbox 502 2114 583 2155; x_wconf 92' lang='lat' dir='ltr'><strong>quid</strong></span> <span class='ocrx_word' id='word_1_249' title='bbox 607 2115 729 2156; x_wconf 89' lang='lat' dir='ltr'><strong>isthuc,</strong></span> <span class='ocrx_word' id='word_1_250' title='bbox 753 2117 796 2147; x_wconf 92' lang='lat' dir='ltr'><strong>G.</strong></span> <span class='ocrx_word' id='word_1_251' title='bbox 818 2116 915 2148; x_wconf 75' lang='lat' dir='ltr'><strong>Ana·-</strong></span> 
     </span>
     <span class='ocr_line' id='line_1_36' title="bbox 210 2160 913 2207; baseline 0.011 -16"><span class='ocrx_word' id='word_1_252' title='bbox 210 2160 324 2201; x_wconf 75' lang='lat' dir='ltr'><strong>patri?</strong></span> <span class='ocrx_word' id='word_1_253' title='bbox 346 2162 385 2193; x_wconf 94' lang='lat' dir='ltr'><strong>Id</strong></span> <span class='ocrx_word' id='word_1_254' title='bbox 402 2172 484 2194; x_wconf 90' lang='lat' dir='ltr'><strong>vero</strong></span> <span class='ocrx_word' id='word_1_255' title='bbox 507 2167 571 2204; x_wconf 90' lang='lat' dir='ltr'><strong>est,</strong></span> <span class='ocrx_word' id='word_1_256' title='bbox 592 2165 712 2196; x_wconf 74' lang='lat' dir='ltr'><strong>Genera</strong></span> <span class='ocrx_word' id='word_1_257' title='bbox 735 2166 913 2207; x_wconf 81' lang='lat' dir='ltr'><strong>Antipatri.</strong></span> 
     </span>
     <span class='ocr_line' id='line_1_37' title="bbox 214 2211 914 2258; baseline 0.011 -17"><span class='ocrx_word' id='word_1_258' title='bbox 214 2211 303 2242; x_wconf 90' lang='lat' dir='ltr'><strong>Nam</strong></span> <span class='ocrx_word' id='word_1_259' title='bbox 319 2212 600 2253; x_wconf 85' lang='lat' dir='ltr'><strong>quemadmodum</strong></span> <span class='ocrx_word' id='word_1_260' title='bbox 626 2215 664 2246; x_wconf 91' lang='lat' dir='ltr'><strong>F.</strong></span> <span class='ocrx_word' id='word_1_261' title='bbox 688 2216 825 2256; x_wconf 87' lang='lat' dir='ltr'><strong>ponitur</strong></span> <span class='ocrx_word' id='word_1_262' title='bbox 841 2227 914 2258; x_wconf 85' lang='lat' dir='ltr'><strong>pro,</strong></span> 
     </span>
     <span class='ocr_line' id='line_1_38' title="bbox 213 2260 915 2308; baseline 0.01 -17"><span class='ocrx_word' id='word_1_263' title='bbox 213 2260 330 2301; x_wconf 81' lang='lat' dir='ltr'><strong>Filius,</strong></span> <span class='ocrx_word' id='word_1_264' title='bbox 344 2262 384 2292; x_wconf 91' lang='lat' dir='ltr'><strong>P.</strong></span> <span class='ocrx_word' id='word_1_265' title='bbox 401 2272 476 2303; x_wconf 88' lang='lat' dir='ltr'><strong>pro,</strong></span> <span class='ocrx_word' id='word_1_266' title='bbox 501 2263 620 2304; x_wconf 86' lang='lat' dir='ltr'><strong>Pater,</strong></span> <span class='ocrx_word' id='word_1_267' title='bbox 643 2265 686 2296; x_wconf 84' lang='lat' dir='ltr'><strong>A.</strong></span> <span class='ocrx_word' id='word_1_268' title='bbox 713 2275 787 2306; x_wconf 82' lang='lat' dir='ltr'><strong>pru,</strong></span> <span class='ocrx_word' id='word_1_269' title='bbox 811 2266 915 2308; x_wconf 88' lang='lat' dir='ltr'><strong>Avus,</strong></span> 
     </span>
     <span class='ocr_line' id='line_1_39' title="bbox 213 2311 915 2353; baseline 0.009 -11"><span class='ocrx_word' id='word_1_270' title='bbox 213 2311 264 2342; x_wconf 89' lang='lat' dir='ltr'><strong>ita</strong></span> <span class='ocrx_word' id='word_1_271' title='bbox 290 2315 325 2343; x_wconf 89' lang='lat' dir='ltr'><strong>et</strong></span> <span class='ocrx_word' id='word_1_272' title='bbox 349 2312 391 2344; x_wconf 84' lang='lat' dir='ltr'><strong>G.</strong></span> <span class='ocrx_word' id='word_1_273' title='bbox 419 2322 492 2353; x_wconf 88' lang='lat' dir='ltr'><strong>pr0,</strong></span> <span class='ocrx_word' id='word_1_274' title='bbox 519 2313 643 2346; x_wconf 86' lang='lat' dir='ltr'><strong>Gener.</strong></span> <span class='ocrx_word' id='word_1_275' title='bbox 676 2314 724 2346; x_wconf 89' lang='lat' dir='ltr'><strong>At</strong></span> <span class='ocrx_word' id='word_1_276' title='bbox 745 2315 817 2348; x_wconf 85' lang='lat' dir='ltr'><strong>haec</strong></span> <span class='ocrx_word' id='word_1_277' title='bbox 833 2317 915 2348; x_wconf 88' lang='lat' dir='ltr'><strong>nihil</strong></span> 
     </span>
     <span class='ocr_line' id='line_1_40' title="bbox 215 2362 914 2402; baseline 0.01 -11"><span class='ocrx_word' id='word_1_278' title='bbox 215 2364 306 2401; x_wconf 83' lang='lat' dir='ltr'><strong>sunt,</strong></span> <span class='ocrx_word' id='word_1_279' title='bbox 323 2362 426 2402; x_wconf 86' lang='lat' dir='ltr'><strong>dices,</strong></span> <span class='ocrx_word' id='word_1_280' title='bbox 444 2363 507 2394; x_wconf 92' lang='lat' dir='ltr'><strong>nisi</strong></span> <span class='ocrx_word' id='word_1_281' title='bbox 524 2363 664 2395; x_wconf 88' lang='lat' dir='ltr'><strong>hiberna</strong></span> <span class='ocrx_word' id='word_1_282' title='bbox 679 2366 816 2398; x_wconf 88' lang='lat' dir='ltr'><strong>somnia.</strong></span> <span class='ocrx_word' id='word_1_283' title='bbox 840 2366 914 2399; x_wconf 88' lang='lat' dir='ltr'><strong>Imo</strong></span> 
     </span>
     <span class='ocr_line' id='line_1_41' title="bbox 216 2412 915 2455; baseline 0.009 -13"><span class='ocrx_word' id='word_1_284' title='bbox 216 2415 349 2451; x_wconf 80' lang='lat' dir='ltr'><strong>autem3</strong></span> <span class='ocrx_word' id='word_1_285' title='bbox 366 2421 441 2443; x_wconf 90' lang='lat' dir='ltr'><strong>nam</strong></span> <span class='ocrx_word' id='word_1_286' title='bbox 462 2412 660 2445; x_wconf 83' lang='lat' dir='ltr'><strong>Alexander</strong></span> <span class='ocrx_word' id='word_1_287' title='bbox 672 2414 738 2447; x_wconf 89' lang='lat' dir='ltr'><strong>iste</strong></span> <span class='ocrx_word' id='word_1_288' title='bbox 753 2416 915 2455; x_wconf 88' lang='lat' dir='ltr'><strong>Lyncista</strong></span> 
     </span>
     <span class='ocr_line' id='line_1_42' title="bbox 215 2462 913 2507; baseline 0.007 -14"><span class='ocrx_word' id='word_1_289' title='bbox 215 2470 251 2493; x_wconf 81' lang='lat' dir='ltr'><strong>re</strong></span> <span class='ocrx_word' id='word_1_290' title='bbox 264 2472 343 2494; x_wconf 88' lang='lat' dir='ltr'><strong>vera</strong></span> <span class='ocrx_word' id='word_1_291' title='bbox 355 2462 532 2504; x_wconf 81' lang='lat' dir='ltr'><strong>Antipatri</strong></span> <span class='ocrx_word' id='word_1_292' title='bbox 543 2473 649 2504; x_wconf 85' lang='lat' dir='ltr'><strong>gener</strong></span> <span class='ocrx_word' id='word_1_293' title='bbox 660 2470 746 2506; x_wconf 88' lang='lat' dir='ltr'><strong>erat,</strong></span> <span class='ocrx_word' id='word_1_294' title='bbox 761 2471 798 2497; x_wconf 91' lang='lat' dir='ltr'><strong>ut</strong></span> <span class='ocrx_word' id='word_1_295' title='bbox 810 2476 913 2507; x_wconf 88' lang='lat' dir='ltr'><strong>appa-</strong></span> 
     </span>
     <span class='ocr_line' id='line_1_43' title="bbox 214 2514 914 2554; baseline 0.009 -12"><span class='ocrx_word' id='word_1_296' title='bbox 214 2516 267 2543; x_wconf 84' lang='lat' dir='ltr'><strong>ret</strong></span> <span class='ocrx_word' id='word_1_297' title='bbox 287 2521 330 2543; x_wconf 86' lang='lat' dir='ltr'><strong>ex</strong></span> <span class='ocrx_word' id='word_1_298' title='bbox 354 2523 427 2554; x_wconf 90' lang='lat' dir='ltr'><strong>cap.</strong></span> <span class='ocrx_word' id='word_1_299' title='bbox 441 2516 473 2546; x_wconf 86' lang='grc'><strong>7,</strong></span> <span class='ocrx_word' id='word_1_300' title='bbox 495 2515 504 2531; x_wconf 90' lang='lat'>‘</span> <span class='ocrx_word' id='word_1_301' title='bbox 519 2514 666 2546; x_wconf 86' lang='lat' dir='ltr'><strong>Insidias</strong></span> <span class='ocrx_word' id='word_1_302' title='bbox 688 2515 720 2546; x_wconf 92' lang='lat' dir='ltr'><strong>ei</strong></span> <span class='ocrx_word' id='word_1_303' title='bbox 745 2517 787 2547; x_wconf 89' lang='lat' dir='ltr'><strong>ab</strong></span> <span class='ocrx_word' id='word_1_304' title='bbox 808 2516 914 2548; x_wconf 87' lang='lat' dir='ltr'><strong>Alex-</strong></span> 
     </span>
     <span class='ocr_line' id='line_1_44' title="bbox 215 2561 913 2608; baseline 0.01 -16"><span class='ocrx_word' id='word_1_305' title='bbox 215 2561 320 2593; x_wconf 79' lang='lat' dir='ltr'><strong>andro</strong></span> <span class='ocrx_word' id='word_1_306' title='bbox 331 2563 505 2603; x_wconf 87' lang='lat' dir='ltr'><strong>Lyncista,</strong></span> <span class='ocrx_word' id='word_1_307' title='bbox 518 2573 642 2605; x_wconf 85' lang='lat' dir='ltr'><strong>genero</strong></span> <span class='ocrx_word' id='word_1_308' title='bbox 656 2564 843 2607; x_wconf 89' lang='lat' dir='ltr'><strong>Antipatri,</strong></span> <span class='ocrx_word' id='word_1_309' title='bbox 855 2568 913 2608; x_wconf 93' lang='lat' dir='ltr'><strong>qui</strong></span> 
     </span>
     <span class='ocr_line' id='line_1_45' title="bbox 214 2613 914 2659; baseline 0.011 -17"><span class='ocrx_word' id='word_1_310' title='bbox 214 2613 418 2653; x_wconf 71' lang='lat' dir='ltr'><strong>praepositus</strong></span> <span class='ocrx_word' id='word_1_311' title='bbox 433 2614 647 2646; x_wconf 62' lang='lat' dir='ltr'><strong>Macedoniae</strong></span> <span class='ocrx_word' id='word_1_312' title='bbox 660 2616 756 2648; x_wconf 88' lang='lat' dir='ltr'><strong>erat.&#39;</strong></span> <span class='ocrx_word' id='word_1_313' title='bbox 781 2617 797 2648; x_wconf 95' lang='lat' dir='ltr'>I</span> <span class='ocrx_word' id='word_1_314' title='bbox 814 2627 914 2659; x_wconf 90' lang='lat' dir='ltr'><strong>nunc,</strong></span> 
     </span>
     <span class='ocr_line' id='line_1_46' title="bbox 215 2664 914 2704; baseline 0.011 -11"><span class='ocrx_word' id='word_1_315' title='bbox 215 2667 251 2693; x_wconf 93' lang='lat' dir='ltr'><strong>et</strong></span> <span class='ocrx_word' id='word_1_316' title='bbox 262 2672 349 2704; x_wconf 87' lang='lat' dir='ltr'><strong>nega</strong></span> <span class='ocrx_word' id='word_1_317' title='bbox 359 2673 418 2694; x_wconf 87' lang='lat' dir='ltr'><strong>nos</strong></span> <span class='ocrx_word' id='word_1_318' title='bbox 431 2664 516 2695; x_wconf 90' lang='lat' dir='ltr'><strong>bene</strong></span> <span class='ocrx_word' id='word_1_319' title='bbox 530 2665 654 2704; x_wconf 82' lang='lat' dir='ltr'><strong>legere.</strong></span> <span class='ocrx_word' id='word_1_320' title='bbox 677 2668 723 2698; x_wconf 88' lang='lat' dir='ltr'><strong>Et</strong></span> <span class='ocrx_word' id='word_1_321' title='bbox 734 2671 847 2700; x_wconf 84' lang='lat' dir='ltr'><strong>tamen</strong></span> <span class='ocrx_word' id='word_1_322' title='bbox 858 2669 914 2701; x_wconf 92' lang='lat' dir='ltr'><strong>ist-</strong></span> 
     </span>
     <span class='ocr_line' id='line_1_47' title="bbox 214 2711 914 2757; baseline 0.01 -15"><span class='ocrx_word' id='word_1_323' title='bbox 214 2711 288 2743; x_wconf 83' lang='lat' dir='ltr'><strong>haec</strong></span> <span class='ocrx_word' id='word_1_324' title='bbox 311 2712 453 2743; x_wconf 89' lang='lat' dir='ltr'><strong>ridendo</strong></span> <span class='ocrx_word' id='word_1_325' title='bbox 479 2713 633 2754; x_wconf 84' lang='lat' dir='ltr'><strong>dicimus,</strong></span> <span class='ocrx_word' id='word_1_326' title='bbox 657 2725 846 2757; x_wconf 87' lang='lat' dir='ltr'><strong>quanquam</strong></span> <span class='ocrx_word' id='word_1_327' title='bbox 872 2719 914 2749; x_wconf 85' lang='lat' dir='ltr'><strong>ri·</strong></span> 
     </span>
     <span class='ocr_line' id='line_1_48' title="bbox 215 2761 914 2807; baseline 0.011 -16"><span class='ocrx_word' id='word_1_328' title='bbox 215 2761 326 2792; x_wconf 88' lang='lat' dir='ltr'><strong>dendo</strong></span> <span class='ocrx_word' id='word_1_329' title='bbox 339 2767 374 2793; x_wconf 92' lang='lat' dir='ltr'><strong>et</strong></span> <span class='ocrx_word' id='word_1_330' title='bbox 388 2763 502 2803; x_wconf 85' lang='lat' dir='ltr'><strong>paucis</strong></span> <span class='ocrx_word' id='word_1_331' title='bbox 513 2772 593 2795; x_wconf 88' lang='lat' dir='ltr'><strong>vera</strong></span> <span class='ocrx_word' id='word_1_332' title='bbox 603 2765 757 2807; x_wconf 87' lang='lat' dir='ltr'><strong>proloqui</strong></span> <span class='ocrx_word' id='word_1_333' title='bbox 769 2767 862 2807; x_wconf 87' lang='lat' dir='ltr'><strong>licet,</strong></span> <span class='ocrx_word' id='word_1_334' title='bbox 877 2772 914 2799; x_wconf 89' lang='lat' dir='ltr'><strong>ut</strong></span> 
     </span>
     <span class='ocr_line' id='line_1_49' title="bbox 216 2812 913 2853; baseline 0.01 -11"><span class='ocrx_word' id='word_1_335' title='bbox 216 2812 264 2842; x_wconf 86' lang='lat' dir='ltr'><strong>ait</strong></span> <span class='ocrx_word' id='word_1_336' title='bbox 279 2812 444 2853; x_wconf 85' lang='lat' dir='ltr'><strong>Magister</strong></span> <span class='ocrx_word' id='word_1_337' title='bbox 459 2813 516 2844; x_wconf 90' lang='lat' dir='ltr'><strong>ille</strong></span> <span class='ocrx_word' id='word_1_338' title='bbox 533 2819 659 2846; x_wconf 88' lang='lat' dir='ltr'><strong>noster.</strong></span> <span class='ocrx_word' id='word_1_339' title='bbox 687 2816 797 2848; x_wconf 83' lang='lat' dir='ltr'><strong>Faber.</strong></span> <span class='ocrx_word' id='word_1_340' title='bbox 833 2818 913 2849; x_wconf 90' lang='lat' dir='ltr'><strong>Edi·</strong></span> 
     </span>
     <span class='ocr_line' id='line_1_50' title="bbox 216 2863 913 2904; baseline 0.01 -12"><span class='ocrx_word' id='word_1_341' title='bbox 216 2866 271 2892; x_wconf 80' lang='lat' dir='ltr'><strong>tur</strong></span> <span class='ocrx_word' id='word_1_342' title='bbox 279 2863 376 2903; x_wconf 83' lang='lat' dir='ltr'><strong>vulgo</strong></span> <span class='ocrx_word' id='word_1_343' title='bbox 388 2863 606 2904; x_wconf 75' lang='lat' dir='ltr'><strong>Lym-istarum</strong></span> <span class='ocrx_word' id='word_1_344' title='bbox 613 2864 728 2903; x_wconf 78' lang='lat' dir='ltr'><strong>fratri.</strong></span> <span class='ocrx_word' id='word_1_345' title='bbox 758 2867 856 2898; x_wconf 80' lang='lat' dir='ltr'><strong>Solus</strong></span> <span class='ocrx_word' id='word_1_346' title='bbox 869 2869 913 2900; x_wconf 93' lang='lat' dir='ltr'><strong>cl.</strong></span> 
     </span>
     <span class='ocr_line' id='line_1_51' title="bbox 217 2911 911 2959; baseline 0.01 -17"><span class='ocrx_word' id='word_1_347' title='bbox 217 2911 331 2944; x_wconf 83' lang='lat' dir='ltr'><strong>GraeV.</strong></span> <span class='ocrx_word' id='word_1_348' title='bbox 348 2922 422 2944; x_wconf 83' lang='lat' dir='ltr'><strong>curn</strong></span> <span class='ocrx_word' id='word_1_349' title='bbox 439 2913 473 2945; x_wconf 94' lang='lat' dir='ltr'><strong>in</strong></span> <span class='ocrx_word' id='word_1_350' title='bbox 490 2918 605 2946; x_wconf 88' lang='lat' dir='ltr'><strong>vetere</strong></span> <span class='ocrx_word' id='word_1_351' title='bbox 627 2914 681 2946; x_wconf 90' lang='lat' dir='ltr'><strong>ed.</strong></span> <span class='ocrx_word' id='word_1_352' title='bbox 697 2915 792 2948; x_wconf 84' lang='lat' dir='ltr'><strong>Junt.</strong></span> <span class='ocrx_word' id='word_1_353' title='bbox 811 2917 911 2959; x_wconf 83' lang='lat' dir='ltr'><strong>legis-</strong></span> 
     </span>
    </p>
   </div>
   <div class='ocr_carea' id='block_1_3' title="bbox 960 861 1665 2959">
    <p class='ocr_par' dir='ltr' id='par_1_7' title="bbox 960 861 1665 2959">
     <span class='ocr_line' id='line_1_52' title="bbox 961 861 1661 904; baseline 0.006 -13"><span class='ocrx_word' id='word_1_354' title='bbox 961 861 1038 892; x_wconf 89' lang='lat' dir='ltr'><strong>dem</strong></span> <span class='ocrx_word' id='word_1_355' title='bbox 1049 861 1208 901; x_wconf 65' lang='lat' dir='ltr'><strong>Lyncestae</strong></span> <span class='ocrx_word' id='word_1_356' title='bbox 1218 862 1361 902; x_wconf 86' lang='lat' dir='ltr'><strong>legatur,</strong></span> <span class='ocrx_word' id='word_1_357' title='bbox 1375 872 1435 903; x_wconf 89' lang='lat' dir='ltr'><strong>pro</strong></span> <span class='ocrx_word' id='word_1_358' title='bbox 1446 862 1602 904; x_wconf 68' lang='lat' dir='ltr'><strong>Lync-ista,²</strong></span> <span class='ocrx_word' id='word_1_359' title='bbox 1614 865 1661 895; x_wconf 89' lang='lat' dir='ltr'><strong>vi-</strong></span> 
     </span>
     <span class='ocr_line' id='line_1_53' title="bbox 961 910 1661 953; baseline 0.004 -11"><span class='ocrx_word' id='word_1_360' title='bbox 961 910 1087 942; x_wconf 86' lang='lat' dir='ltr'><strong>dentur</strong></span> <span class='ocrx_word' id='word_1_361' title='bbox 1103 912 1250 943; x_wconf 88' lang='lat' dir='ltr'><strong>scribere</strong></span> <span class='ocrx_word' id='word_1_362' title='bbox 1267 912 1411 944; x_wconf 86' lang='lat' dir='ltr'><strong>voluisse</strong></span> <span class='ocrx_word' id='word_1_363' title='bbox 1423 913 1661 953; x_wconf 79' lang='lat' dir='ltr'><strong>Lyncestarum:</strong></span> 
     </span>
     <span class='ocr_line' id='line_1_54' title="bbox 961 961 1661 1002; baseline 0.004 -11"><span class='ocrx_word' id='word_1_364' title='bbox 961 961 1100 1002; x_wconf 85' lang='lat' dir='ltr'><strong>parique</strong></span> <span class='ocrx_word' id='word_1_365' title='bbox 1116 961 1216 992; x_wconf 85' lang='lat' dir='ltr'><strong>modo</strong></span> <span class='ocrx_word' id='word_1_366' title='bbox 1231 964 1263 994; x_wconf 82' lang='lat'><strong>7.</strong></span> <span class='ocrx_word' id='word_1_367' title='bbox 1289 964 1317 993; x_wconf 94' lang='lat' dir='ltr'><strong>l.</strong></span> <span class='ocrx_word' id='word_1_368' title='bbox 1338 966 1373 993; x_wconf 87' lang='lat' dir='ltr'><strong>et</strong></span> <span class='ocrx_word' id='word_1_369' title='bbox 1392 970 1458 993; x_wconf 76' lang='grc' dir='ltr'><strong>ΧΠ.</strong></span> <span class='ocrx_word' id='word_1_370' title='bbox 1477 965 1528 993; x_wconf 86' lang='grc'><strong>14.</strong></span> <span class='ocrx_word' id='word_1_371' title='bbox 1548 965 1576 994; x_wconf 95' lang='lat' dir='ltr'><strong>l.</strong></span> <span class='ocrx_word' id='word_1_372' title='bbox 1603 963 1661 994; x_wconf 87' lang='lat' dir='ltr'><strong>ubi</strong></span> 
     </span>
     <span class='ocr_line' id='line_1_55' title="bbox 960 1010 1662 1053; baseline 0.003 -11"><span class='ocrx_word' id='word_1_373' title='bbox 960 1010 1111 1048; x_wconf 66' lang='lat' dir='ltr'><strong>‘rbsrater</strong></span> <span class='ocrx_word' id='word_1_374' title='bbox 1132 1022 1197 1043; x_wconf 89' lang='lat' dir='ltr'><strong>non</strong></span> <span class='ocrx_word' id='word_1_375' title='bbox 1219 1017 1273 1043; x_wconf 92' lang='lat' dir='ltr'><strong>est</strong></span> <span class='ocrx_word' id='word_1_376' title='bbox 1289 1012 1454 1043; x_wconf 90' lang='lat' dir='ltr'><strong>additum.</strong></span> <span class='ocrx_word' id='word_1_377' title='bbox 1499 1013 1563 1043; x_wconf 88' lang='lat' dir='ltr'><strong>Sed</strong></span> <span class='ocrx_word' id='word_1_378' title='bbox 1578 1013 1662 1053; x_wconf 82' lang='lat' dir='ltr'><strong>Lyn·</strong></span> 
     </span>
     <span class='ocr_line' id='line_1_56' title="bbox 961 1061 1662 1103; baseline 0.003 -11"><span class='ocrx_word' id='word_1_379' title='bbox 961 1061 1224 1100; x_wconf 82' lang='lat' dir='ltr'><strong>cistarumsrater</strong></span> <span class='ocrx_word' id='word_1_380' title='bbox 1245 1062 1325 1102; x_wconf 88' lang='lat' dir='ltr'><strong>quid</strong></span> <span class='ocrx_word' id='word_1_381' title='bbox 1342 1067 1454 1094; x_wconf 89' lang='lat' dir='ltr'><strong>tamen</strong></span> <span class='ocrx_word' id='word_1_382' title='bbox 1470 1063 1559 1094; x_wconf 86' lang='lat' dir='ltr'><strong>erit?</strong></span> <span class='ocrx_word' id='word_1_383' title='bbox 1581 1068 1662 1103; x_wconf 87' lang='grc' dir='ltr'>Λυ-γ-</span> 
     </span>
     <span class='ocr_line' id='line_1_57' title="bbox 961 1110 1661 1152; baseline 0.003 -11"><span class='ocrx_word' id='word_1_384' title='bbox 961 1110 1080 1148; x_wconf 79' lang='grc' dir='ltr'>κηστὰς</span> <span class='ocrx_word' id='word_1_385' title='bbox 1105 1112 1159 1142; x_wconf 90' lang='lat' dir='ltr'><strong>vel</strong></span> <span class='ocrx_word' id='word_1_386' title='bbox 1188 1111 1376 1151; x_wconf 73' lang='grc' dir='ltr'><strong>Λυγκιστὰς,</strong></span> <span class='ocrx_word' id='word_1_387' title='bbox 1409 1113 1577 1152; x_wconf 82' lang='lat' dir='ltr'><strong>Lyncestas</strong></span> <span class='ocrx_word' id='word_1_388' title='bbox 1605 1113 1661 1144; x_wconf 92' lang='lat' dir='ltr'><strong>vel</strong></span> 
     </span>
     <span class='ocr_line' id='line_1_58' title="bbox 962 1161 1664 1205; baseline 0.004 -14"><span class='ocrx_word' id='word_1_389' title='bbox 962 1161 1139 1202; x_wconf 74' lang='lat' dir='ltr'><strong>Lyncistas,</strong></span> <span class='ocrx_word' id='word_1_390' title='bbox 1151 1163 1311 1202; x_wconf 85' lang='lat' dir='ltr'><strong>populum</strong></span> <span class='ocrx_word' id='word_1_391' title='bbox 1321 1161 1424 1193; x_wconf 88' lang='lat' dir='ltr'><strong>fuisse</strong></span> <span class='ocrx_word' id='word_1_392' title='bbox 1436 1163 1664 1205; x_wconf 64' lang='lat' dir='ltr'><strong>Macedoniae,</strong></span> 
     </span>
     <span class='ocr_line' id='line_1_59' title="bbox 961 1211 1664 1254; baseline 0.003 -12"><span class='ocrx_word' id='word_1_393' title='bbox 961 1211 1139 1252; x_wconf 86' lang='lat' dir='ltr'><strong>ipsamque</strong></span> <span class='ocrx_word' id='word_1_394' title='bbox 1163 1212 1296 1243; x_wconf 84' lang='lat' dir='ltr'><strong>illorum</strong></span> <span class='ocrx_word' id='word_1_395' title='bbox 1318 1217 1442 1243; x_wconf 87' lang='lat' dir='ltr'><strong>terram</strong></span> <span class='ocrx_word' id='word_1_396' title='bbox 1454 1212 1664 1254; x_wconf 73' lang='grc' dir='ltr'><strong>Λυγκηστίδα,</strong></span> 
     </span>
     <span class='ocr_line' id='line_1_60' title="bbox 963 1260 1664 1304; baseline 0.004 -13"><span class='ocrx_word' id='word_1_397' title='bbox 963 1260 1195 1301; x_wconf 80' lang='lat' dir='ltr'><strong>Lyncestidem,</strong></span> <span class='ocrx_word' id='word_1_398' title='bbox 1233 1265 1401 1301; x_wconf 86' lang='lat' dir='ltr'><strong>vocatam,</strong></span> <span class='ocrx_word' id='word_1_399' title='bbox 1431 1271 1474 1293; x_wconf 86' lang='lat' dir='ltr'><strong>ex</strong></span> <span class='ocrx_word' id='word_1_400' title='bbox 1509 1263 1664 1304; x_wconf 73' lang='lat' dir='ltr'><strong>Thucyd-</strong></span> 
     </span>
     <span class='ocr_line' id='line_1_61' title="bbox 962 1310 1662 1345; baseline 0.004 -4"><span class='ocrx_word' id='word_1_401' title='bbox 962 1310 1077 1342; x_wconf 89' lang='lat' dir='ltr'><strong>Strab.</strong></span> <span class='ocrx_word' id='word_1_402' title='bbox 1108 1311 1197 1343; x_wconf 91' lang='lat' dir='ltr'><strong>Plin.</strong></span> <span class='ocrx_word' id='word_1_403' title='bbox 1227 1315 1262 1342; x_wconf 89' lang='lat' dir='ltr'><strong>et</strong></span> <span class='ocrx_word' id='word_1_404' title='bbox 1288 1312 1434 1343; x_wconf 88' lang='lat' dir='ltr'><strong>Ptolem.</strong></span> <span class='ocrx_word' id='word_1_405' title='bbox 1457 1312 1545 1343; x_wconf 88' lang='grc'><strong>50110</strong></span> <span class='ocrx_word' id='word_1_406' title='bbox 1567 1313 1662 1345; x_wconf 86' lang='lat' dir='ltr'><strong>licet.</strong></span> 
     </span>
     <span class='ocr_line' id='line_1_62' title="bbox 963 1360 1663 1402; baseline 0.003 -11"><span class='ocrx_word' id='word_1_407' title='bbox 963 1360 1033 1391; x_wconf 88' lang='lat' dir='ltr'><strong>Sed</strong></span> <span class='ocrx_word' id='word_1_408' title='bbox 1050 1370 1115 1391; x_wconf 91' lang='lat' dir='ltr'><strong>non</strong></span> <span class='ocrx_word' id='word_1_409' title='bbox 1132 1360 1243 1401; x_wconf 90' lang='lat' dir='ltr'><strong>video,</strong></span> <span class='ocrx_word' id='word_1_410' title='bbox 1258 1361 1313 1401; x_wconf 90' lang='lat' dir='ltr'><strong>qui</strong></span> <span class='ocrx_word' id='word_1_411' title='bbox 1329 1361 1432 1392; x_wconf 84' lang='lat' dir='ltr'><strong>totius</strong></span> <span class='ocrx_word' id='word_1_412' title='bbox 1444 1362 1587 1402; x_wconf 86' lang='lat' dir='ltr'><strong>alicujus</strong></span> <span class='ocrx_word' id='word_1_413' title='bbox 1602 1372 1663 1402; x_wconf 88' lang='lat' dir='ltr'><strong>po-</strong></span> 
     </span>
     <span class='ocr_line' id='line_1_63' title="bbox 964 1412 1662 1454; baseline 0.004 -12"><span class='ocrx_word' id='word_1_414' title='bbox 964 1412 1048 1452; x_wconf 88' lang='lat' dir='ltr'><strong>puli,</strong></span> <span class='ocrx_word' id='word_1_415' title='bbox 1080 1413 1325 1453; x_wconf 89' lang='lat' dir='ltr'><strong>Lyncestarum</strong></span> <span class='ocrx_word' id='word_1_416' title='bbox 1358 1413 1506 1453; x_wconf 88' lang='lat' dir='ltr'><strong>exempli</strong></span> <span class='ocrx_word' id='word_1_417' title='bbox 1540 1414 1662 1454; x_wconf 86' lang='lat' dir='ltr'><strong>gratia,</strong></span> 
     </span>
     <span class='ocr_line' id='line_1_64' title="bbox 964 1461 1660 1505; baseline 0.003 -12"><span class='ocrx_word' id='word_1_418' title='bbox 964 1467 1022 1493; x_wconf 90' lang='lat' dir='ltr'><strong>aut</strong></span> <span class='ocrx_word' id='word_1_419' title='bbox 1042 1463 1294 1503; x_wconf 88' lang='lat' dir='ltr'><strong>Thessalorum,</strong></span> <span class='ocrx_word' id='word_1_420' title='bbox 1317 1461 1425 1494; x_wconf 88' lang='lat' dir='ltr'><strong>frater</strong></span> <span class='ocrx_word' id='word_1_421' title='bbox 1448 1463 1516 1494; x_wconf 89' lang='lat' dir='ltr'><strong>dici</strong></span> <span class='ocrx_word' id='word_1_422' title='bbox 1539 1464 1660 1505; x_wconf 90' lang='lat' dir='ltr'><strong>aliquis</strong></span> 
     </span>
     <span class='ocr_line' id='line_1_65' title="bbox 965 1513 1663 1556; baseline 0.003 -13"><span class='ocrx_word' id='word_1_423' title='bbox 965 1513 1082 1553; x_wconf 87' lang='lat' dir='ltr'><strong>possit.</strong></span> <span class='ocrx_word' id='word_1_424' title='bbox 1128 1513 1247 1544; x_wconf 91' lang='lat' dir='ltr'><strong>Potius</strong></span> <span class='ocrx_word' id='word_1_425' title='bbox 1275 1513 1410 1544; x_wconf 88' lang='lat' dir='ltr'><strong>nomine</strong></span> <span class='ocrx_word' id='word_1_426' title='bbox 1448 1514 1566 1554; x_wconf 84' lang='lat' dir='ltr'><strong>gentili</strong></span> <span class='ocrx_word' id='word_1_427' title='bbox 1604 1525 1663 1556; x_wconf 91' lang='lat' dir='ltr'><strong>ap-</strong></span> 
     </span>
     <span class='ocr_line' id='line_1_66' title="bbox 964 1562 1662 1606; baseline 0.003 -13"><span class='ocrx_word' id='word_1_428' title='bbox 964 1562 1143 1602; x_wconf 88' lang='lat' dir='ltr'><strong>pellandus</strong></span> <span class='ocrx_word' id='word_1_429' title='bbox 1165 1563 1285 1604; x_wconf 90' lang='lat' dir='ltr'><strong>aliquis</strong></span> <span class='ocrx_word' id='word_1_430' title='bbox 1303 1562 1418 1603; x_wconf 85' lang='lat' dir='ltr'><strong>fuerit,</strong></span> <span class='ocrx_word' id='word_1_431' title='bbox 1434 1564 1662 1606; x_wconf 88' lang='lat' dir='ltr'><strong>dicendusque</strong></span> 
     </span>
     <span class='ocr_line' id='line_1_67' title="bbox 964 1613 1663 1653; baseline 0.004 -10"><span class='ocrx_word' id='word_1_432' title='bbox 964 1613 1164 1653; x_wconf 86' lang='lat' dir='ltr'><strong>Lyncestes,</strong></span> <span class='ocrx_word' id='word_1_433' title='bbox 1179 1613 1369 1645; x_wconf 85' lang='lat' dir='ltr'><strong>Thessalus.</strong></span> <span class='ocrx_word' id='word_1_434' title='bbox 1404 1615 1449 1645; x_wconf 91' lang='lat' dir='ltr'><strong>Et</strong></span> <span class='ocrx_word' id='word_1_435' title='bbox 1462 1624 1542 1645; x_wconf 91' lang='lat' dir='ltr'><strong>sane</strong></span> <span class='ocrx_word' id='word_1_436' title='bbox 1560 1614 1663 1647; x_wconf 82' lang='lat' dir='ltr'><strong>Alex-</strong></span> 
     </span>
     <span class='ocr_line' id='line_1_68' title="bbox 965 1662 1663 1703; baseline 0.007 -11"><span class='ocrx_word' id='word_1_437' title='bbox 965 1662 1106 1694; x_wconf 88' lang='lat' dir='ltr'><strong>andrum</strong></span> <span class='ocrx_word' id='word_1_438' title='bbox 1136 1663 1249 1703; x_wconf 89' lang='lat' dir='ltr'><strong>istum,</strong></span> <span class='ocrx_word' id='word_1_439' title='bbox 1290 1663 1345 1695; x_wconf 89' lang='lat' dir='ltr'><strong>cui</strong></span> <span class='ocrx_word' id='word_1_440' title='bbox 1377 1664 1572 1696; x_wconf 78' lang='lat' dir='ltr'><strong>Alexander</strong></span> <span class='ocrx_word' id='word_1_441' title='bbox 1601 1675 1663 1697; x_wconf 84' lang='lat' dir='ltr'><strong>rex</strong></span> 
     </span>
     <span class='ocr_line' id='line_1_69' title="bbox 966 1713 1662 1753; baseline 0.007 -11"><span class='ocrx_word' id='word_1_442' title='bbox 966 1713 1161 1751; x_wconf 86' lang='lat' dir='ltr'><strong>pepercisse</strong></span> <span class='ocrx_word' id='word_1_443' title='bbox 1197 1713 1334 1753; x_wconf 86' lang='lat' dir='ltr'><strong>dieitur,</strong></span> <span class='ocrx_word' id='word_1_444' title='bbox 1379 1714 1422 1745; x_wconf 87' lang='lat' dir='ltr'><strong>ab</strong></span> <span class='ocrx_word' id='word_1_445' title='bbox 1464 1716 1662 1747; x_wconf 81' lang='lat' dir='ltr'><strong>auctoribus</strong></span> 
     </span>
     <span class='ocr_line' id='line_1_70' title="bbox 964 1761 1663 1806; baseline 0.009 -15"><span class='ocrx_word' id='word_1_446' title='bbox 964 1761 1149 1802; x_wconf 74' lang='grc' dir='ltr'>Λυγκιστὴς,</span> <span class='ocrx_word' id='word_1_447' title='bbox 1192 1763 1355 1803; x_wconf 81' lang='lat' dir='ltr'><strong>Lyncistes</strong></span> <span class='ocrx_word' id='word_1_448' title='bbox 1391 1765 1446 1795; x_wconf 90' lang='lat' dir='ltr'><strong>vel</strong></span> <span class='ocrx_word' id='word_1_449' title='bbox 1483 1766 1663 1806; x_wconf 80' lang='lat' dir='ltr'><strong>Lyncestes,</strong></span> 
     </span>
     <span class='ocr_line' id='line_1_71' title="bbox 964 1813 1664 1848; baseline 0.006 -5"><span class='ocrx_word' id='word_1_450' title='bbox 964 1817 1117 1844; x_wconf 87' lang='lat' dir='ltr'><strong>vocatur.</strong></span> <span class='ocrx_word' id='word_1_451' title='bbox 1161 1813 1297 1844; x_wconf 85' lang='lat' dir='ltr'><strong>Videsis</strong></span> <span class='ocrx_word' id='word_1_452' title='bbox 1335 1814 1434 1846; x_wconf 91' lang='lat' dir='ltr'><strong>Diod.</strong></span> <span class='ocrx_word' id='word_1_453' title='bbox 1465 1815 1600 1848; x_wconf 87' lang='lat' dir='ltr'><strong>Arrian.</strong></span> <span class='ocrx_word' id='word_1_454' title='bbox 1628 1820 1664 1847; x_wconf 80' lang='lat' dir='ltr'><strong>et</strong></span> 
     </span>
     <span class='ocr_line' id='line_1_72' title="bbox 966 1862 1663 1904; baseline 0.007 -11"><span class='ocrx_word' id='word_1_455' title='bbox 966 1862 1063 1894; x_wconf 87' lang='lat' dir='ltr'><strong>Curt.</strong></span> <span class='ocrx_word' id='word_1_456' title='bbox 1109 1862 1237 1895; x_wconf 81' lang='lat' dir='ltr'><strong>Quidni</strong></span> <span class='ocrx_word' id='word_1_457' title='bbox 1259 1863 1365 1904; x_wconf 86' lang='lat' dir='ltr'><strong>igitur</strong></span> <span class='ocrx_word' id='word_1_458' title='bbox 1382 1868 1418 1895; x_wconf 89' lang='lat' dir='ltr'><strong>et</strong></span> <span class='ocrx_word' id='word_1_459' title='bbox 1434 1874 1454 1895; x_wconf 90' lang='lat' dir='ltr'><strong>a</strong></span> <span class='ocrx_word' id='word_1_460' title='bbox 1469 1864 1597 1897; x_wconf 87' lang='lat' dir='ltr'><strong>Nostro</strong></span> <span class='ocrx_word' id='word_1_461' title='bbox 1613 1867 1663 1898; x_wconf 87' lang='grc'><strong>510</strong></span> 
     </span>
     <span class='ocr_line' id='line_1_73' title="bbox 965 1912 1662 1953; baseline 0.004 -10"><span class='ocrx_word' id='word_1_462' title='bbox 965 1913 1157 1952; x_wconf 90' lang='lat' dir='ltr'><strong>appellatus</strong></span> <span class='ocrx_word' id='word_1_463' title='bbox 1175 1912 1269 1943; x_wconf 90' lang='lat' dir='ltr'><strong>credi</strong></span> <span class='ocrx_word' id='word_1_464' title='bbox 1292 1913 1420 1953; x_wconf 87' lang='lat' dir='ltr'><strong>possit?</strong></span> <span class='ocrx_word' id='word_1_465' title='bbox 1464 1914 1662 1946; x_wconf 81' lang='lat' dir='ltr'><strong>Praesertim</strong></span> 
     </span>
     <span class='ocr_line' id='line_1_74' title="bbox 965 1962 1663 2002; baseline 0.006 -10"><span class='ocrx_word' id='word_1_466' title='bbox 965 1971 1041 1993; x_wconf 89' lang='grc'><strong>011111</strong></span> <span class='ocrx_word' id='word_1_467' title='bbox 1067 1963 1163 1994; x_wconf 88' lang='lat' dir='ltr'><strong>Junt.</strong></span> <span class='ocrx_word' id='word_1_468' title='bbox 1187 1962 1239 1994; x_wconf 86' lang='lat' dir='ltr'><strong>ed.</strong></span> <span class='ocrx_word' id='word_1_469' title='bbox 1265 1968 1301 1993; x_wconf 90' lang='lat' dir='ltr'><strong>ut</strong></span> <span class='ocrx_word' id='word_1_470' title='bbox 1318 1962 1402 2002; x_wconf 86' lang='lat' dir='ltr'><strong>dixi,</strong></span> <span class='ocrx_word' id='word_1_471' title='bbox 1417 1963 1593 1995; x_wconf 85' lang='lat' dir='ltr'><strong>manifeste</strong></span> <span class='ocrx_word' id='word_1_472' title='bbox 1614 1965 1663 1996; x_wconf 89' lang='lat' dir='ltr'><strong>sic</strong></span> 
     </span>
     <span class='ocr_line' id='line_1_75' title="bbox 962 2011 1663 2054; baseline 0.006 -12"><span class='ocrx_word' id='word_1_473' title='bbox 962 2011 1089 2043; x_wconf 88' lang='lat' dir='ltr'><strong>habeat</strong></span> <span class='ocrx_word' id='word_1_474' title='bbox 1114 2013 1292 2043; x_wconf 80' lang='lat' dir='ltr'><strong>Alexandro</strong></span> <span class='ocrx_word' id='word_1_475' title='bbox 1320 2013 1481 2053; x_wconf 70' lang='lat' dir='ltr'><strong>Lyncestae²</strong></span> <span class='ocrx_word' id='word_1_476' title='bbox 1496 2014 1613 2054; x_wconf 79' lang='lat' dir='ltr'><strong>fratri,</strong></span> <span class='ocrx_word' id='word_1_477' title='bbox 1627 2019 1663 2047; x_wconf 82' lang='lat' dir='ltr'><strong>et</strong></span> 
     </span>
     <span class='ocr_line' id='line_1_76' title="bbox 964 2062 1662 2107; baseline 0.006 -15"><span class='ocrx_word' id='word_1_478' title='bbox 964 2062 1080 2092; x_wconf 86' lang='lat' dir='ltr'><strong>alteris</strong></span> <span class='ocrx_word' id='word_1_479' title='bbox 1105 2062 1189 2093; x_wconf 90' lang='lat' dir='ltr'><strong>item</strong></span> <span class='ocrx_word' id='word_1_480' title='bbox 1212 2062 1306 2103; x_wconf 90' lang='lat' dir='ltr'><strong>locis,</strong></span> <span class='ocrx_word' id='word_1_481' title='bbox 1328 2063 1365 2093; x_wconf 84' lang='lat' dir='ltr'><strong>ab</strong></span> <span class='ocrx_word' id='word_1_482' title='bbox 1381 2064 1560 2095; x_wconf 76' lang='lat' dir='ltr'><strong>Alexandro</strong></span> <span class='ocrx_word' id='word_1_483' title='bbox 1576 2066 1662 2107; x_wconf 82' lang='lat' dir='ltr'><strong>Lyn-</strong></span> 
     </span>
     <span class='ocr_line' id='line_1_77' title="bbox 961 2112 1659 2156; baseline 0.007 -14"><span class='ocrx_word' id='word_1_484' title='bbox 961 2113 1040 2143; x_wconf 74' lang='lat' dir='ltr'><strong>cista</strong></span> <span class='ocrx_word' id='word_1_485' title='bbox 1056 2117 1092 2144; x_wconf 89' lang='lat' dir='ltr'><strong>et</strong></span> <span class='ocrx_word' id='word_1_486' title='bbox 1110 2112 1326 2143; x_wconf 79' lang='lat' dir='ltr'><strong>Alexandrum</strong></span> <span class='ocrx_word' id='word_1_487' title='bbox 1339 2113 1531 2154; x_wconf 81' lang='lat' dir='ltr'><strong>Lyncistam.</strong></span> <span class='ocrx_word' id='word_1_488' title='bbox 1577 2116 1659 2156; x_wconf 83' lang='lat' dir='ltr'><strong>Ipse</strong></span> 
     </span>
     <span class='ocr_line' id='line_1_78' title="bbox 962 2163 1662 2206; baseline 0.006 -13"><span class='ocrx_word' id='word_1_489' title='bbox 962 2172 1098 2203; x_wconf 88' lang='lat' dir='ltr'><strong>quoque</strong></span> <span class='ocrx_word' id='word_1_490' title='bbox 1120 2163 1227 2202; x_wconf 88' lang='lat' dir='ltr'><strong>Bong.</strong></span> <span class='ocrx_word' id='word_1_491' title='bbox 1250 2163 1284 2194; x_wconf 92' lang='lat' dir='ltr'><strong>in</strong></span> <span class='ocrx_word' id='word_1_492' title='bbox 1308 2173 1380 2195; x_wconf 88' lang='lat' dir='ltr'><strong>var.</strong></span> <span class='ocrx_word' id='word_1_493' title='bbox 1410 2164 1507 2196; x_wconf 91' lang='lat' dir='ltr'><strong>lectt.</strong></span> <span class='ocrx_word' id='word_1_494' title='bbox 1533 2170 1662 2206; x_wconf 91' lang='lat' dir='ltr'><strong>monet,</strong></span> 
     </span>
     <span class='ocr_line' id='line_1_79' title="bbox 962 2211 1661 2253; baseline 0.007 -11"><span class='ocrx_word' id='word_1_495' title='bbox 962 2211 1079 2252; x_wconf 88' lang='lat' dir='ltr'><strong>quosd.</strong></span> <span class='ocrx_word' id='word_1_496' title='bbox 1103 2212 1191 2253; x_wconf 88' lang='lat' dir='ltr'><strong>typis</strong></span> <span class='ocrx_word' id='word_1_497' title='bbox 1212 2222 1392 2253; x_wconf 88' lang='lat' dir='ltr'><strong>expressos</strong></span> <span class='ocrx_word' id='word_1_498' title='bbox 1409 2215 1508 2246; x_wconf 90' lang='lat' dir='ltr'><strong>codd.</strong></span> <span class='ocrx_word' id='word_1_499' title='bbox 1533 2216 1661 2247; x_wconf 88' lang='lat' dir='ltr'><strong>habere</strong></span> 
     </span>
     <span class='ocr_line' id='line_1_80' title="bbox 962 2261 1661 2302; baseline 0.007 -10"><span class='ocrx_word' id='word_1_500' title='bbox 962 2261 1132 2302; x_wconf 75' lang='lat' dir='ltr'><strong>Dyncestae.</strong></span> <span class='ocrx_word' id='word_1_501' title='bbox 1177 2262 1245 2295; x_wconf 83' lang='lat' dir='ltr'><strong>Qui</strong></span> <span class='ocrx_word' id='word_1_502' title='bbox 1275 2263 1375 2294; x_wconf 88' lang='lat' dir='ltr'><strong>codd.</strong></span> <span class='ocrx_word' id='word_1_503' title='bbox 1402 2274 1478 2295; x_wconf 90' lang='lat' dir='ltr'><strong>cum</strong></span> <span class='ocrx_word' id='word_1_504' title='bbox 1502 2274 1544 2295; x_wconf 87' lang='lat' dir='ltr'><strong>ex</strong></span> <span class='ocrx_word' id='word_1_505' title='bbox 1561 2266 1661 2298; x_wconf 90' lang='lat' dir='ltr'><strong>codd.</strong></span> 
     </span>
     <span class='ocr_line' id='line_1_81' title="bbox 963 2313 1665 2356; baseline 0.006 -13"><span class='ocrx_word' id='word_1_506' title='bbox 963 2313 1048 2343; x_wconf 90' lang='lat' dir='ltr'><strong>Mss.</strong></span> <span class='ocrx_word' id='word_1_507' title='bbox 1074 2317 1110 2343; x_wconf 93' lang='lat' dir='ltr'><strong>et</strong></span> <span class='ocrx_word' id='word_1_508' title='bbox 1125 2313 1190 2353; x_wconf 90' lang='lat' dir='ltr'><strong>ipsi</strong></span> <span class='ocrx_word' id='word_1_509' title='bbox 1210 2313 1363 2354; x_wconf 87' lang='lat' dir='ltr'><strong>expressi</strong></span> <span class='ocrx_word' id='word_1_510' title='bbox 1380 2314 1450 2345; x_wconf 89' lang='grc'><strong>51110</strong></span> <span class='ocrx_word' id='word_1_511' title='bbox 1466 2315 1568 2347; x_wconf 93' lang='lat' dir='ltr'><strong>dubio</strong></span> <span class='ocrx_word' id='word_1_512' title='bbox 1582 2316 1665 2356; x_wconf 85' lang='lat' dir='ltr'><strong>sint,</strong></span> 
     </span>
     <span class='ocr_line' id='line_1_82' title="bbox 963 2362 1663 2405; baseline 0.006 -12"><span class='ocrx_word' id='word_1_513' title='bbox 963 2362 1106 2402; x_wconf 84' lang='lat' dir='ltr'><strong>perinde</strong></span> <span class='ocrx_word' id='word_1_514' title='bbox 1133 2363 1166 2393; x_wconf 92' lang='lat' dir='ltr'><strong>id</strong></span> <span class='ocrx_word' id='word_1_515' title='bbox 1191 2367 1254 2402; x_wconf 85' lang='lat' dir='ltr'><strong>est,</strong></span> <span class='ocrx_word' id='word_1_516' title='bbox 1281 2372 1321 2394; x_wconf 87' lang='lat' dir='ltr'><strong>ac</strong></span> <span class='ocrx_word' id='word_1_517' title='bbox 1348 2363 1375 2394; x_wconf 90' lang='lat' dir='ltr'><strong>si</strong></span> <span class='ocrx_word' id='word_1_518' title='bbox 1396 2364 1430 2394; x_wconf 92' lang='lat' dir='ltr'><strong>in</strong></span> <span class='ocrx_word' id='word_1_519' title='bbox 1456 2364 1539 2405; x_wconf 88' lang='lat' dir='ltr'><strong>ipsis</strong></span> <span class='ocrx_word' id='word_1_520' title='bbox 1561 2365 1663 2397; x_wconf 91' lang='lat' dir='ltr'><strong>codd.</strong></span> 
     </span>
     <span class='ocr_line' id='line_1_83' title="bbox 964 2412 1662 2453; baseline 0.006 -10"><span class='ocrx_word' id='word_1_521' title='bbox 964 2413 1046 2444; x_wconf 87' lang='lat' dir='ltr'><strong>Mss.</strong></span> <span class='ocrx_word' id='word_1_522' title='bbox 1083 2412 1132 2443; x_wconf 89' lang='lat' dir='ltr'><strong>sic</strong></span> <span class='ocrx_word' id='word_1_523' title='bbox 1164 2413 1350 2453; x_wconf 86' lang='lat' dir='ltr'><strong>legeretur.</strong></span> <span class='ocrx_word' id='word_1_524' title='bbox 1392 2414 1495 2448; x_wconf 83' lang='lat' dir='ltr'><strong>Vorst.</strong></span> <span class='ocrx_word' id='word_1_525' title='bbox 1541 2416 1662 2447; x_wconf 82' lang='lat' dir='ltr'><strong>Emen-</strong></span> 
     </span>
     <span class='ocr_line' id='line_1_84' title="bbox 965 2461 1663 2507; baseline 0.007 -14"><span class='ocrx_word' id='word_1_526' title='bbox 965 2462 1059 2502; x_wconf 87' lang='lat' dir='ltr'><strong>dant,</strong></span> <span class='ocrx_word' id='word_1_527' title='bbox 1075 2461 1257 2493; x_wconf 82' lang='lat' dir='ltr'><strong>Alexandro</strong></span> <span class='ocrx_word' id='word_1_528' title='bbox 1276 2463 1444 2503; x_wconf 80' lang='lat' dir='ltr'><strong>Lyncistoe.</strong></span> <span class='ocrx_word' id='word_1_529' title='bbox 1489 2464 1597 2507; x_wconf 91' lang='lat' dir='ltr'><strong>Atqui</strong></span> <span class='ocrx_word' id='word_1_530' title='bbox 1613 2467 1663 2498; x_wconf 87' lang='lat' dir='ltr'><strong>sic</strong></span> 
     </span>
     <span class='ocr_line' id='line_1_85' title="bbox 964 2514 1662 2556; baseline 0.007 -14"><span class='ocrx_word' id='word_1_531' title='bbox 964 2516 1000 2543; x_wconf 93' lang='lat' dir='ltr'><strong>et</strong></span> <span class='ocrx_word' id='word_1_532' title='bbox 1025 2522 1100 2553; x_wconf 88' lang='lat' dir='ltr'><strong>cap.</strong></span> <span class='ocrx_word' id='word_1_533' title='bbox 1125 2514 1156 2543; x_wconf 87' lang='lat'><strong>7.</strong></span> <span class='ocrx_word' id='word_1_534' title='bbox 1177 2515 1207 2542; x_wconf 92' lang='lat'><strong>1.</strong></span> <span class='ocrx_word' id='word_1_535' title='bbox 1232 2516 1266 2543; x_wconf 91' lang='lat' dir='ltr'><strong>et</strong></span> <span class='ocrx_word' id='word_1_536' title='bbox 1288 2521 1354 2543; x_wconf 76' lang='grc' dir='ltr'><strong>ΧΠ.</strong></span> <span class='ocrx_word' id='word_1_537' title='bbox 1372 2516 1468 2545; x_wconf 81' lang='grc'><strong>14.1.</strong></span> <span class='ocrx_word' id='word_1_538' title='bbox 1508 2516 1586 2546; x_wconf 91' lang='lat' dir='ltr'><strong>Non</strong></span> <span class='ocrx_word' id='word_1_539' title='bbox 1603 2526 1662 2556; x_wconf 89' lang='lat' dir='ltr'><strong>po-</strong></span> 
     </span>
     <span class='ocr_line' id='line_1_86' title="bbox 964 2561 1663 2597; baseline 0.004 -3"><span class='ocrx_word' id='word_1_540' title='bbox 964 2562 1031 2594; x_wconf 89' lang='lat' dir='ltr'><strong>tuit</strong></span> <span class='ocrx_word' id='word_1_541' title='bbox 1061 2566 1112 2593; x_wconf 90' lang='lat' dir='ltr'><strong>tot</strong></span> <span class='ocrx_word' id='word_1_542' title='bbox 1140 2561 1222 2592; x_wconf 84' lang='lat' dir='ltr'><strong>locis</strong></span> <span class='ocrx_word' id='word_1_543' title='bbox 1248 2561 1336 2592; x_wconf 88' lang='lat' dir='ltr'><strong>idem</strong></span> <span class='ocrx_word' id='word_1_544' title='bbox 1362 2564 1561 2595; x_wconf 86' lang='lat' dir='ltr'><strong>vocabulum</strong></span> <span class='ocrx_word' id='word_1_545' title='bbox 1588 2575 1663 2597; x_wconf 78' lang='lat' dir='ltr'><strong>esse</strong></span> 
     </span>
     <span class='ocr_line' id='line_1_87' title="bbox 963 2611 1663 2655; baseline 0.004 -11"><span class='ocrx_word' id='word_1_546' title='bbox 963 2613 1199 2653; x_wconf 88' lang='lat' dir='ltr'><strong>depravatum.</strong></span> <span class='ocrx_word' id='word_1_547' title='bbox 1243 2611 1366 2654; x_wconf 88' lang='lat' dir='ltr'><strong>Itaque</strong></span> <span class='ocrx_word' id='word_1_548' title='bbox 1380 2614 1426 2644; x_wconf 92' lang='lat' dir='ltr'><strong>nil</strong></span> <span class='ocrx_word' id='word_1_549' title='bbox 1450 2619 1563 2655; x_wconf 83' lang='lat' dir='ltr'><strong>muto3</strong></span> <span class='ocrx_word' id='word_1_550' title='bbox 1590 2621 1663 2647; x_wconf 84' lang='lat' dir='ltr'><strong>tan·</strong></span> 
     </span>
     <span class='ocr_line' id='line_1_88' title="bbox 963 2662 1661 2704; baseline 0.009 -12"><span class='ocrx_word' id='word_1_551' title='bbox 963 2666 1035 2693; x_wconf 88' lang='lat' dir='ltr'><strong>tum</strong></span> <span class='ocrx_word' id='word_1_552' title='bbox 1064 2666 1142 2703; x_wconf 88' lang='lat' dir='ltr'><strong>post</strong></span> <span class='ocrx_word' id='word_1_553' title='bbox 1167 2662 1386 2703; x_wconf 77' lang='lat' dir='ltr'><strong>Lyncistarum</strong></span> <span class='ocrx_word' id='word_1_554' title='bbox 1412 2673 1501 2704; x_wconf 89' lang='lat' dir='ltr'><strong>pono</strong></span> <span class='ocrx_word' id='word_1_555' title='bbox 1520 2675 1661 2698; x_wconf 87' lang='lat' dir='ltr'><strong>comma.</strong></span> 
     </span>
     <span class='ocr_line' id='line_1_89' title="bbox 963 2712 1662 2756; baseline 0.004 -11"><span class='ocrx_word' id='word_1_556' title='bbox 963 2713 1039 2745; x_wconf 90' lang='lat' dir='ltr'><strong>Nec</strong></span> <span class='ocrx_word' id='word_1_557' title='bbox 1065 2713 1152 2744; x_wconf 90' lang='lat' dir='ltr'><strong>enim</strong></span> <span class='ocrx_word' id='word_1_558' title='bbox 1182 2713 1355 2744; x_wconf 78' lang='lat' dir='ltr'><strong>cohaerent</strong></span> <span class='ocrx_word' id='word_1_559' title='bbox 1373 2712 1476 2750; x_wconf 80' lang='lat' dir='ltr'><strong>fratri</strong></span> <span class='ocrx_word' id='word_1_560' title='bbox 1499 2715 1662 2756; x_wconf 79' lang='lat' dir='ltr'><strong>Lyncista-</strong></span> 
     </span>
     <span class='ocr_line' id='line_1_90' title="bbox 961 2763 1660 2804; baseline 0.006 -10"><span class='ocrx_word' id='word_1_561' title='bbox 961 2774 1043 2804; x_wconf 82' lang='lat' dir='ltr'><strong>rum,</strong></span> <span class='ocrx_word' id='word_1_562' title='bbox 1059 2763 1119 2795; x_wconf 86' lang='lat' dir='ltr'><strong>sed</strong></span> <span class='ocrx_word' id='word_1_563' title='bbox 1136 2764 1317 2794; x_wconf 68' lang='lat' dir='ltr'><strong>Alexandro</strong></span> <span class='ocrx_word' id='word_1_564' title='bbox 1332 2763 1568 2804; x_wconf 83' lang='lat' dir='ltr'><strong>Lyncistarum:</strong></span> <span class='ocrx_word' id='word_1_565' title='bbox 1592 2767 1613 2798; x_wconf 92' lang='lat' dir='ltr'><strong>i.</strong></span> <span class='ocrx_word' id='word_1_566' title='bbox 1629 2777 1660 2798; x_wconf 91' lang='lat' dir='ltr'><strong>e.</strong></span> 
     </span>
     <span class='ocr_line' id='line_1_91' title="bbox 964 2814 1662 2856; baseline 0.007 -11"><span class='ocrx_word' id='word_1_567' title='bbox 964 2815 1160 2846; x_wconf 85' lang='lat' dir='ltr'><strong>Alexandro</strong></span> <span class='ocrx_word' id='word_1_568' title='bbox 1177 2815 1238 2855; x_wconf 87' lang='lat' dir='ltr'><strong>illi,</strong></span> <span class='ocrx_word' id='word_1_569' title='bbox 1252 2815 1307 2856; x_wconf 88' lang='lat' dir='ltr'><strong>qni</strong></span> <span class='ocrx_word' id='word_1_570' title='bbox 1323 2814 1388 2847; x_wconf 88' lang='lat' dir='ltr'><strong>fuit</strong></span> <span class='ocrx_word' id='word_1_571' title='bbox 1410 2825 1452 2846; x_wconf 87' lang='lat' dir='ltr'><strong>ex</strong></span> <span class='ocrx_word' id='word_1_572' title='bbox 1466 2816 1592 2849; x_wconf 88' lang='lat' dir='ltr'><strong>familia</strong></span> <span class='ocrx_word' id='word_1_573' title='bbox 1614 2819 1662 2850; x_wconf 85' lang='lat' dir='ltr'><strong>sic</strong></span> 
     </span>
     <span class='ocr_line' id='line_1_92' title="bbox 964 2865 1664 2909; baseline 0.006 -13"><span class='ocrx_word' id='word_1_574' title='bbox 964 2865 1068 2897; x_wconf 85' lang='lat' dir='ltr'><strong>dicta.</strong></span> <span class='ocrx_word' id='word_1_575' title='bbox 1114 2865 1188 2897; x_wconf 93' lang='lat' dir='ltr'><strong>Nisi</strong></span> <span class='ocrx_word' id='word_1_576' title='bbox 1221 2866 1384 2896; x_wconf 87' lang='lat' dir='ltr'><strong>malumus</strong></span> <span class='ocrx_word' id='word_1_577' title='bbox 1414 2867 1462 2897; x_wconf 90' lang='lat' dir='ltr'><strong>ita</strong></span> <span class='ocrx_word' id='word_1_578' title='bbox 1492 2873 1664 2909; x_wconf 80' lang='lat' dir='ltr'><strong>vocatum,</strong></span> 
     </span>
     <span class='ocr_line' id='line_1_93' title="bbox 965 2915 1661 2959; baseline 0.003 -12"><span class='ocrx_word' id='word_1_579' title='bbox 965 2916 1054 2957; x_wconf 87' lang='lat' dir='ltr'><strong>quod</strong></span> <span class='ocrx_word' id='word_1_580' title='bbox 1086 2915 1112 2948; x_wconf 87' lang='lat' dir='ltr'><strong>f.</strong></span> <span class='ocrx_word' id='word_1_581' title='bbox 1140 2915 1325 2957; x_wconf 82' lang='lat' dir='ltr'><strong>praefectus</strong></span> <span class='ocrx_word' id='word_1_582' title='bbox 1355 2920 1446 2948; x_wconf 80' lang='lat' dir='ltr'><strong>esset</strong></span> <span class='ocrx_word' id='word_1_583' title='bbox 1477 2917 1661 2959; x_wconf 83' lang='lat' dir='ltr'><strong>Lyncistis‚</strong></span> 
     </span>
    </p>
   </div>
  </div>
 </body>
</html>
