2174 3424
614 323 809 355 Jusrim
846 324 937 352 mu.
971 322 1083 352 xiii.
1115 324 1221 354 cst».
1252 315 1292 353 4.
1593 311 1676 353 841.

243 419 414 460 scripsisse
430 417 454 450 f.
468 419 508 449 nd
519 417 735 449 territandum.
783 415 858 447 Nisi
877 425 935 456 pu-

244 474 296 500 tes
319 469 429 509 ipsum
444 467 525 498 illud
541 466 742 505 deligandum
767 466 934 506 accipien-

244 518 322 550 dum
337 528 410 559 pro,
422 517 607 557 ligandum,
620 515 846 554 vinciendum,
858 525 936 556 cap-

245 573 316 600 tum
333 578 381 599 sc.
425 567 478 598 Ac
504 566 569 597 fuit
592 567 690 606 longe
715 566 820 606 major
837 566 937 605 copia

244 618 396 658 peditum
425 616 484 654 ibi,
514 625 613 656 quam
642 615 802 657 equitum.
856 615 936 646 Vid.

245 670 340 700 Curt.
356 677 391 699 x.
405 670 437 698 7.
454 669 504 698 16.
526 665 629 703 Sclzef.

288 719 306 758 ᾧ
321 721 339 748 5
356 716 498 756 Ter-rere]
515 716 572 747 Ita
583 717 668 748 Mss.
683 716 730 747 H.
744 725 773 747 e.
785 719 939 747 mutuum

245 771 370 798 metum
395 766 560 798 incutere.
605 766 716 806 Bong.
738 767 860 805 terreri,
881 766 940 796 sed

245 817 329 848 illud
354 816 444 847 haud
470 816 573 846 dubie
597 816 723 847 rectius
751 820 814 846 est.
840 816 941 847 Bern-

249 866 392 906 Terrere]
428 866 484 897 Sic
510 867 595 897 Tac.
625 875 650 897 1.
680 866 723 896 de
753 865 939 897 militibus:

247 916 345 959 ‘Nisi
358 920 518 957 paveant,
535 915 688 947 terrere.'
712 916 799 947 Box.

289 967 341 1007 §7
366 967 494 996 Attalus
516 967 556 996 ad
578 965 838 1008 interficiendum]
867 967 941 997 Me-

246 1017 360 1058 leagro
377 1017 412 1048 id
428 1017 547 1048 tribuit
565 1017 661 1049 Curt.
677 1026 715 1049 x.
730 1020 761 1048 8.
778 1020 809 1048 1.
832 1018 940 1057 Bong.

291 1069 309 1108 ξ
322 1070 361 1098 10
378 1067 548 1106 Egregium
559 1067 711 1107 hostibus]
735 1067 842 1099 Eand.
855 1068 943 1099 hanc

247 1117 404 1148 movendi
419 1116 586 1148 rationem
601 1116 645 1148 ab
660 1116 804 1147 hostium
819 1115 944 1147 affeetu

249 1170 284 1198 et
300 1171 378 1197 voto
406 1166 568 1198 decenter
583 1171 727 1207 usurpat
744 1166 884 1197 Homer.
900 1166 944 1197 Il.

250 1227 276 1248 1.
292 1219 367 1248 255.
395 1220 431 1247 et
453 1226 496 1247 ex
512 1227 552 1248 eo
576 1218 696 1257 Virgil.
711 1226 754 1248 11.
780 1217 854 1248 AEn.
873 1219 945 1249 104.

256 1265 349 1298 ‘Hoc
375 1267 514 1298 Ithacus
540 1267 635 1307 velit,
661 1271 696 1298 et
718 1276 841 1307 magno
863 1277 948 1298 mer-

251 1322 371 1348 centur
387 1316 542 1349 Atridael
584 1317 720 1348 Videsis
734 1317 800 1348 Ov.
815 1317 879 1357 Ep.
894 1326 946 1349 lx.

252 1369 283 1398 7.
301 1371 338 1397 et
351 1368 431 1398 Tac.
449 1368 490 1399 G.
506 1370 559 1398 33.
581 1366 674 1398 Add.
697 1367 839 1407 Josepli.
864 1375 948 1399 xm.

252 1419 305 1448 24.
329 1417 427 1448 Bern.

297 1467 579 1507 Parentaturosque
600 1467 750 1506 sanguine
775 1477 827 1498 suo
849 1467 949 1498 mani-

254 1515 306 1546 bus
320 1516 467 1556 hostium]
490 1515 569 1547 vid.
596 1525 670 1557 quae
696 1516 736 1546 ad
759 1526 827 1548 ΧΠ.
843 1519 895 1547 15.
916 1520 949 1548 6.

253 1566 457 1598 notavimus.
484 1567 586 1597 Vorst.
631 1567 719 1597 Saxo
736 1575 811 1598 xiv.
828 1578 862 1608 p.
875 1571 951 1600 280.

256 1620 288 1647 5.
311 1618 320 1633 ⁴
337 1617 504 1656 Sanguine
525 1616 679 1653 Ulvonis‚
704 1617 799 1647 ducis
815 1618 864 1648 sui
880 1628 948 1649 ma-

255 1666 354 1698 nibus
380 1667 626 1708 parentandum
648 1672 802 1708 putantes
815 1667 835 1698 :'
859 1673 895 1699 et
914 1679 949 1709 p.

256 1719 332 1749 294.
355 1720 406 1748 11.
451 1718 459 1734 ‘
475 1718 610 1748 Fratres
634 1718 700 1748 mei
720 1718 867 1758 paternis
882 1729 951 1749 ma·

258 1767 355 1798 nibus
370 1772 484 1799 nostro
500 1768 663 1808 sanguine
681 1768 929 1808 parentabunt.'

299 1818 386 1849 CAP.
403 1826 455 1849 lv.
480 1819 531 1858 §5
567 1819 763 1856 Castrorum,
789 1819 954 1860 exercitus,

258 1869 288 1898 et
317 1876 421 1897 rerum
451 1866 541 1906 cura]
573 1868 723 1898 ‘Rerum
754 1867 858 1898 cura'
889 1873 953 1907 est,

259 1915 468 1956 praefectura
490 1917 636 1955 militiae,
664 1926 691 1947 S.
717 1917 894 1957 imperium
920 1918 954 1948 in

258 1966 361 1997 bello.
403 1966 511 1997 ‘Res'
533 1967 618 1997 enim
641 1966 710 1996 κατ’
735 1965 845 2005 ἐξοχὴν
858 1971 956 1998 notat

258 2016 399 2056 bellum,
413 2016 502 2048 unde
519 2017 528 2033 ‘
539 2017 698 2047 Dictator
712 2017 761 2047 rei
773 2016 956 2057 gerendae!

263 2067 346 2097 Cura
361 2076 494 2108 quoque
510 2067 708 2098 vocabulum
733 2068 867 2110 imperii
891 2072 955 2099 est.

261 2117 357 2148 Suet.
378 2117 451 2149 Tib.
468 2120 520 2148 16.
542 2117 551 2134 ‘
564 2117 632 2148 Sed
648 2118 802 2149 nuntiata
825 2118 955 2159 Illyrici

261 2166 456 2198 defectione
488 2168 626 2199 transiit
655 2168 698 2199 ad
728 2178 842 2200 curam
875 2171 955 2202 novi

262 2216 366 2248 belli.'
398 2216 451 2248 Id.
479 2218 552 2250 Vit.
578 2220 610 2249 2.
642 2219 791 2250 ‘Curam
821 2230 955 2261 quoque

263 2265 397 2306 imperii
413 2267 586 2307 sustinuit,
607 2267 747 2299 absente
763 2280 802 2301 eo
819 2271 956 2311 expedi-

263 2316 356 2347 tione
372 2317 592 2350 Britannica.'
636 2319 727 2351 Hinc
752 2330 860 2352 curare
885 2332 958 2362 pro,

265 2365 442 2406 imperare,
459 2377 604 2408 praeesse
621 2369 655 2399 in
680 2370 772 2401 bello
797 2381 851 2412 ap.
874 2372 956 2403 Sall.

263 2415 273 2433 ‘
289 2416 417 2447 Marius
433 2417 478 2448 ibi
498 2419 661 2451 curabat.'
687 2420 821 2452 Gronov.
866 2423 960 2453 Exis-

265 2465 363 2506 timo,
374 2475 482 2508 neque
495 2477 631 2499 necesse
642 2474 695 2500 est
706 2471 870 2512 proloqui,
885 2482 958 2513 quae

267 2525 321 2546 me
349 2518 435 2548 ratio
472 2518 626 2560 impellat
654 2524 692 2551 ut
722 2521 770 2552 ita
806 2521 960 2563 sentiam,

268 2565 432 2607 scriptum
457 2578 476 2598 a
496 2568 589 2600 Just.
617 2568 735 2610 fuisse,
760 2572 961 2603 castrensium

267 2627 370 2650 rerum
385 2622 413 2650 et
425 2620 579 2651 exercitus
592 2630 677 2660 cura,
691 2623 744 2661 ᾅτ.
768 2622 860 2654 Quid
872 2623 961 2653 enim

268 2668 332 2700 hoc
349 2670 506 2710 Meleager
518 2670 643 2702 curabat
653 2674 766 2712 castra,
779 2673 961 2712 exercitum,

272 2722 303 2749 et
327 2718 402 2751 res?
446 2721 548 2752 Dices
572 2731 633 2761 per
662 2722 797 2754 ‘curam
824 2723 960 2754 rerum’

273 2769 415 2811 intelligi
429 2780 590 2802 summam
614 2781 725 2803 rerum
752 2772 963 2804 administra-

274 2819 400 2850 tionem
418 2825 454 2851 et
480 2825 704 2861 potestatem:
729 2827 857 2863 posset,
874 2824 964 2863 alibi,

274 2867 406 2908 fateor3
436 2869 502 2905 hic,
527 2880 592 2902 nou
617 2876 712 2911 puto.
755 2872 881 2904 Verum
902 2872 964 2904 hoc

986 415 1121 447 abierit.
1155 416 1266 448 Faber.
1324 415 1446 446 Mallet
1474 418 1511 446 et
1545 414 1598 445 liic
1628 415 1679 445 vir

987 466 1108 497 doctus
1123 466 1178 496 ille
1195 466 1395 497 castrensium
1411 475 1514 495 rerum
1538 469 1567 495 et
1590 475 1679 496 exer-

985 514 1065 545 citus
1090 525 1182 546 curu.-
1206 515 1321 545 invitis
1345 524 1424 545 sane
1450 514 1569 545 Musis.
1614 515 1678 545 Res

987 574 1040 605 ap.
1059 566 1175 596 Nostr.
1203 565 1349 605 aliosque
1376 564 1501 594 Nostro
1527 564 1681 595 meliores

988 625 1054 646 non
1069 615 1304 656 infrequenter
1319 620 1384 654 est,
1397 615 1533 645 bellum.
1577 615 1683 655 Supe-

988 667 1057 696 rius
1087 675 1155 697 xn.
1186 669 1217 696 2.
1249 668 1258 682 ⁸
1277 665 1354 697 Non
1380 665 1543 694 minorum
1570 674 1683 695 rerum

990 717 1165 747 materiam
1180 716 1213 746 in
1226 715 1337 754 Italia,
1351 713 1475 753 Africa,
1490 714 1685 754 Siciliaque,

990 776 1088 807 quam
1109 766 1164 796 ille
1181 766 1214 796 in
1234 764 1316 796 Asia
1340 769 1376 795 et
1401 764 1436 794 in
1465 764 1579 794 Persis
1595 764 1686 794 habi-

991 815 1111 847 turus!
1154 816 1211 846 Sic
1226 825 1276 845 res
1295 823 1424 854 gerere:
1446 813 1570 843 Horat.
1593 813 1602 829 ‘
1618 812 1686 843 Res

990 875 1109 906 gerere
1138 870 1174 897 et
1200 865 1309 896 victos
1344 863 1524 894 ostendere
1556 862 1687 893 civibus

990 916 1130 948 hostes.’
1175 917 1303 948 Noster
1314 918 1434 946 xrx.2.
1459 914 1551 945 ‘Per
1562 914 1620 944 lios
1633 923 1687 945 res

992 966 1315 1007 Carthaginiensium
1342 975 1382 996 ea
1403 969 1608 1004 tempestate
1633 973 1688 1004 ge-

992 1017 1155 1048 rebantur
1168 1016 1188 1047 :'
1211 1016 1241 1047 h.
1257 1026 1286 1047 e.
1304 1015 1414 1046 bella:
1439 1014 1515 1044 hinc
1532 1024 1608 1045 mox
1621 1013 1689 1044 Im-

993 1074 1168 1107 peratores
1186 1071 1359 1097 vocantur.
1404 1065 1481 1096 Hoc
1496 1065 1600 1105 igitur
1617 1065 1691 1095 vult

994 1117 1170 1150 Justinus:
1207 1118 1416 1156 Castrorum,
1443 1115 1626 1153 exercitus,
1655 1118 1691 1145 et

995 1177 1106 1198 rerum
1130 1168 1161 1198 h.
1178 1177 1208 1198 e.
1235 1167 1411 1205 bellorum,
1435 1175 1618 1205 earumque
1640 1174 1692 1196 re-

995 1227 1082 1257 rum,
1098 1228 1173 1258 quae¹
1198 1217 1239 1248 ad
1256 1217 1383 1248 bellum
1401 1216 1586 1256 gerendum
1603 1215 1692 1246 desi-

997 1267 1172 1307 derantur,
1185 1277 1300 1298 curam
1314 1267 1489 1306 Meleagro
1505 1271 1540 1297 et
1555 1266 1693 1298 Perdic-

996 1327 1044 1349 cae
1062 1316 1166 1348 fuisse
1178 1317 1387 1357 assignatam.
1412 1316 1520 1346 Graev.

1040 1368 1056 1408 ξ
1074 1370 1095 1398 6
1119 1367 1238 1407 Corpus
1257 1365 1447 1405 Alexandri]
1471 1366 1571 1399 Quod
1598 1366 1640 1397 ad
1657 1366 1692 1398 id

997 1421 1130 1458 tempus
1161 1417 1366 1457 insepultum
1393 1415 1517 1448 fuerat.
1572 1417 1694 1449 AElian.

998 1472 1068 1499 ext.
1084 1468 1141 1499 lib.
1159 1477 1225 1499 ΧΠ.
1243 1466 1483 1498 Alexandriam
1501 1471 1614 1498 autem
1635 1468 1693 1498 de-

999 1522 1171 1559 portatum
1188 1528 1208 1548 a
1222 1518 1410 1549 Ptolemaeo
1427 1516 1473 1547 id.
1492 1522 1609 1548 auctor
1630 1521 1695 1557 est,

999 1572 1032 1598 et
1058 1567 1171 1599 Strab.
1199 1576 1290 1598 xvn.
1317 1571 1352 1599 et
1374 1567 1478 1599 Diod.
1502 1576 1608 1599 xvm.
1637 1570 1691 1599 28.

999 1619 1103 1657 Bong.

1043 1669 1101 1708 §7
1136 1668 1366 1698 Lustrationem
1390 1668 1574 1708 castrorum]
1613 1669 1696 1699 Lus-

1001 1717 1180 1748 trabantur
1200 1717 1324 1748 milites
1341 1727 1424 1748 cane
1441 1717 1580 1748 discissa
1596 1722 1630 1748 et
1653 1718 1696 1749 ab

1002 1772 1146 1808 utraque
1164 1772 1263 1807 parte
1290 1767 1453 1807 projecta.
1498 1768 1594 1799 Curt.
1610 1777 1646 1799 x.
1663 1772 1696 1801 9.

1005 1820 1056 1848 18.
1082 1822 1118 1848 et
1142 1817 1213 1848 Liv.
1240 1825 1298 1848 XL.
1314 1820 1390 1848 6.1.
1413 1818 1543 1849 Ber-nec.
1589 1819 1698 1850 Facta

1005 1867 1076 1898 sine
1091 1867 1193 1898 dubio
1208 1867 1365 1898 lustratio
1381 1867 1429 1898 sic
1441 1867 1517 1907 fuit,
1530 1873 1569 1898 ut
1583 1868 1698 1899 discis-

1004 1927 1049 1948 sae
1064 1917 1157 1947 canis
1174 1917 1305 1948 viscera
1316 1917 1434 1948 ultimo
1458 1918 1493 1948 in
1516 1928 1648 1958 campo,
1664 1919 1698 1950 in

1006 1976 1103 2007 quem
1140 1967 1310 1997 exercitus
1348 1966 1516 1997 deductus
1547 1966 1625 2006 fuit,
1655 1968 1698 1999 ab

1006 2020 1146 2056 utraque
1170 2021 1269 2056 parte
1285 2015 1537 2056 abjicerentur:
1561 2017 1649 2048 inter
1665 2017 1700 2048 id

1004 2066 1151 2106 spatium
1176 2065 1298 2096 armati
1326 2074 1439 2096 omnes
1465 2069 1607 2106 starent,
1621 2067 1699 2098 hinc

1005 2116 1148 2158 equites,
1163 2115 1256 2146 illinc
1270 2115 1426 2155 phalanx.
1468 2115 1525 2146 Sic
1542 2116 1630 2148 enirn
1648 2126 1699 2148 re-

1006 2176 1064 2206 ges
1078 2165 1305 2197 Macedonum
1328 2166 1470 2196 lustrare
1497 2166 1623 2198 milites
1648 2176 1702 2198 so·

1005 2217 1083 2247 litos
1110 2215 1213 2247 fuisse
1242 2216 1391 2257 prodidit
1415 2216 1510 2248 Curt.
1538 2226 1573 2248 x.
1591 2220 1623 2248 9.
1647 2221 1699 2249 12.

1006 2267 1082 2299 Nec
1097 2268 1238 2298 multum
1261 2267 1435 2307 discrepat
1450 2268 1524 2300 Liv.
1547 2277 1604 2299 xx..
1617 2272 1648 2301 6.
1665 2274 1702 2301 et

1007 2321 1059 2349 13.
1085 2317 1335 2349 Lustrationem
1359 2318 1455 2348 Curt.
1472 2319 1620 2358 generali
1642 2329 1701 2350 vo-

1008 2366 1128 2398 cabulo
1148 2368 1157 2383 ‘
1169 2366 1320 2406 sacrum,'
1336 2367 1407 2398 Liv.
1430 2369 1439 2384 ‘
1454 2368 1604 2399 solemne
1617 2369 1625 2381 '
1644 2380 1701 2410 ap-

1008 2417 1126 2457 pellat.
1172 2416 1221 2447 At
1235 2425 1278 2446 ex
1291 2416 1441 2458 Hesych.
1463 2423 1621 2449 constare
1643 2429 1702 2460 po-

1009 2469 1078 2496 test
1099 2465 1262 2505 peculiari
1288 2467 1421 2497 nomine
1448 2467 1572 2498 dictam
1595 2467 1700 2500 fuisse

1009 2515 1148 2556 Ξανθικὰ,
1176 2515 1264 2557 quod
1292 2514 1364 2546 fere
1389 2526 1505 2548 mense
1530 2518 1703 2550 Xanthico

1009 2566 1083 2598 fieri
1100 2566 1238 2597 soleret.
1267 2566 1341 2597 Vor.

1052 2617 1069 2657 §
1081 2619 1100 2647 8
1110 2615 1544 2658 consentientibusuniversis]
1551 2618 1702 2650 Freinsh.

1010 2675 1078 2696 non
1090 2665 1270 2705 consentit,
1281 2667 1489 2707 mavultque,
1501 2677 1559 2698 nou
1572 2669 1704 2700 sentien-

1011 2718 1092 2749 tibus
1103 2716 1264 2756 universis,
1276 2716 1365 2757 quod
1380 2716 1506 2747 evincit
1517 2717 1618 2748 etiam
1629 2719 1704 2750 sub·

1007 2769 1166 2809 junctum
1196 2767 1321 2798 occulte.
1364 2766 1442 2798 vid.
1469 2771 1582 2798 tamen
1606 2769 1704 2802 Curt.

1014 2827 1050 2850 x.
1073 2821 1105 2851 9.
1138 2818 1268 2848 Bernec.
1323 2815 1434 2847 Acute
1464 2817 1615 2851 Freinsli.
1643 2829 1704 2850 non

1013 2868 1213 2901 sentientibus
1238 2867 1396 2899 universis.
1445 2867 1514 2898 Sed
1542 2873 1656 2909 potest
1680 2870 1704 2902 f.
