2101 3419
583 350 777 382 JUSTlNl
813 351 907 381 mu.
940 351 1044 382 xrv.
1076 352 1182 381 cAP.
1213 342 1252 381 4.

187 448 269 489 legit
292 447 343 488 qui
370 446 472 477 tocies.
497 444 611 476 Graev.
657 443 886 484 Expungend.

187 503 272 540 puto
287 499 491 536 sacramento,
503 502 561 527 aut
576 495 639 526 hoc
656 495 691 525 in
707 495 815 525 locum
832 494 887 524 τοῦ

176 548 379 589 jurejurando
402 545 627 577 substituend.
665 544 713 575 At
737 544 885 575 Gronov.

188 603 226 629 ut
253 601 434 637 utrumque
465 595 594 626 servari
624 594 741 634 possit,
767 594 886 624 mallet

184 648 237 688 qui
253 647 363 682 toties,·
386 650 423 676 ut
439 645 513 686 ipse
527 654 587 685 per
601 645 717 675 literas
735 644 885 684 aliquan-

185 696 228 727 do
239 695 318 726 mihi
329 693 542 734 significavit.
571 694 675 725 Vorst.
720 694 885 732 Voxjure-

176 745 315 783 jurando
332 754 394 785 per
409 744 630 784 glossatorem
646 744 710 775 huc
732 754 773 774 ex
790 753 882 785 seqq.

186 793 355 834 traducta,
372 798 407 825 et
423 793 580 824 delenda.
626 794 712 826 Quae
733 793 789 823 alii
806 794 884 824 huic

182 845 206 877 l.
222 844 366 877 afferunt
382 845 542 885 remedia,
556 845 693 876 duriora
712 844 883 876 videntur.

184 895 290 934 Schef.

227 947 245 987 ς
276 949 315 977 10
340 944 386 978 At
408 946 476 986 vos]
515 946 722 977 Particulam
739 948 773 976 at
788 946 884 976 Vett.

183 1005 346 1037 usurpare.
386 997 511 1036 solent,
542 996 569 1026 si
606 996 685 1027 irati
722 995 884 1026 inchoent

182 1048 383 1088 orationem,
414 1047 517 1089 idque
548 1047 738 1089 praesertim
769 1051 884 1078 amant

182 1098 303 1130 Poetae
321 1109 330 1137 ;
354 1102 392 1129 ut
407 1098 530 1138 Virgil.
549 1108 589 1129 11.
614 1098 687 1129 AEn.
703 1100 776 1129 535.
811 1098 820 1114 ⁴
836 1097 883 1127 At

184 1148 248 1180 tibi
263 1158 325 1190 pro
341 1149 470 1180 scelere
492 1148 706 1190 (exclamat),
722 1157 783 1188 pro
807 1147 883 1177 tali-

183 1198 245 1229 bus
262 1198 361 1238 ausis,
380 1198 452 1238 Dii,
470 1198 496 1228 si
513 1208 578 1239 qua
595 1202 647 1228 est
669 1197 742 1228 coeli
760 1197 883 1237 pietas,

184 1258 262 1289 quae
289 1249 372 1279 talia
397 1252 506 1287 curet,
533 1249 736 1279 Pei-solvant
770 1252 882 1287 grates

183 1299 302 1339 dignas
317 1299 336 1330 :'
354 1303 390 1330 et.
403 1299 469 1330 Ov.
484 1299 548 1339 Ep.
564 1298 707 1329 Heroid.
718 1306 787 1328 xil.
813 1301 821 1314 ‘
835 1297 883 1328 At

182 1350 246 1382 tibi
263 1350 475 1390 Colchorum,
492 1350 640 1390 memini,
654 1350 769 1390 regina
785 1359 883 1379 vaca-

183 1400 217 1431 vi
232 1399 252 1429 τ’
289 1405 325 1432 et
351 1410 407 1433 ιιι.
435 1399 549 1433 Amor.
574 1403 606 1431 6.
624 1403 696 1432 105.
730 1401 739 1417 ‘
757 1399 803 1430 At
820 1399 883 1430 tibi

184 1460 248 1491 pro
277 1451 408 1482 meritis
431 1450 538 1491 opto,’
566 1452 628 1481 &c-
662 1454 697 1481 et
721 1458 803 1481 vur.
832 1450 882 1479 M.

184 1503 260 1532 279.
291 1501 300 1518 ‘
319 1500 365 1532 At
390 1511 456 1532 non
480 1501 615 1541 impune
641 1499 788 1531 feremus
804 1499 824 1530 :’
848 1504 884 1530 et

186 1551 308 1584 Horat.
321 1551 431 1591 Epod.
444 1560 479 1582 v.
507 1551 517 1568 ‘
535 1550 582 1582 At
593 1560 612 1581 ο
627 1550 774 1581 Deorum
789 1550 884 1590 quic-

185 1601 265 1642 quid
282 1601 316 1632 in
340 1602 426 1633 coelo
451 1601 543 1641 regit
569 1601 690 1631 Terras
714 1604 750 1631 et
771 1600 884 1631 liuma-

185 1660 264 1682 num
280 1651 408 1691 genus!
436 1651 571 1682 Gronov.

233 1702 378 1742 Talesque
391 1701 488 1741 tobis]
510 1701 552 1731 In
569 1701 651 1731 Mss.
665 1710 762 1741 poene
781 1700 885 1731 omni-

186 1751 248 1783 bus
264 1751 449 1792 Bongarsio
467 1751 546 1782 visis
563 1751 739 1791 legebatur
753 1751 885 1791 vilesque

186 1802 280 1833 vobis.
340 1802 394 1832 An
423 1801 561 1842 scripsit
590 1802 681 1834 Just.
710 1801 885 1841 similesque

185 1849 293 1883 vobis?
325 1851 382 1882 Ita
405 1855 500 1892 puto.
545 1850 635 1881 Illud
659 1852 736 1882 tales
763 1852 886 1891 glossa-

187 1902 272 1933 toris
289 1911 361 1933 esse
374 1901 521 1932 videtur.
543 1900 649 1940 Schef.

229 1953 246 1992 ξ
263 1955 303 1983 12
320 1953 437 1993 Ipsum,
456 1951 526 1991 ἐξα]
561 1951 650 1982 Saxo
668 1959 742 1981 xiv.
758 1961 792 1991 p.
812 1953 886 1982 349.

185 2005 238 2034 17.
272 2003 282 2020 ‘
299 2003 430 2033 Horum
448 2002 561 2043 itaque
586 2006 767 2032 eventuum
788 2001 885 2031 mira-

186 2052 271 2084 culis
301 2052 446 2094 liquere,
476 2051 612 2083 mortali
642 2062 743 2083 manu
769 2061 884 2092 regem

186 2103 300 2143 perire
315 2112 381 2133 non
398 2102 520 2143 posse!

231 2154 320 2189 Quod
342 2154 510 2184 maximum
531 2152 615 2192 erat]
661 2151 812 2183 Freinsh.
842 2151 885 2182 ad

185 2203 277 2236 Flor.
293 2204 464 2242 emendat,
478 2214 508 2244 q.
523 2203 700 2244 proximum
715 2212 740 2233 e.
772 2202 885 2241 Graev.

186 2253 338 2285 Freinsh.
369 2254 410 2285 ad
438 2254 530 2285 Flor.
561 2263 601 2285 11.
628 2256 660 2284 6.
692 2255 724 2283 8.
751 2252 887 2293 legend.

187 2308 288 2344 putat
302 2315 330 2344 q.
348 2314 440 2345 prox.
457 2314 483 2335 e.
502 2303 536 2334 id
550 2303 638 2345 quod
656 2312 734 2334 sane
750 2312 810 2343 per
832 2306 885 2333 est

185 2353 387 2386 verosimile.
431 2354 487 2385 Ita
501 2354 572 2386 Liv.
585 2362 719 2385 xxxm.
737 2356 789 2384 15.
806 2353 816 2369 ‘
830 2352 886 2383 Ad

185 2404 417 2436 rebellandum
429 2414 538 2445 neque
548 2404 635 2435 vires
644 2413 755 2444 neque
765 2403 886 2433 ducem

185 2454 357 2486 habebant
370 2465 378 2486 z
395 2456 584 2496 proximum
595 2455 685 2486 bello
698 2454 787 2495 quod
799 2457 887 2493 erat,

187 2505 223 2537 in
238 2506 453 2537 latrocinium
468 2505 577 2537 versi!
616 2505 665 2536 Ut
689 2504 743 2535 hic
761 2503 886 2535 (licitur

187 2556 196 2572 ‘
215 2556 438 2588 seditionibus
455 2555 609 2597 agitare‚’
631 2556 676 2586 ita
701 2555 792 2586 Flor.
814 2563 837 2585 1.
853 2556 885 2585 8.

187 2608 219 2637 7.
241 2605 398 2647 ‘Injuriis
415 2607 563 2647 agitatus
579 2604 749 2646 populus.'
770 2605 842 2637 Vor-

229 2656 246 2696 §
275 2658 314 2687 13
342 2656 414 2687 Has
427 2656 511 2686 vobis
523 2655 625 2696 dirus]
661 2656 736 2687 Nec
753 2655 827 2686 illas
843 2654 887 2685 ir-

188 2705 281 2738 ritas.
318 2707 421 2747 Nam,
439 2711 475 2738 ut
497 2707 592 2738 Plut.
611 2708 644 2736 in
669 2707 766 2738 Eum.
783 2708 835 2736 34.
851 2710 888 2737 et

188 2756 342 2796 Polyaen.
356 2765 407 2788 ιν.
434 2757 585 2797 Strateg.
603 2755 756 2793 tradunt,
778 2755 888 2797 Argy-

190 2806 341 2846 raspidas
356 2806 547 2847 Antigonus
563 2808 650 2848 ipse,
667 2807 722 2838 cui
738 2807 886 2838 maxime

189 2855 399 2896 profuerant,
412 2856 454 2888 ob
479 2857 655 2898 perfidiam
679 2862 888 2898 exsecratus,

190 2906 339 2948 Sibyrtio
354 2906 545 2940 Arachosiae
561 2906 726 2949 praefecto
741 2908 802 2951 (de
819 2918 885 2950 quo

1584 341 1634 353 ¹⁷-

1550 340 1630 382 801

937 452 1010 483 sup.
1039 452 1121 474 xm.
1144 447 1175 476 4.
1202 443 1271 485 22.)
1304 444 1458 485 tradidit,
1481 444 1635 477 omnibus

936 493 1043 523 modis
1081 495 1278 525 atterendus
1326 494 1636 536 conficiendosque.

934 543 1001 574 Sed
1019 547 1054 574 et
1082 544 1203 574 ducem
1231 554 1346 575 eorum
1364 545 1584 584 Antigenem‚
1602 546 1634 576 in

936 604 1074 625 caveam
1093 604 1219 625 aeneam
1234 595 1412 633 inclusum,
1427 597 1536 626 vivum
1545 605 1636 626 com-

934 644 1054 684 bussit,
1069 650 1106 675 ut
1124 649 1175 675 est
1189 655 1243 685 ap.
1256 645 1360 676 Diod.
1375 654 1452 676 xxx.
1467 648 1519 676 44.
1543 646 1636 677 Prae-

934 695 1025 726 clare
1042 695 1113 726 Cic.
1126 695 1226 726 Verr.
1242 704 1267 725 1.
1282 699 1333 726 15.
1378 696 1387 712 ‘
1407 695 1565 726 Omnium
1585 700 1635 727 est

935 745 1119 776 communis
1150 745 1317 782 inimicus,
1352 745 1408 785 qui
1433 744 1499 776 fuit
1529 746 1636 776 hostis

934 804 1081 825 suorum.
1128 795 1238 825 Nemo
1249 804 1396 835 uuquam
1409 795 1543 835 sapiens
1559 805 1637 836 pro-

934 844 1036 875 ditori
1052 844 1262 875 credendum
1288 844 1445 884 putavit.'
1488 845 1581 876 Plut.
1600 846 1635 876 in

935 896 1081 927 Romulo
1108 899 1159 927 29.
1197 895 1305 928 refert
1331 896 1439 937 ejusd.
1469 896 1635 938 Antigoni

935 945 1076 985 dictum,
1099 946 1107 962 ⁴
1125 955 1237 977 amare
1249 956 1284 976 se
1298 946 1504 986 prodentes3
1523 947 1636 978 odisse

934 1005 1009 1026 cum
1028 996 1241 1036 prodiderint
1254 995 1275 1028 :'
1299 1001 1335 1027 et
1359 997 1546 1038 subjungit,
1569 999 1577 1015 ‘
1596 1008 1636 1029 co

933 1045 1006 1076 fere
1022 1046 1054 1076 in
1067 1047 1251 1077 sceleratos
1268 1046 1378 1076 animo
1389 1057 1460 1077 esse
1479 1047 1566 1087 illos,
1580 1047 1636 1088 qui

934 1105 1050 1126 eorum
1075 1105 1213 1136 operam
1236 1096 1425 1138 requirunt,
1442 1102 1480 1127 ut
1506 1107 1637 1128 veneno

934 1153 969 1179 et
995 1148 1074 1179 felle
1100 1148 1329 1179 maleficarum
1357 1148 1544 1180 bestiarum
1579 1149 1636 1190 qui

937 1209 1021 1239 opus
1033 1199 1169 1230 liabent.
1205 1199 1342 1239 Quippe
1354 1207 1491 1239 operam
1509 1207 1639 1238 eorum,

934 1249 1013 1280 dum
1028 1260 1069 1279 ex
1087 1259 1146 1280 usu
1168 1253 1230 1289 est,
1243 1249 1494 1289 amplectuntur
1511 1259 1518 1279 :
1544 1258 1638 1279 exse-

934 1305 1075 1331 orantur
1092 1300 1215 1340 scelus,
1231 1299 1291 1330 ubi
1316 1303 1394 1329 voto
1417 1299 1519 1339 potiti
1536 1297 1639 1329 sunt!

935 1351 1195 1391 Add.Tl1ucyd.
1213 1360 1270 1382 ιιι.
1285 1353 1316 1381 2.
1334 1352 1366 1381 3.
1389 1350 1470 1381 Tac.
1487 1359 1511 1381 1.
1535 1353 1587 1380 85.
1605 1352 1636 1380 3.

935 1405 970 1431 et
985 1410 1024 1433 ιι.
1043 1401 1088 1432 Η.
1108 1404 1180 1431 101.
1194 1404 1225 1432 2.
1243 1405 1342 1432 etur.
1356 1403 1473 1431 31.10.
1497 1400 1573 1431 Val.
1588 1400 1639 1431 M.

934 1459 986 1482 lx.
1008 1454 1039 1481 6.
1080 1451 1258 1483 claudian.
1284 1450 1327 1481 de
1355 1449 1449 1481 Gild.
1476 1452 1550 1481 260.
1574 1452 1638 1481 &c.

935 1502 1035 1532 Bern.

978 1553 995 1591 ς
1022 1553 1061 1581 14
1093 1551 1224 1591 Agotis]
1263 1551 1347 1583 Mss.
1372 1550 1514 1590 agnetis,
1544 1550 1635 1591 quod

935 1601 1124 1642 perorantis
1139 1600 1242 1632 calori
1255 1601 1361 1642 magis
1374 1600 1543 1631 convenit.
1557 1600 1635 1630 Ber.

977 1652 1075 1683 Arma
1087 1651 1203 1691 vestra]
1217 1650 1316 1691 Angl.
1328 1660 1416 1681 arma
1426 1651 1498 1681 isto.
1524 1649 1637 1680 Etiam

934 1703 997 1733 hoc
1029 1701 1135 1742 probo
1170 1705 1329 1742 tanquam
1367 1699 1571 1740 elegantius,
1601 1703 1638 1730 et

935 1754 1108 1795 emphasin
1136 1753 1435 1785 demonstrationis
1461 1751 1637 1783 exhibens.

934 1804 1040 1843 Schef.

977 1856 994 1894 ξ
1012 1857 1049 1885 15
1069 1854 1183 1885 Plenus
1198 1853 1271 1893 irre]
1302 1853 1389 1884 Mss.
1414 1852 1479 1884 mei
1495 1856 1530 1883 et
1552 1861 1638 1883 unus

934 1905 1016 1935 item
1034 1904 1213 1944 Bongarsii
1231 1905 1348 1934 Plenus
1364 1903 1426 1941 ira,
1443 1908 1481 1934 ut
1503 1903 1636 1933 Plinius

927 1955 1043 1995 junior
1060 1954 1148 1985 dixit
1164 1954 1198 1985 in
1221 1953 1332 1993 Epist.
1364 1954 1373 1970 ‘
1392 1953 1520 1983 Plenus
1543 1953 1638 1983 annis

935 2004 1044 2036 obiit!
1064 2005 1155 2035 Mod.
1200 2003 1269 2035 Sed
1295 2008 1408 2034 tamen
1437 2008 1471 2034 et
1496 2003 1570 2035 Liv.
1586 2012 1638 2035 VI.

936 2058 986 2086 18.
1003 2058 1034 2086 3.
1082 2056 1091 2072 ⁴
1109 2054 1310 2085 Animorum
1339 2054 1533 2095 irarumque
1565 2054 1638 2094 ple-

935 2105 1039 2137 nior:’
1066 2110 1101 2136 et
1117 2113 1177 2136 111.
1194 2107 1244 2135 25.
1260 2108 1292 2136 5.
1319 2104 1328 2122 ‘
1342 2104 1469 2135 Plenus
1486 2103 1637 2144 praedae.'

934 2156 1036 2187 Bern.

977 2208 994 2247 ς
1027 2209 1067 2237 16
1091 2205 1238 2246 Sequitur
1260 2205 1416 2237 exercitus
1436 2205 1560 2245 prodito
1581 2205 1641 2236 im·

931 2262 1075 2299 peratore
1100 2267 1166 2295 suo,
1193 2260 1224 2288 et
1254 2257 1317 2297 ipse
1342 2256 1497 2297 captivus]
1542 2255 1638 2287 Istud

933 2308 1074 2348 captivus
1098 2307 1178 2338 satis
1194 2307 1356 2347 ostendit,
1377 2306 1409 2337 ei
1432 2307 1566 2347 saltem,
1581 2307 1639 2347 qui

935 2367 1069 2388 sensum
1087 2357 1142 2387 vel
1158 2356 1366 2388 mediocrem
1387 2355 1567 2387 rhetoricae
1581 2356 1640 2386 lia-

934 2407 1059 2446 buerit,
1081 2406 1136 2438 hic
1166 2406 1286 2437 vitium
1313 2415 1410 2446 esse3
1433 2411 1469 2437 et
1497 2416 1534 2437 re
1564 2407 1639 2446 ipsa

935 2462 989 2489 est
1003 2468 1012 2496 ;
1030 2457 1164 2498 legend.
1180 2457 1270 2488 enim
1284 2468 1293 2489 ε
1323 2457 1472 2498 Sequitur
1486 2458 1640 2489 exercitus

932 2508 1073 2549 proditor
1087 2507 1285 2548 imperatoris
1293 2508 1354 2547 sui,
1366 2511 1396 2539 et
1411 2508 1475 2548 ipse
1487 2509 1639 2548 captivus.

936 2559 1058 2590 Nonne
1083 2558 1200 2589 vides?
1230 2557 1385 2598 proditor,
1416 2562 1452 2589 et
1473 2555 1640 2599 captivus?

935 2608 993 2639 Ita
1030 2617 1124 2639 xxn.
1153 2611 1183 2639 8.
1236 2609 1246 2625 ‘
1273 2608 1478 2648 Exemplum
1515 2606 1638 2649 fiagitii

936 2660 1119 2700 singulare,
1136 2669 1196 2690 rex
1213 2658 1385 2689 exercitus
1403 2658 1455 2689 sui
1470 2658 1639 2699 desertor,

935 2709 1148 2749 filiorumque
1181 2713 1281 2748 pater
1311 2708 1488 2749 proditor.’
1526 2709 1639 2741 Faber.

936 2760 1061 2799 Faber,
1093 2763 1131 2790 ut
1161 2759 1310 2790 Notator
1337 2758 1547 2799 Anglicanus
1578 2760 1639 2799 ait,

936 2810 1083 2851 putabat
1110 2809 1243 2850 legend.
1270 2809 1414 2849 proditor
1444 2809 1639 2850 imperatoris

935 2861 1009 2897 sui‚·
1044 2869 1112 2890 non
1142 2859 1357 2890 inconcinne.
1417 2859 1485 2890 Vix
1523 2863 1638 2891 tamen

936 2909 1145 2952 persuadeor
1159 2909 1250 2942 Just.
1268 2909 1317 2941 sic
1331 2908 1523 2950 scripsisse.
1545 2909 1637 2941 Puto
