2101 3419
468 374 662 408 Jus'rnu
697 375 792 406 Lm.
825 373 997 405 xxxu.
1029 372 1133 404 CAP.
1163 362 1206 403 2.

176 476 228 515 §2
254 473 405 504 Concursu
419 470 600 510 insularum]
625 470 824 510 Impr.inco-

133 524 243 562 lurum,
259 522 346 564 quod
363 522 486 562 placet.
512 521 694 551 Berneccer.
737 520 824 551 Nar·

134 578 188 605 rat
203 582 333 614 quoque
347 572 432 602 hanc
451 580 523 601 rem
549 569 672 610 Polyb.
699 570 733 600 in
756 571 824 600 Ex-

134 628 245 663 cerpt.
261 622 468 662 Porphyrog.
482 625 517 652 et
527 620 711 651 Diodorus.
725 619 824 650 Unde

135 673 268 713 patebit
286 671 417 712 legend.
433 680 508 702 esse
524 671 668 711 Elymaei.
703 670 824 700 Insula·

134 732 183 754 res
202 727 313 754 autem
337 725 438 752 vocat
461 720 579 760 templi
606 719 765 751 custodes
790 723 827 750 et

137 772 280 804 accolas.
307 771 451 811 Templa
466 770 567 808 enim,
583 774 618 801 et
631 768 723 806 fana,
738 769 826 800 loca-

136 831 201 862 que
217 824 348 852 secreta
372 822 381 838 ‘
401 819 544 851 insulas'
571 819 749 860 appellari,
769 828 827 850 ne-

135 881 190 903 mo
217 871 336 903 nescit.
389 871 445 902 Sic
475 869 599 910 Delphi
629 869 780 900 ‘insula’
809 879 828 900 a

135 920 288 962 quibusd.
304 921 475 952 dicuntur.
496 920 582 951 Voss.
614 919 760 960 Insignis
775 924 829 950 est

137 977 174 1003 et
198 973 328 1004 certiss.
353 971 542 1003 emendatio
566 971 689 1011 vossii,
714 971 829 1001 insula-

136 1023 230 1054 rium.
272 1023 369 1055 Sicut
388 1023 443 1054 hic
463 1023 624 1054 insulares
645 1026 735 1061 sunt,
750 1022 830 1053 aedi-

138 1073 201 1112 tui,
215 1073 382 1113 custodes,
399 1077 435 1103 et
465 1072 584 1103 incolae
608 1072 831 1112 templorum3

139 1122 188 1154 sic
202 1122 391 1164 Pomponio
404 1121 573 1161 dicuntur,
582 1121 736 1161 insularii,
748 1121 829 1161 Leg.

142 1180 220 1204 xvr.
249 1172 292 1203 de
313 1172 386 1203 Usu
412 1176 448 1202 et
462 1171 618 1202 Habitat.
643 1172 652 1188 ‘
670 1171 832 1202 Dominus

139 1221 371 1262 proprietatis,
383 1221 485 1253 etiam
500 1221 605 1252 invito
622 1220 832 1251 usufructua-

142 1271 192 1302 rio
208 1272 262 1303 vel
279 1271 422 1310 usuario,
442 1269 581 1302 fundum
599 1271 651 1301 vel
667 1271 756 1301 aedes
772 1280 834 1311 per

143 1321 338 1353 saltuarium
366 1322 419 1352 vel
440 1321 635 1352 insularium
664 1320 835 1351 custodire

143 1375 268 1411 potest.
296 1371 446 1402 Interest
461 1372 550 1402 enim
565 1371 638 1411 ejus
653 1369 735 1401 fines
751 1379 835 1410 prae-

143 1420 189 1451 dii
205 1420 317 1451 tueri!
353 1420 580 1452 Confirmatur
606 1419 679 1450 haec
701 1419 782 1450 lect.
801 1419 835 1449 iu

146 1470 221 1501 cod.
247 1480 347 1501 manu
374 1474 525 1510 exarato,
545 1479 644 1511 quem
671 1470 778 1510 Bong.
802 1469 835 1499 in

146 1519 247 1550 variis
283 1524 431 1551 testatur
461 1520 616 1551 habuisse
644 1520 836 1551 insularium.

145 1568 232 1600 Sunt
248 1574 359 1601 autem
385 1569 420 1600 in
438 1568 520 1600 Asia
540 1569 621 1600 talia
641 1570 779 1609 templa,
795 1569 837 1600 ad

148 1628 222 1660 quae
250 1619 404 1651 habitant
431 1619 564 1661 plurimi
590 1619 752 1659 homines,
782 1620 839 1661 qui

148 1669 320 1701 sacerdoti
337 1676 467 1711 parent.
495 1671 584 1702 Talis
595 1670 659 1702 fuit
674 1671 840 1702 Cumanus

148 1719 318 1758 sacerdos,
331 1720 365 1750 in
377 1721 473 1761 cujus
486 1725 656 1760 potestate
667 1726 702 1751 et
713 1721 840 1752 ditione

149 1775 247 1800 erant
268 1770 308 1801 ad
331 1773 361 1801 6.
380 1771 429 1802 Μ.
445 1771 625 1802 hominum.
663 1771 840 1802 Interdum

151 1829 243 1851 arma
253 1820 494 1861 corripiebant,
505 1825 550 1861 et,
562 1821 618 1862 qui
632 1821 672 1851 iis
687 1821 841 1862 injuriam

150 1868 355 1909 inferebant,
379 1870 625 1902 ulciscebantur
646 1875 683 1902 et
707 1872 842 1911 propul-

153 1920 284 1951 sabant.
306 1920 383 1951 Vid.
399 1920 469 1952 Cic.
486 1929 547 1952 xv.
563 1921 657 1952 Fam.
673 1923 706 1951 4.
736 1921 843 1952 Graev.

152 1969 322 2001 Praeclara
332 1975 385 2001 est
392 1970 501 2001 Vossii
512 1970 713 2002 emendatio.
726 1970 845 2001 Sciunt

153 2024 265 2051 autem
281 2020 371 2051 docti
385 2021 441 2062 qui
457 2021 522 2052 sint
536 2021 679 2052 insulani
701 2024 737 2051 et
756 2021 844 2052 insu-

154 2071 256 2110 lares,
289 2075 324 2102 et
349 2070 427 2112 quid
455 2071 499 2101 sit
524 2070 633 2101 insula
656 2071 689 2102 in
722 2079 845 2111 genere

157 2121 386 2154 aedificiorum.
428 2121 529 2152 Illum
545 2121 612 2152 vid.
627 2125 663 2152 et
684 2121 776 2153 Juris
797 2121 845 2151 iu-

154 2176 332 2213 terpretes.
349 2172 390 2203 In
404 2171 496 2202 libris
511 2171 644 2213 quidem
657 2171 845 2211 impr.legi-

157 2225 212 2253 tur
225 2222 410 2253 incolarum.-
434 2222 494 2253 sed
516 2222 549 2252 id
572 2221 613 2253 ab
636 2221 844 2261 ignoratione

156 2270 409 2311 significationis
423 2270 549 2302 factum
564 2271 722 2302 arbitror.
744 2271 844 2311 Dein,

158 2321 290 2353 dicend.
313 2320 425 2353 fuerat
450 2323 628 2353 accolarum.
671 2320 751 2360 Sed,
767 2321 846 2352 mihi

159 2371 396 2411 crede‚Vossii
410 2375 484 2403 tuta
495 2371 599 2410 fides;
621 2371 712 2401 illum
728 2370 846 2401 ducem

160 2429 310 2461 sequere.
336 2421 442 2452 Faber.
477 2421 586 2461 Bong.
604 2420 713 2452 edidit
734 2420 847 2451 insula-

160 2479 239 2500 rum.
293 2469 370 2501 Prae
399 2480 464 2512 quo
488 2471 702 2501 Berneccero
723 2469 848 2510 placet,

163 2519 252 2560 quod
268 2521 471 2561 antiquiores
490 2521 581 2562 typis
603 2530 697 2561 expr.
713 2520 849 2558 habent,

161 2570 338 2602 incolarum.
379 2571 505 2602 Mirum
521 2576 635 2602 autem
652 2571 753 2611 quod,
774 2579 850 2601 cum

164 2621 272 2662 Bong.
286 2631 387 2652 unum
402 2621 477 2653 cod.
498 2621 565 2652 Ms.
588 2620 723 2660 viderit,
737 2619 770 2650 in
786 2629 851 2660 quo

164 2670 344 2701 insularium
356 2669 431 2710 fuit,
445 2670 491 2701 id.
506 2674 619 2701 tamen
640 2670 749 2710 ipsum
768 2667 852 2699 illud

166 2729 233 2751 non
260 2719 439 2760 rescripsit,
459 2719 517 2750 sed
541 2719 652 2760 potius
676 2719 853 2758 insularum,

167 2773 206 2800 ut
230 2768 310 2801 dixi.
369 2770 446 2801 Non
475 2769 643 2800 insularum
672 2777 852 2799 concursus

167 2817 241 2849 fieri
256 2819 379 2858 potuit,
394 2819 453 2849 sed
472 2819 665 2850 insularium.
700 2818 853 2858 Suntque

167 2867 313 2898 insulares
326 2867 410 2899 dicti
423 2868 476 2900 hic
487 2869 561 2909 ejus
574 2869 616 2899 de
631 2878 698 2909 quo
714 2867 855 2908 praedic-

171 2921 238 2947 tum
252 2917 368 2958 templi
382 2917 536 2950 custodes
552 2922 586 2949 et
602 2918 739 2950 accolae.
778 2917 856 2949 Fes-

1483 358 1567 401 965

872 472 947 500 tus:
971 468 981 485 ‘
999 467 1122 498 Insulae
1139 465 1240 498 dictae
1256 463 1394 506 proprie
1411 472 1485 504 quae
1501 472 1568 493 non

868 518 1059 558 junguntur
1095 515 1327 548 communibus
1362 512 1572 555 parietibus?

873 569 918 598 Et
933 567 1018 598 facit
1031 567 1095 597 huc
1112 566 1201 607 quod
1219 566 1361 596 Hieron.
1384 564 1419 594 in
1439 563 1570 594 Comm.

873 617 907 647 in
932 625 984 647 xr.
1010 616 1147 647 Daniel.
1178 625 1220 646 ex
1248 614 1371 655 Polyb.
1399 618 1436 645 et
1464 613 1571 644 Diod.

874 666 993 705 refert,
1006 665 1222 704 Antiochum,
1231 675 1307 696 cum
1319 665 1480 705 templum
1490 663 1573 694 Dia-

874 726 926 747 nae
943 716 1118 757 Elymaide
1134 716 1308 755 spoliaret,
1333 725 1353 745 a
1375 713 1573 745 custodibus

875 766 992 807 templi
1014 770 1049 797 et
1071 766 1188 797 vicinis
1205 765 1361 806 gentibus
1377 774 1573 805 oppressum

876 825 962 846 esse.
1013 815 1120 846 Porro
1150 818 1159 832 ‘
1177 815 1318 846 militia’
1347 815 1401 846 hic
1432 820 1486 846 est
1513 824 1573 854 pro

877 866 1048 896 exercitu:
1076 875 1143 906 qua
1158 865 1200 896 de
1216 863 1462 906 significatione
1478 874 1575 896 voca-

877 916 947 948 buli
959 917 993 947 in
1009 916 1066 948 lib.
1083 916 1125 947 de
1142 915 1282 947 Latinit.
1297 924 1379 946 mer.
1398 924 1490 956 susp.
1507 915 1577 955 egi-

877 977 950 998 mus
967 971 1077 998 contr.
1095 966 1235 1006 Sciopp.
1262 965 1364 997 Vorst.

922 1018 938 1057 §
965 1019 983 1047 3
1010 1017 1160 1052 Questum
1184 1017 1221 1047 de
1249 1014 1389 1055 injuriis]
1426 1014 1523 1046 Junt.
1546 1025 1577 1055 q.

878 1067 1023 1105 injurias.
1046 1067 1103 1097 Ita
1120 1075 1144 1097 1.
1158 1069 1211 1098 10.
1227 1068 1279 1096 17.
1295 1066 1305 1082 ‘
1322 1065 1488 1098 Queritur
1503 1074 1580 1095 cru-

880 1117 1056 1148 delitatem
1072 1116 1181 1157 regis!
1204 1115 1278 1147 Cic.
1288 1115 1330 1146 de
1344 1114 1453 1147 Amic.
1469 1115 1478 1132 ⁴
1489 1115 1580 1148 Quo-

881 1177 954 1198 rum
980 1168 1132 1208 plerique
1158 1171 1345 1209 queruntur
1367 1174 1500 1206 semper
1523 1166 1580 1196 ali-

881 1217 984 1259 quid.’
1011 1217 1118 1256 Sclief.

937 1267 1164 1308 Discrepatz‘o]
1220 1266 1441 1308 Antiquiores
1488 1267 1580 1307 typis

884 1327 980 1358 expr.
1021 1317 1214 1358 disceptatio.
1254 1317 1371 1348 Vorst.
1431 1317 1579 1357 Discrep.

882 1369 997 1400 Vorst.
1014 1368 1216 1409 publicavit,
1237 1368 1350 1399 nescio
1369 1377 1467 1409 quem
1487 1377 1581 1399 secu-

884 1422 949 1450 tus,
973 1418 1079 1457 Schef.

930 1471 1096 1512 Confusus]
1121 1471 1130 1488 ‘
1148 1469 1335 1502 Confusus'
1362 1480 1425 1510 pro
1451 1475 1582 1511 pertur-

886 1521 978 1561 bato,
993 1526 1031 1553 ut
1053 1531 1144 1563 saepe
1168 1531 1224 1562 ap.
1247 1521 1324 1551 Val.
1349 1520 1398 1552 M.
1422 1525 1458 1552 et
1487 1521 1582 1552 alios.

892 1571 994 1603 Vorst.

929 1621 946 1660 ξ
968 1625 987 1652 4
1012 1620 1170 1652 Modestia
1194 1620 1266 1660 sua]
1303 1620 1382 1651 Non
1408 1619 1491 1651 satis
1520 1620 1584 1651 hoc

890 1672 1038 1703 cohaeret
1053 1682 1127 1703 cum
1153 1681 1247 1713 seqq.
1273 1672 1422 1702 modestia
1442 1681 1510 1710 sua,
1528 1681 1585 1711 pa-

890 1722 1020 1754 trocinio
1044 1722 1171 1762 pudoris
1199 1721 1342 1752 obtinuit.
1386 1721 1513 1751 Saltem
1538 1721 1584 1751 id.

890 1773 941 1804 bis
956 1773 1134 1813 repetitur.
1172 1772 1272 1803 Unde
1287 1771 1389 1802 credo
1405 1770 1507 1802 verba
1522 1781 1586 1801 mo·

890 1824 990 1855 destiti
1017 1833 1071 1854 sua
1099 1821 1275 1863 irrepsisse
1302 1821 1356 1853 hic
1386 1830 1429 1852 ex
1463 1821 1585 1861 glossa.

892 1873 996 1911 Schef.

936 1924 954 1964 ξ
978 1926 997 1954 7
1033 1923 1119 1953 Nam
1147 1923 1229 1962 apud
1257 1921 1394 1959 fratrem
1427 1920 1585 1960 Perseum]

892 1973 988 2005 Junt.
1014 1976 1101 2003 teste
1123 1971 1239 2003 Graev.
1260 1970 1412 2001 additum
1431 1973 1462 2000 et
1484 1970 1588 2001 habet

892 2023 956 2054 hoc
979 2022 1100 2053 modo:
1141 2022 1226 2052 Nam
1255 2024 1287 2052 et
1307 2031 1357 2061 ap.
1374 2020 1424 2059 fr.
1450 2021 1587 2051 Persem.

894 2073 1022 2113 Estque
1051 2071 1085 2102 id
1108 2070 1320 2109 concinnius;
1342 2070 1420 2111 quia
1444 2070 1588 2100 alterurn

894 2124 904 2140 ‘
920 2123 971 2154 et'
985 2134 1063 2155 mox
1079 2124 1242 2165 sequitur.
1270 2122 1372 2154 Vorst.
1407 2122 1520 2153 Perses
1536 2125 1589 2152 est

893 2172 1032 2214 ubique,
1048 2173 1151 2204 etiam
1167 2174 1200 2204 in
1216 2182 1309 2213 seqq.
1340 2171 1440 2208 Schef.

938 2224 1025 2255 Nota
1047 2223 1247 2254 absolutionis
1265 2232 1356 2254 causa
1373 2222 1499 2263 offensae
1507 2221 1590 2261 fuit]

893 2274 971 2306 Non
989 2283 1074 2314 nego
1089 2273 1174 2305 hanc
1186 2274 1266 2304 lect.
1282 2281 1380 2312 posse
1395 2270 1497 2302 ferri:
1514 2281 1590 2308 nec,

896 2324 923 2354 si
949 2328 1093 2354 renuant
1117 2327 1202 2354 vett.
1228 2322 1318 2361 libri,
1337 2321 1514 2362 quicquam
1536 2322 1590 2351 hic

896 2377 1038 2403 tentem.
1061 2373 1069 2390 ‘
1089 2371 1203 2404 Nota'
1221 2371 1311 2402 enim
1325 2372 1334 2388 ‘
1352 2371 1571 2402 absolutionis
1583 2371 1591 2384 '

897 2426 961 2461 est,
989 2419 1121 2451 infamis
1146 2417 1324 2451 absolutio.
1381 2420 1431 2450 Ut
1457 2428 1589 2451 xxxrx.

898 2471 908 2488 ‘
929 2470 1066 2502 iufamia
1100 2469 1237 2500 mortis'
1268 2473 1333 2506 est,
1368 2468 1594 2508 ignominiosa

899 2530 999 2552 mors.
1043 2521 1088 2551 Et
1116 2528 1187 2551 xm.
1215 2519 1334 2549 ‘varia
1367 2518 1591 2558 periculorum

900 2568 1102 2601 certamina'
1118 2572 1208 2607 sunt,
1218 2567 1311 2598 varia
1322 2567 1506 2607 periculosa
1519 2576 1592 2596 cer-

901 2619 1038 2650 tamina.
1082 2617 1261 2648 Blanditur
1279 2621 1391 2647 tamen
1413 2616 1594 2646 vehemen-

902 2672 955 2699 ter
978 2668 1075 2700 Junt.
1100 2667 1214 2706 lectio,
1230 2670 1388 2705 tanquam
1410 2665 1508 2704 longe
1525 2665 1592 2695 ele-

904 2718 1035 2759 gantior
1051 2722 1085 2748 et
1099 2717 1176 2748 huic
1189 2717 1212 2747 l.
1227 2715 1338 2755 aptior
1352 2726 1360 2745 z
1383 2716 1464 2754 apud
1476 2724 1510 2754 p.
1526 2714 1592 2745 abs.

903 2778 929 2799 c.
946 2766 1016 2806 ⁰·f·
1052 2767 1160 2797 Causa
1183 2765 1271 2797 enim
1287 2763 1504 2795 absolutionis
1527 2763 1593 2794 fuit

904 2816 1069 2848 modestia
1080 2815 1152 2856 filii,
1163 2819 1198 2846 et
1209 2823 1251 2845 ex
1261 2824 1300 2845 ea
1311 2818 1445 2844 senatus
1455 2813 1487 2843 in
1499 2813 1591 2844 illum

905 2866 1016 2898 studia
1031 2871 1067 2897 et
1082 2874 1185 2904 amor,
1207 2864 1262 2905 qui
1286 2862 1426 2894 offendit
1450 2868 1595 2904 patrem,

907 2917 955 2948 uti
984 2921 1019 2948 et
1041 2926 1131 2957 seqq.
1161 2919 1325 2956 arguunt:
1363 2916 1371 2932 ‘
1390 2914 1595 2954 indignante
