2101 3419
419 369 531 409 1012

416 472 500 503 mille
512 471 645 510 urbium,
669 471 720 502 vel
741 471 783 503 ob
809 470 895 502 hanc
912 472 1017 502 solam
1040 481 1119 502 cau-

419 531 502 560 sam,
528 522 686 562 quoniam
712 522 795 552 alias
821 521 1023 552 vocabulum
1043 522 1119 553 illud

416 580 484 602 non
500 570 622 602 fuisset
636 571 811 611 abolitum,
827 571 854 602 si
869 572 1072 603 simillimum
1087 572 1119 603 ei

418 621 530 652 ‘mille
541 620 551 634 '
566 631 633 652 non
652 621 843 652 arctissime
858 621 1033 652 habuisset
1055 622 1120 652 sibi

416 671 647 712 conjunctum,
665 681 726 712 per
742 672 832 713 quod
848 672 1040 704 extinctum
1055 677 1119 704 est.

417 720 525 759 Schef.

459 771 645 811 Longinqua
659 771 736 803 bella
747 772 872 813 vicisse]
897 773 1044 804 Multum
1060 773 1120 804 du-

416 819 490 851 bito
513 821 686 852 Justinum
713 822 761 853 sic
787 823 985 864 scripsisse3
1010 828 1120 862 certe,

415 871 557 902 vincere
583 871 685 910 bella,
709 882 789 903 num
815 873 1008 913 reperiatur
1039 873 1120 904 alibi

414 926 619 962 usurpatum
637 923 767 963 ignoro.
813 923 889 953 Nec
915 927 968 954 est
985 923 1120 962 opposi-

416 970 478 1010 tio,
495 981 594 1012 quam
608 972 661 1002 hic
673 972 788 1003 facere
799 972 958 1003 Justinus
973 972 1120 1011 videtur,

415 1020 506 1051 inter
527 1021 537 1038 ‘
553 1022 731 1061 imperium
744 1022 966 1052 Bactrianum
977 1020 986 1034 '
1011 1025 1046 1052 et
1057 1022 1120 1051 lon-

413 1071 533 1111 ginqua
558 1072 645 1102 bella.
691 1072 814 1113 Itaque
841 1071 1045 1102 crediderim
1071 1070 1121 1101 fu-

415 1119 484 1151 isse
501 1121 580 1151 olim
599 1121 694 1151 bello.-
720 1125 756 1151 ut
779 1121 983 1161 ‘longinqua
996 1120 1005 1134 ’
1034 1119 1120 1151 refe-

415 1173 514 1200 ratur
531 1169 586 1209 ad,
612 1170 768 1210 imperia,
784 1171 839 1201 vel
863 1179 978 1209 regna,
995 1169 1035 1199 de
1052 1169 1122 1209 qui-

415 1218 479 1250 bus
497 1220 675 1259 praecedit.
721 1220 776 1250 Ita
801 1219 890 1251 enim
908 1220 1045 1259 elegans
1062 1228 1119 1249 ex-

413 1267 489 1299 istit
513 1269 682 1309 oppositio
705 1269 807 1309 inter,
832 1277 1008 1309 emergere
1031 1268 1121 1298 inter

414 1328 536 1358 regna,
551 1319 583 1348 in
596 1318 718 1360 quibus
731 1319 908 1350 constituti
927 1322 1022 1349 erant
1036 1318 1121 1348 Par-

414 1368 478 1409 thi,
503 1373 550 1404 et,
580 1369 718 1399 vincere
743 1368 937 1408 longinqua,
963 1366 1120 1407 §quibus

413 1419 532 1459 procul
550 1418 705 1449 aberant.
751 1419 841 1448 Bello
853 1426 986 1458 quoque
1002 1417 1122 1447 vincere

414 1467 773 1499 convenientissimum
800 1472 835 1498 et
864 1467 1042 1507 receptiss.
1073 1466 1120 1496 lo-

414 1518 543 1559 quendi
574 1528 694 1558 genus,
732 1519 861 1549 Nostro
898 1518 1002 1549 etiam
1037 1517 1121 1549 alibi

413 1567 590 1599 usitatum.
614 1569 716 1599 Idem.

458 1621 476 1660 ξ
492 1622 512 1650 9
536 1619 714 1659 Proeterea]
743 1620 821 1651 Hoc
850 1619 1005 1650 vitiosum
1033 1628 1120 1659 esse,

415 1670 496 1700 mihi
511 1679 576 1700 non
593 1675 646 1700 est
662 1670 816 1710 dubium,
832 1680 908 1701 cum
918 1670 1120 1711 significatio

415 1718 471 1750 hic
489 1719 563 1760 ejus
581 1720 674 1750 nulla
693 1720 750 1751 sit.
797 1720 939 1752 Rectius
957 1721 1121 1752 scribere-

415 1773 473 1799 tur
500 1770 704 1800 Proesertz'm:
726 1779 845 1800 verum
872 1771 922 1801 ita
943 1771 1121 1810 scripsisse

418 1818 592 1851 Justinum
608 1819 698 1849 haud
715 1820 964 1851 contenderim.
991 1820 1097 1858 Schef.

463 1868 543 1898 Cum
555 1868 704 1907 gravibus
719 1869 873 1910 Scythicis
888 1874 917 1900 et
938 1870 1122 1901 vicinalibus

414 1917 502 1949 bellis
511 1919 631 1949 assidue
644 1919 766 1959 vexati]
790 1921 872 1950 Mss.
886 1920 1032 1960 Scythis.-
1048 1920 1119 1952 l1.e.

415 1978 492 1999 cum
507 1973 712 1999 vexarentur
727 1978 746 1999 a
759 1970 905 2010 Scythis,
918 1970 975 2010 qui
991 1969 1031 2000 iis
1046 1980 1121 2010 gra·

414 2028 475 2049 ves
492 2023 602 2057 erant,
618 2023 653 2049 et
669 2018 873 2049 vicinalibus
890 2019 997 2050 bellis.
1022 2028 1070 2050 lv.
1087 2022 1119 2050 3.

416 2068 427 2084 ‘
446 2067 657 2099 Catinienses
681 2078 829 2108 quoque,
845 2078 919 2099 cum
937 2069 1119 2108 Syracusa-

415 2128 477 2150 nos
493 2128 613 2157 graves
641 2118 868 2158 paterentur!
913 2119 1036 2150 Horat.
1061 2128 1118 2149 111.

416 2171 448 2199 5.
471 2169 480 2185 ‘
495 2167 653 2207 Adjectis
670 2168 845 2198 Britannis
863 2168 1028 2208 Imperio,
1045 2179 1119 2209 gra-

414 2217 581 2258 vibusque
597 2217 730 2248 Persis)
765 2218 812 2248 Et
835 2227 859 2248 1.
875 2221 906 2249 9.
929 2219 938 2235 ‘
952 2219 1028 2250 Quo
1045 2228 1119 2256 gra-

415 2275 473 2297 ves
491 2267 606 2297 Persae
624 2266 743 2297 melius
761 2267 933 2306 perirent!
966 2268 1075 2298 Groev.

459 2317 477 2356 ς
495 2319 534 2346 10
560 2316 603 2346 Et
618 2316 724 2346 Dacas
738 2319 768 2346 et
784 2317 882 2347 Areos
903 2320 933 2347 et
950 2317 1122 2357 Spartanos

416 2368 446 2396 et
461 2365 621 2406 Maianos]
643 2366 692 2396 Ut
720 2366 803 2396 nihil
828 2367 936 2406 pudet
956 2368 1027 2398 haec
1050 2372 1119 2399 tam

416 2414 602 2445 manifesta
619 2419 733 2446 errata
761 2416 792 2446 iu
818 2417 913 2447 libris
932 2418 1119 2458 publicare,

417 2475 493 2496 curn
507 2474 605 2495 nemo
619 2465 748 2496 neseiat
762 2475 834 2497 esse
846 2466 941 2498 falsa.
966 2468 1118 2507 Legend-

417 2518 471 2544 est
489 2517 517 2544 et
540 2514 629 2545 Daas
643 2518 672 2544 et
688 2516 730 2546 A.
748 2519 779 2546 et
799 2517 969 2547 Carmanos
984 2521 1013 2548 et
1030 2520 1120 2549 Mar-

415 2565 536 2604 gianos.
580 2566 666 2597 Quis
694 2575 841 2606 unquam
870 2569 1057 2608 Spartanos
1086 2569 1119 2599 in

416 2614 500 2645 Asia
524 2616 661 2655 posuit?
693 2617 840 2647 Maianos
867 2623 981 2648 autem
1009 2619 1120 2657 gentis

416 2674 541 2696 nomen
567 2676 631 2696 non
656 2665 756 2697 facile
782 2669 935 2708 reperias
963 2678 1017 2709 ap.
1033 2669 1121 2700 Geo-

420 2715 579 2754 graplios.
626 2715 665 2745 In
685 2717 861 2756 Margiana
879 2724 991 2749 antem
1007 2719 1121 2750 Ptolo-

422 2773 526 2794 maeus
542 2769 578 2794 et
596 2765 689 2796 Duas
705 2772 739 2797 ct
763 2768 915 2808 Tapuros
943 2774 977 2800 et
994 2770 1121 2800 Massa-

419 2818 514 2853 getas
533 2815 639 2854 ponit.
665 2817 757 2848 Glar.

465 2864 509 2893 Et
526 2864 647 2903 Dahas,
662 2869 692 2895 et
717 2868 827 2906 Areos,
844 2871 873 2898 et
891 2868 1074 2908 Spartanos,
1088 2872 1118 2899 et

423 2912 631 2954 Maggianos]
654 2917 750 2947 Vctt.
768 2917 926 2949 librorum
943 2919 1026 2949 Mss.
1051 2920 1118 2950 lec-

873 379 1014 409 NOTAE
1047 378 1311 409 VARIORUM

1345 378 1396 409 IN

1168 473 1294 503 tionem
1322 472 1487 504 exhibuiff
1526 470 1677 512 Legend.
1699 474 1812 502 autem
1837 475 1867 503 et

1169 523 1217 553 D.
1233 526 1264 553 et
1278 522 1386 560 Arios,
1409 525 1440 553 et
1462 521 1610 559 Arianos,
1627 525 1657 552 et
1674 521 1871 559 Margianos,

1170 580 1211 601 ex
1227 571 1340 602 Strab.
1354 572 1500 602 Ptolem.
1518 575 1554 601 et
1571 571 1660 601 Plin.
1676 579 1726 601 Vt.
1739 573 1793 601 25.
1809 569 1869 600 ubi

1169 620 1300 660 Parthi,
1315 621 1437 661 inquit,
1459 622 1468 637 ‘
1482 621 1609 651 liabent
1630 620 1673 651 ab
1698 623 1776 650 ortu
1793 618 1869 650 Ari-

1168 680 1217 708 os,
1230 680 1249 700 a
1260 670 1401 701 meridie
1418 670 1631 701 Carmaniam
1649 673 1682 700 et
1698 667 1870 700 Arianos.'

1169 721 1328 758 Bongars.
1375 720 1473 750 Hanc
1490 720 1760 750 emendationem
1778 720 1870 750 Bon-

1168 770 1268 810 garsii
1285 769 1699 801 confirmatetSalmasius
1715 770 1748 799 in
1762 769 1869 800 Solin-

1170 830 1204 860 p.
1229 823 1325 851 1198.
1350 820 1393 851 A.
1417 824 1447 851 2.
1470 821 1602 851 Bernec.
1647 819 1756 850 Codd.
1783 820 1869 850 Mss.

1170 874 1257 900 teste
1273 871 1384 909 Boug.
1399 869 1528 900 habent
1539 872 1569 900 et
1581 870 1703 909 Dahas,
1718 872 1749 900 et
1759 869 1871 908 Areos,

1169 923 1200 950 et
1230 919 1412 959 Spartanos,
1440 923 1471 950 et
1500 920 1702 958 Maggianos.
1761 918 1870 949 Putat

1170 975 1285 1001 autem
1313 971 1422 1011 Bong.
1446 981 1509 1010 pro
1529 971 1628 1002 Areos
1644 969 1778 1010 legend.
1795 978 1869 1000 esse

1169 1021 1275 1051 Arios.
1320 1021 1461 1059 Verum,
1485 1021 1514 1051 si
1534 1020 1586 1051 hic
1603 1020 1651 1051 ita
1667 1019 1801 1060 legend.
1815 1019 1869 1059 sit,

1169 1079 1242 1110 sup.
1267 1079 1402 1110 quoque
1425 1079 1512 1101 xnl.
1534 1073 1564 1100 4.
1580 1072 1633 1100 22.
1662 1069 1795 1108 legend.
1822 1069 1870 1099 ita

1169 1120 1245 1150 erit.
1291 1120 1381 1151 Quia
1398 1128 1477 1149 vero
1491 1129 1591 1159 supra
1603 1118 1682 1149 Arei
1693 1122 1770 1149 sunt
1786 1119 1870 1149 tole·

1169 1168 1250 1208 rati,
1272 1173 1307 1200 et
1331 1169 1385 1199 liic
1412 1169 1701 1208 tolerari,'cred0,
1717 1173 1870 1208 possunt.

1170 1219 1294 1249 Graece
1322 1218 1483 1249 dicuntur
1501 1218 1625 1258 Ἄρειοι.
1682 1219 1783 1249 Unde
1807 1218 1869 1249 La-

1170 1268 1241 1299 tine
1266 1278 1364 1309 aeque
1379 1268 1456 1299 Arei
1483 1273 1587 1309 atque
1603 1268 1678 1299 Arii
1703 1268 1770 1299 dici
1795 1277 1871 1308 pos-

1170 1322 1260 1349 sunt.
1316 1319 1426 1349 Porro
1462 1318 1599 1349 Arianos
1626 1321 1657 1348 et
1686 1317 1873 1356 Margianos

1170 1378 1232 1409 pro
1257 1368 1430 1408 Spartanos
1451 1371 1481 1398 et
1512 1368 1705 1407 Maggianos
1733 1367 1869 1408 legend.

1170 1428 1244 1450 esse
1260 1417 1365 1449 facile
1381 1417 1536 1449 accredo.
1564 1418 1668 1449 Vorst.

1213 1466 1400 1508 Spartanos]
1432 1467 1489 1498 Sic
1516 1467 1640 1498 alicubi
1663 1466 1798 1498 memini
1825 1467 1873 1498 le-

1171 1527 1264 1559 gere.
1308 1517 1498 1548 Barbarum
1536 1526 1680 1556 nomen;
1717 1517 1775 1547 sed
1812 1516 1869 1548 hic

1169 1568 1252 1599 nulli
1268 1577 1343 1598 esse
1359 1566 1518 1608 Spartani
1535 1571 1687 1607 possunt.
1718 1565 1870 1598 Ortelius

1170 1618 1316 1660 putabat
1330 1617 1464 1658 legend.
1483 1626 1558 1647 esse
1575 1616 1721 1655 Ανὶαηοε,
1737 1617 1794 1657 qui
1810 1626 1870 1658 po-

1171 1671 1242 1712 puli
1258 1670 1413 1702 Cadusiis
1428 1669 1562 1701 finitimi
1580 1674 1672 1700 sunt.
1696 1668 1808 1700 Faber.

1215 1722 1232 1762 ς
1256 1723 1294 1752 11
1324 1719 1604 1759 Irztercedentibus]
1638 1719 1685 1750 H.
1702 1728 1733 1750 e.
1750 1723 1870 1750 vetan-

1170 1772 1282 1811 tibus;
1307 1781 1371 1802 vox
1390 1771 1576 1802 tribunitia.
1620 1770 1871 1802 Intercedimus

1171 1821 1293 1853 verbo:
1327 1821 1544 1862 prohibemus
1570 1830 1670 1852 manu
1697 1825 1733 1853 et
1754 1831 1871 1862 opere.

1171 1872 1271 1903 Rern.
1287 1890 1292 1894 -

1214 1922 1254 1952 In
1269 1921 1406 1961 tantum]
1428 1921 1438 1938 ⁴
1455 1921 1496 1952 In
1523 1920 1675 1952 tantum’
1700 1921 1802 1962 plena
1822 1922 1871 1953 lo-

1170 1971 1261 2001 cutio
1286 1981 1359 2011 pro,
1384 1975 1529 2001 tantum.
1575 1970 1631 2001 Sic
1657 1974 1692 2001 et
1709 1979 1814 2002 xuu.
1836 1974 1870 2002 3.

1171 2022 1221 2050 13.
1253 2021 1262 2036 ‘
1281 2020 1322 2049 In
1339 2023 1474 2050 tantum
1491 2019 1709 2050 enituerunt.'
1752 2021 1796 2051 Et
1812 2020 1870 2060 ju-

1170 2068 1262 2099 dicat
1279 2069 1420 2109 Sciopp.
1443 2070 1452 2085 ‘
1480 2069 1666 2109 quantum,’
1686 2069 1695 2086 ⁴
1713 2069 1871 2108 tantum,'

1170 2124 1205 2150 et
1220 2120 1254 2150 id
1272 2130 1376 2160 genus
1393 2120 1457 2151 alia
1473 2120 1674 2160 regulariter
1690 2131 1765 2151 cum
1783 2130 1869 2161 prae-

1170 2171 1358 2210 positioue;
1381 2170 1526 2211 figurate
1542 2180 1624 2202 vero
1647 2171 1717 2202 sine
1734 2180 1869 2212 praepo-

1168 2220 1290 2250 sitione
1306 2220 1385 2251 dici.
1430 2220 1504 2251 Liv.
1521 2229 1616 2251 xxn.
1632 2223 1686 2252 2⁷.
1711 2222 1720 2237 ‘
1737 2221 1778 2251 In
1794 2226 1869 2252 tan-

1169 2273 1240 2300 tum
1258 2279 1352 2300 suam
1365 2270 1523 2300 virtutem
1536 2270 1722 2302 enituisse!
1744 2271 1870 2311 Virgil.

1170 2319 1243 2350 ΖΕΗ.
1262 2329 1310 2350 vl.
1332 2320 1342 2336 ‘
1360 2320 1433 2350 Nec
1459 2329 1544 2359 puer
1568 2320 1673 2351 Iliaca
1693 2321 1869 2362 quisquam

1171 2370 1212 2400 de
1230 2374 1331 2409 gente
1347 2370 1488 2400 Latinos
1515 2369 1556 2400 In
1582 2374 1713 2400 tantum
1729 2379 1790 2411 spe
1806 2371 1870 2401 tol·

1171 2420 1219 2451 let
1236 2422 1338 2450 avos.y
1381 2420 1460 2450 Vid.
1478 2420 1616 2461 Sciopp.
1639 2421 1763 2452 Parad.
1780 2421 1869 2453 Lite-

1170 2480 1233 2501 rar.
1252 2470 1316 2510 Ep.
1332 2474 1363 2501 5.
1381 2480 1478 2511 quam
1495 2470 1557 2501 sub
1574 2471 1708 2502 nomine
1723 2471 1871 2503 Pascha-

1170 2519 1208 2550 sii
1224 2519 1389 2559 Grosippi
1407 2519 1525 2550 edidit.
1554 2521 1653 2550 Vorst.

1215 2568 1378 2607 Profunda
1393 2569 1584 2608 camporum]
1607 2569 1688 2600 Via.
1705 2570 1795 2601 Flori
1812 2570 1868 2601 In-

1170 2618 1294 2657 (liccm,
1323 2628 1421 2659 quem
1448 2618 1542 2649 brevi
1570 2618 1663 2649 dabit
1692 2619 1869 2651 Freinshe-

1170 2669 1268 2707 mius,
1296 2669 1329 2699 in
1359 2670 1367 2685 ‘
1393 2669 1536 2699 Diversa
1566 2668 1756 2700 terrarum!
1813 2669 1870 2701 Ita

1171 2728 1334 2750 xxxviii.
1360 2722 1388 2749 l.
1411 2722 1439 2749 8.
1457 2719 1590 2759 legend.
1619 2719 1798 2750 videbatur
1821 2719 1870 2750 in—

1169 2772 1252 2798 certa
1276 2769 1370 2805 l›elli;
1405 2768 1493 2809 quod
1519 2769 1627 2808 ipsum
1650 2773 1703 2799 est
1728 2769 1760 2799 iu
1782 2769 1867 2801 Tac.

1170 2828 1220 2850 lv.
1246 2822 1297 2849 23.
1324 2821 1356 2849 6.
1389 2819 1522 2849 Bernec.
1568 2819 1618 2850 Cl.
1644 2819 1795 2850 Pricaeus
1823 2819 1867 2850 ad

1170 2868 1273 2908 Apul.
1293 2869 1340 2899 M.
1357 2877 1380 2899 1.
1397 2868 1482 2907 legit
1497 2869 1643 2900 imnzensa
1660 2872 1779 2899 tantum
1797 2869 1867 2907 jam

1167 2929 1203 2950 ac
1231 2922 1373 2959 porrecta
1400 2928 1583 2959 camporum.
1638 2920 1746 2951 Porro
1775 2919 1784 2936 ‘
1808 2918 1866 2950 im-
