2101 3419
542 346 737 378 JUSTINI
770 347 863 379 LIB.
895 347 1038 378 XLIII.
1071 347 1176 378 cAP.
1205 338 1247 377 4.

195 449 250 471 11111
274 439 399 480 linguae
424 440 458 471 in
480 448 587 482 parva
612 449 695 472 cura
717 444 826 481 erant,
851 444 890 472 ut

194 490 312 522 videre
328 491 409 522 licet
423 500 477 531 ap.
494 490 579 521 Caes.
611 491 762 522 Glarean.

236 543 254 582 §
290 544 310 572 9
338 542 477 581 antum
501 543 624 572 tradere
652 542 715 572 illic
743 539 889 580 parabat]

192 590 290 623 Junt.
316 592 377 622 ille.
400 592 515 623 Graev.
567 591 704 629 Nescio,
725 590 805 631 quid
827 590 888 620 hoc

190 641 256 672 illic
278 642 331 672 hic
354 641 469 672 faciat.
514 641 693 680 Viderunt,
709 640 765 681 qui
790 640 888 671 ador-

191 695 318 722 narunt
354 694 438 722 vett.
470 690 650 726 editiones,
688 694 723 721 et
754 699 815 729 pro
847 699 887 720 eo

190 740 438 771 substituerunt
467 740 524 771 illi.
582 739 647 770 Sed
678 743 712 770 et
741 739 805 770 hoc
835 743 887 770 est

189 791 344 822 otiosum.
389 790 479 823 Quid
493 791 580 821 enim
597 795 651 821 est
666 792 760 822 electo
773 800 887 829 genero

187 839 237 871 ilci
254 841 377 871 tradere
397 839 555 880 parabat?
590 839 662 871 Aut
685 850 739 871 me
764 840 886 871 fallunt

189 889 312 928 omnia,
328 893 386 920 aut
400 889 492 921 Just.
509 890 657 930 scripsit,
667 891 791 922 trudere
803 891 885 922 illico

185 938 328 979 parabat,
347 939 368 970 i.
382 949 411 971 e.
434 939 505 970 sine
532 949 625 971 mora
645 941 734 971 inter
750 941 886 972 electio-

186 997 262 1019 nem
290 993 326 1019 et
354 988 442 1029 ipsas
473 990 608 1030 nuptias
635 991 884 1022 intercedente.

185 1038 293 1077 Schef.
337 1040 444 1071 Paulo
460 1045 539 1072 ante
561 1041 570 1057 ‘
584 1051 678 1072 more
695 1041 830 1082 gentis:
847 1046 885 1073 ut

186 1099 242 1130 ap.
265 1090 389 1122 Saxon.
416 1099 477 1122 xv.
504 1101 538 1131 p.
558 1094 632 1123 368.
662 1094 713 1123 33.
757 1091 767 1108 ‘
790 1092 839 1123 M.
853 1102 884 1133 g.

188 1139 289 1170 misso
305 1149 366 1180 per
381 1150 495 1171 omnes
510 1141 651 1181 stipite!

227 1189 245 1229 ᾧ
264 1192 302 1219 10
325 1189 378 1220 Ad
403 1190 527 1230 nuptias
552 1191 679 1222 invitati
691 1202 793 1223 omnes
812 1202 882 1233 pro-

184 1238 360 1278 cessissent]
382 1239 553 1270 Procedere
564 1242 604 1271 ad
615 1242 740 1281 nuptias
749 1251 884 1282 semper

184 1288 391 1328 perinsolens
413 1290 491 1320 mihi
508 1290 626 1329 visum,
641 1297 677 1322 et
701 1292 845 1323 alienum
862 1302 882 1324 a

184 1338 260 1370 Lat.
276 1338 397 1379 linguae
411 1339 534 1371 indole.
578 1341 613 1371 Si
626 1342 822 1382 loqueretur
838 1342 880 1374 de

183 1397 309 1428 pompa
334 1390 493 1429 nuptiali,
508 1400 582 1421 cum
604 1391 637 1421 in
662 1391 796 1431 publico
820 1392 881 1423 du-

183 1438 284 1478 citur,
301 1439 410 1470 nullus
422 1444 511 1471 esset
523 1442 710 1482 scrupulus.
755 1441 824 1473 Sed
838 1442 880 1473 de

182 1495 307 1527 pompa
322 1488 376 1518 hic
398 1498 439 1519 ne
454 1489 497 1520 sit
509 1490 598 1530 quod
615 1491 815 1530 cogitemus,
829 1501 879 1522 se-

182 1537 320 1578 quentia
343 1538 495 1579 vincunt‚
522 1550 596 1581 quae
618 1540 660 1571 de
677 1541 878 1573 invitatione

180 1587 235 1618 hic
252 1588 340 1629 loqui
353 1589 522 1621 Justinum
536 1590 706 1622 indicant:
731 1592 740 1608 ‘
758 1601 878 1632 rogan-

181 1641 237 1668 tur
260 1638 360 1669 etiam
389 1639 502 1670 Graeci
528 1639 679 1680 hospites
707 1640 748 1671 ad
763 1641 877 1672 convi-

181 1688 297 1719 vium.’
332 1689 407 1721 Jam
424 1690 558 1730 quinam
585 1695 662 1721 sunt
689 1691 737 1721 illi
761 1701 875 1722 omnes

179 1737 236 1778 qui
253 1737 294 1768 ad
311 1739 445 1778 nuptias
462 1744 558 1770 erant
575 1739 731 1771 invitati?
754 1740 876 1781 Itaque

179 1792 260 1818 aute
286 1789 407 1819 multos
437 1798 539 1820 annos
569 1789 621 1821 hic
652 1791 672 1821 1.
702 1790 781 1821 mibi
811 1791 876 1823 fuit

177 1842 368 1878 suspectus,
394 1847 505 1869 veram
537 1844 651 1870 autem
680 1840 760 1872 lect.
778 1841 874 1872 nobis

177 1892 356 1918 servarunt
370 1887 495 1927 Juntae,
512 1899 567 1928 ap.
589 1899 670 1930 quos
685 1890 874 1922 rectissime

175 1938 301 1978 legitur
315 1948 415 1970 omnes
426 1939 512 1979 proci
528 1944 636 1971 essent.
667 1941 733 1973 Qui
749 1941 874 1972 ambie-

175 1993 253 2020 rant
276 1989 451 2029 virginem,
474 1995 574 2021 erant
590 2000 632 2021 ex
654 2001 749 2022 more
764 1992 873 2031 gentis

174 2038 321 2079 invitati,
350 2043 388 2070 ut
417 2049 460 2070 ex
489 2039 530 2071 iis
559 2040 714 2071 maritum
749 2051 872 2082 sponsa

174 2093 314 2129 caperet
330 2093 365 2120 et
389 2089 544 2130 eligeret.
589 2090 665 2121 Hoc
687 2091 872 2123 ostendunt

173 2139 350 2180 sequentia
365 2139 474 2171 clare:
497 2141 507 2158 ‘
527 2140 730 2172 Introducta
745 2141 870 2173 deinde

172 2189 283 2229 virgo,
299 2190 564 2230 cumjuberetur
588 2201 606 2221 a
629 2197 727 2231 patre
748 2201 868 2232 aquam

172 2238 346 2279 porrigere
360 2240 390 2270 ei
407 2250 504 2280 quem
521 2241 627 2271 virum
642 2241 808 2282 eligeret‚'
821 2242 870 2272 ni-

172 2289 294 2319 mirum
315 2289 405 2320 inter
429 2299 558 2329 procos.
604 2290 727 2321 Nullus
752 2291 868 2322 dubito

171 2339 262 2372 Just.
288 2339 337 2370 ita
366 2339 565 2379 scripsisse:
598 2350 661 2372 nec
689 2346 868 2373 cunctatus

172 2398 246 2419 sum
274 2388 305 2419 ei
333 2397 425 2419 suam
453 2390 634 2421 restituere
663 2391 866 2423 lectionem:

171 2447 235 2468 nec
252 2436 287 2467 in
302 2442 474 2477 posterum
490 2438 577 2469 ullus
594 2439 776 2479 dubitabit,
788 2442 868 2482 quin

171 2490 266 2518 recte
290 2487 512 2527 restituet-im,
535 2489 600 2519 etsi
627 2489 802 2521 dubitator
823 2491 868 2523 sit

170 2545 323 2577 magnus,
339 2536 367 2567 si
379 2537 476 2568 modo
488 2538 576 2569 hunc
592 2539 613 2570 1.
632 2544 792 2571 accurate
808 2551 866 2572 ex-

171 2585 303 2626 pendit.
347 2585 414 2617 Sed
431 2590 466 2616 et
478 2596 538 2627 pro
550 2592 700 2626 rogantur
710 2591 751 2619 ad
764 2591 867 2629 nupti-

169 2644 205 2665 as
230 2635 365 2665 mallem
380 2639 537 2667 vocantur.
557 2645 623 2668 xu.
636 2640 667 2668 6.
701 2637 710 2654 ⁴
727 2637 865 2670 Amicos

169 2684 204 2715 in
218 2684 406 2716 convivium
420 2685 545 2717 vocat.’
571 2687 679 2718 Groev.
726 2688 865 2719 Nilme-

170 2733 233 2764 lius
258 2743 357 2774 quam
373 2735 459 2775 quod
486 2736 519 2765 in
542 2735 640 2768 Junt.
663 2741 728 2768 est.
752 2737 865 2771 Faber.

168 2783 191 2816 J
196 2787 266 2815 unt.
279 2788 314 2814 et
329 2784 413 2825 Maj.
423 2784 509 2824 proci
523 2789 621 2817 essent
632 2797 642 2817 .·
665 2786 754 2827 quod
769 2788 864 2819 mini-

170 2841 225 2863 me
249 2833 485 2865 contemnend.
524 2834 625 2867 Vorst.
668 2837 760 2868 Vera
783 2837 862 2871 lect.

166 2881 252 2922 proci
266 2886 373 2915 essent.
409 2882 523 2915 Schef.

1531 336 1634 379 1031

983 440 1150 480 Rogantur
1179 440 1274 471 etiam
1304 439 1410 472 Groeci
1438 440 1573 481 hospites
1599 441 1640 472 ad

939 490 1125 529 convivium]
1174 491 1291 521 Graev.
1320 491 1436 521 mallet
1470 493 1640 521 vocantur:

940 540 1054 579 credo,
1068 540 1156 580 quod
1175 541 1183 557 ‘
1197 550 1316 580 rogare
1326 541 1368 570 ad
1382 539 1538 580 nuptias’
1556 540 1640 571 Ger-⁷

938 590 1092 620 manismi
1116 591 1250 620 nomine
1276 595 1469 629 suspectum
1495 590 1561 630 ipsi
1584 590 1639 621 sit.

939 640 1103 680 Loquitur
1121 644 1234 670 tamen
1250 640 1297 670 ita
1309 644 1344 670 et
1358 639 1512 670 Ambros.
1528 640 1637 671 Serm.

937 691 989 718 21.
1007 687 1049 718 de
1078 688 1203 728 Epiph.
1229 693 1267 719 ut
1294 688 1326 718 in
1353 698 1428 727 cap.
1446 691 1497 719 17.
1521 689 1578 720 lib.
1594 689 1638 720 de

938 738 1077 770 Latinit.
1103 738 1126 769 f.
1152 748 1244 778 susp.
1270 738 1489 769 ostendimus.
1536 739 1638 771 Vorst.

935 788 1003 818 Sed
1017 788 1203 818 auctoritas
1215 787 1383 818 Ambrosii
1398 789 1487 819 valet
1501 789 1637 829 quidem

935 837 969 867 in
1001 837 1171 877 capitibus
1208 837 1409 868 Christianae
1448 838 1635 879 religionis,

934 896 1002 917 non
1026 887 1058 917 in
1087 888 1162 918 Lat.
1189 887 1314 927 linguae
1340 888 1555 928 proprietate
1583 899 1636 920 as-

934 937 1088 968 serenda.
1123 937 1231 968 Graev.

977 989 995 1028 ξ
1012 990 1050 1018 11
1067 988 1186 1028 Aquam
1201 987 1291 1018 Protz'
1301 987 1451 1027 porrigit]
1477 987 1575 1018 Alter
1590 998 1633 1018 ex

933 1047 1034 1068 manu
1050 1037 1198 1068 exaratis
1222 1036 1298 1068 eod.
1313 1037 1411 1069 Fuld.
1427 1048 1477 1078 aq.
1493 1038 1634 1069 manibus

935 1088 974 1118 P.
984 1097 1016 1127 p.
1041 1086 1136 1118 Mod.

977 1138 994 1177 ξ
1012 1139 1051 1167 13
1069 1137 1108 1167 In
1124 1139 1203 1168 tant.
1220 1135 1285 1176 en.]
1310 1136 1365 1167 Ita
1382 1137 1452 1168 Liv.
1470 1145 1563 1169 xxu.
1577 1140 1630 1169 27.

931 1186 941 1203 ‘
958 1186 997 1217 In
1014 1191 1039 1217 t.
1061 1196 1152 1217 suam
1175 1185 1378 1218 felicitatem
1402 1187 1629 1229 virtutemque

935 1236 1122 1268 enituisse?

974 1286 1014 1317 In
1036 1286 1168 1327 captivis
1189 1286 1291 1326 agris]
1334 1286 1402 1319 Ms.
1425 1290 1460 1318 et
1484 1287 1580 1319 Junt.
1596 1288 1630 1318 in

929 1338 1028 1376 captis
1051 1347 1104 1375 ag.
1150 1336 1234 1369 Quis
1260 1346 1326 1367 non
1353 1336 1498 1376 probet?
1524 1337 1630 1367 Groev.

930 1387 1013 1418 Mss.
1039 1387 1164 1417 babent
1190 1387 1300 1427 captis.
1343 1387 1534 1428 Utrumque
1555 1396 1628 1417 rec-

930 1441 1000 1468 tum
1024 1440 1087 1468 est.
1123 1437 1218 1477 Virg.
1242 1437 1251 1453 ‘
1269 1436 1482 1478 Captivaque
1500 1437 1628 1477 vestis,'

929 1492 965 1518 et
990 1488 999 1504 ‘
1015 1487 1175 1528 Captivas
1201 1487 1324 1517 naves’
1359 1497 1432 1527 sup.
1448 1497 1480 1519 v.
1507 1498 1581 1528 cap.
1596 1491 1629 1519 ⁷.

928 1539 1042 1570 Faber.
1085 1539 1182 1571 Junt.
1206 1538 1318 1578 captis.
1362 1537 1411 1569 At
1433 1539 1577 1570 Bechar.
1591 1543 1629 1571 et

928 1589 1067 1619 aliorum
1086 1588 1277 1628 Capertinz's,
1295 1588 1390 1630 quasi
1412 1597 1533 1620 nomen
1550 1598 1627 1629 pro·

927 1638 1035 1679 prium
1049 1638 1104 1669 sit.
1148 1638 1250 1669 Vorst.

972 1688 1113 1718 Colonias
1127 1688 1363 1728 constituerent]
1395 1687 1448 1719 Ad
1464 1689 1624 1721 coercen-

927 1738 986 1768 dos
1003 1738 1159 1768 nimirum
1182 1738 1305 1769 hostes.
1351 1739 1427 1770 Qua
1447 1748 1548 1770 causa
1572 1749 1626 1771 co-

926 1789 1050 1819 loniam
1073 1788 1187 1819 sedem
1215 1789 1389 1820 servitutis
1419 1795 1518 1822 vocat
1542 1791 1622 1822 Tac.

925 1839 993 1880 Ag.
1025 1841 1075 1870 16.
1105 1842 1135 1870 2.
1176 1840 1185 1856 ⁴
1203 1839 1303 1880 AEqui
1335 1840 1499 1871 coloniam
1530 1850 1622 1881 aegre

924 1889 1101 1930 patiuntur
1118 1890 1210 1920 velut
1234 1898 1346 1920 arcem
1372 1890 1438 1920 suis
1463 1890 1585 1921 finibus
1602 1900 1622 1921 a

924 1940 1085 1971 Romanis
1111 1939 1328 1980 impositam.’
1380 1941 1454 1972 Liv.
1478 1949 1512 1973 x.
1538 1945 1567 1973 1.
1589 1944 1620 1973 7.

923 1990 1064 2030 Oppida
1079 1989 1121 2021 ab
1138 1990 1333 2021 Alexandro
1349 1991 1488 2022 condita
1501 1993 1510 2008 ‘
1526 1992 1622 2023 velut

921 2040 1008 2071 freni
1020 2041 1220 2072 domitarum
1232 2040 1380 2081 gentium
1392 2041 1512 2081 erant‚'
1523 2042 1619 2074 Curt.

923 2100 989 2122 vn.
1007 2094 1058 2123 10.
1078 2094 1127 2122 16.
1172 2091 1327 2123 Conditae
1355 2091 1398 2122 ab
1419 2092 1617 2123 Alexandro

920 2142 1032 2182 urbes,
1048 2147 1083 2173 et
1099 2142 1226 2173 colonis
1240 2142 1395 2182 repletae,
1419 2142 1428 2159 ‘
1445 2152 1498 2172 res
1521 2152 1620 2173 nova-

920 2200 956 2222 re
973 2191 1189 2232 cupientibus
1214 2190 1380 2231 obstant,'
1415 2191 1469 2222 Id.
1487 2200 1522 2224 x.
1538 2195 1568 2223 2.
1585 2194 1617 2224 8.

919 2241 1018 2272 Bern-

961 2291 1048 2321 CAP.
1075 2299 1125 2321 ιν.
1163 2291 1180 2330 §
1209 2293 1226 2320 1
1261 2290 1311 2321 Ab
1337 2290 1386 2321 his
1410 2290 1522 2331 igitur,
1546 2291 1617 2331 ssa]

919 2340 1179 2371 Massiliensium
1195 2340 1351 2371 instituta
1366 2342 1532 2381 praeclara
1548 2346 1615 2372 tra-

918 2391 969 2422 dit
984 2392 1060 2422 Val.
1083 2392 1133 2423 M.
1151 2401 1192 2422 11.
1206 2395 1238 2423 6.
1254 2394 1286 2423 7.
1308 2396 1344 2423 et
1359 2392 1472 2423 Strab.
1487 2402 1534 2423 1v.
1550 2393 1613 2424 sub

917 2440 1059 2472 initium.
1102 2442 1182 2472 Tac.
1206 2441 1272 2482 Ag.
1294 2445 1325 2472 4.
1346 2442 1498 2473 ‘locum'
1513 2447 1613 2474 vocat

918 2492 928 2510 ‘
942 2491 1067 2522 Graeca
1083 2492 1245 2523 comitate
1261 2496 1295 2523 et
1314 2492 1512 2533 provinciali
1537 2503 1613 2534 par-

915 2541 1058 2572 cimonia
1087 2541 1234 2581 mistum,
1265 2542 1420 2583 beneque
1446 2548 1612 2584 tempera-

917 2591 1012 2623 tum.'
1051 2590 1140 2622 Add.
1153 2591 1226 2622 Cic.
1241 2602 1301 2632 pro
1318 2593 1429 2624 Flacc.
1445 2596 1498 2625 26.
1510 2594 1609 2627 Ber-n.

959 2641 976 2680 ς
992 2643 1012 2671 2
1038 2640 1122 2671 Tunc
1136 2643 1166 2671 et
1180 2640 1274 2671 vitem
1286 2641 1412 2680 putare]
1444 2642 1536 2682 Lips.
1564 2644 1608 2674 ad

915 2690 925 2707 ‘
946 2690 1004 2720 vit.
1023 2689 1067 2729 p.'
1086 2690 1309 2730 ascripserat:
1325 2692 1334 2708 ‘
1350 2691 1424 2722 Imo
1436 2692 1492 2723 diu
1509 2694 1608 2734 post.'

914 2739 1068 2770 Macrob.
1082 2747 1122 2771 11.
1136 2738 1323 2771 Comment.
1339 2740 1370 2770 in
1386 2740 1499 2772 Somn.
1513 2743 1606 2784 Scip.

915 2791 967 2820 10.
997 2789 1006 2805 ‘
1025 2788 1117 2820 Galli
1144 2788 1247 2820 vitem
1280 2790 1333 2821 vel
1361 2792 1487 2823 cultum
1521 2794 1605 2826 oleae

913 2838 1024 2870 Roma
1035 2839 1105 2879 jam
1121 2838 1339 2871 adolescente
1354 2841 1569 2877 didicerunt!

955 2889 971 2928 ς
988 2891 1006 2920 3
1031 2889 1158 2920 Mortuo
1172 2899 1244 2930 rege
1260 2890 1372 2923 Nanno
1391 2892 1448 2931 (31.
1471 2894 1605 2936 Manno)
