<?xml version="1.0" encoding="UTF-8"?>
<!DOCTYPE html PUBLIC "-//W3C//DTD XHTML 1.0 Transitional//EN"
    "http://www.w3.org/TR/xhtml1/DTD/xhtml1-transitional.dtd">
<html xmlns="http://www.w3.org/1999/xhtml" xml:lang="en" lang="en">
 <head>
  <title>
</title>
<meta http-equiv="Content-Type" content="text/html;charset=utf-8" />
  <meta name='ocr-system' content='tesseract 3.04.00' />
  <meta name='ocr-capabilities' content='ocr_page ocr_carea ocr_par ocr_line ocrx_word'/>
</head>
<body>
  <div class='ocr_page' id='page_1' title='image "./historiaephilipp02just/historiaephilipp02just_0395.png"; bbox 0 0 2101 3419; ppageno 0'>
   <div class='ocr_carea' id='block_1_1' title="bbox 609 364 1735 409">
    <p class='ocr_par' dir='ltr' id='par_1_1' title="bbox 609 364 1735 409">
     <span class='ocr_line' id='line_1_1' title="bbox 609 364 1735 409; baseline -0.003 -1"><span class='ocrx_word' id='word_1_1' title='bbox 609 377 805 409; x_wconf 74' lang='lat' dir='ltr'>JUSTINI</span> <span class='ocrx_word' id='word_1_2' title='bbox 841 377 933 407; x_wconf 81' lang='lat' dir='ltr'><em>LlB.</em></span> <span class='ocrx_word' id='word_1_3' title='bbox 967 376 1195 407; x_wconf 81' lang='lat' dir='ltr'><em>xxxvlu.</em></span> <span class='ocrx_word' id='word_1_4' title='bbox 1228 377 1333 407; x_wconf 75' lang='lat' dir='ltr'><em>CAP.</em></span> <span class='ocrx_word' id='word_1_5' title='bbox 1365 367 1405 406; x_wconf 86' lang='grc'><em>4.</em></span> <span class='ocrx_word' id='word_1_6' title='bbox 1649 364 1735 406; x_wconf 85' lang='grc'><em>997</em></span> 
     </span>
    </p>
   </div>
   <div class='ocr_carea' id='block_1_2' title="bbox 288 470 983 509">
    <p class='ocr_par' dir='ltr' id='par_1_2' title="bbox 288 470 983 509">
     <span class='ocr_line' id='line_1_2' title="bbox 288 470 983 509; baseline -0.001 -7"><span class='ocrx_word' id='word_1_7' title='bbox 288 470 437 509; x_wconf 77' lang='grc' dir='ltr'>κηδεστής</span> <span class='ocrx_word' id='word_1_8' title='bbox 459 471 536 502; x_wconf 82' lang='grc' dir='ltr'><strong>ἐστι.</strong></span> <span class='ocrx_word' id='word_1_9' title='bbox 572 471 581 489; x_wconf 86' lang='lat'>‘</span> <span class='ocrx_word' id='word_1_10' title='bbox 596 470 718 501; x_wconf 89' lang='lat' dir='ltr'><em>Socer’</em></span> <span class='ocrx_word' id='word_1_11' title='bbox 747 470 853 502; x_wconf 87' lang='lat' dir='ltr'><em>vertit</em></span> <span class='ocrx_word' id='word_1_12' title='bbox 874 470 983 502; x_wconf 86' lang='lat' dir='ltr'><em>Inter-</em></span> 
     </span>
    </p>
   </div>
   <div class='ocr_carea' id='block_1_3' title="bbox 287 520 984 610">
    <p class='ocr_par' dir='ltr' id='par_1_3' title="bbox 287 520 984 610">
     <span class='ocr_line' id='line_1_3' title="bbox 288 520 984 562; baseline -0.001 -9"><span class='ocrx_word' id='word_1_13' title='bbox 288 532 368 562; x_wconf 83' lang='lat' dir='ltr'><em>pres</em></span> <span class='ocrx_word' id='word_1_14' title='bbox 383 533 391 553; x_wconf 90' lang='lat'>:</span> <span class='ocrx_word' id='word_1_15' title='bbox 415 531 489 553; x_wconf 88' lang='lat' dir='ltr'><em>cum</em></span> <span class='ocrx_word' id='word_1_16' title='bbox 505 522 538 552; x_wconf 91' lang='lat' dir='ltr'><em>h.</em></span> <span class='ocrx_word' id='word_1_17' title='bbox 555 521 577 552; x_wconf 92' lang='lat' dir='ltr'><em>l.</em></span> <span class='ocrx_word' id='word_1_18' title='bbox 593 520 744 558; x_wconf 79' lang='grc' dir='ltr'>κηδεστὴς</span> <span class='ocrx_word' id='word_1_19' title='bbox 765 521 810 552; x_wconf 90' lang='lat' dir='ltr'><em>sit</em></span> <span class='ocrx_word' id='word_1_20' title='bbox 832 521 842 536; x_wconf 75' lang='lat'><strong><em>⁴</em></strong></span> <span class='ocrx_word' id='word_1_21' title='bbox 857 521 984 560; x_wconf 59' lang='lat' dir='ltr'><em>gener?</em></span> 
     </span>
     <span class='ocr_line' id='line_1_4' title="bbox 287 569 982 610; baseline 0 -8"><span class='ocrx_word' id='word_1_22' title='bbox 287 572 344 602; x_wconf 92' lang='lat' dir='ltr'><em>De</em></span> <span class='ocrx_word' id='word_1_23' title='bbox 363 570 550 603; x_wconf 85' lang='lat' dir='ltr'>Nicomede</span> <span class='ocrx_word' id='word_1_24' title='bbox 571 569 640 600; x_wconf 88' lang='lat' dir='ltr'><em>filio</em></span> <span class='ocrx_word' id='word_1_25' title='bbox 659 570 755 610; x_wconf 89' lang='lat' dir='ltr'><em>pulso</em></span> <span class='ocrx_word' id='word_1_26' title='bbox 776 569 843 602; x_wconf 91' lang='lat' dir='ltr'><em>vid.</em></span> <span class='ocrx_word' id='word_1_27' title='bbox 867 570 982 602; x_wconf 87' lang='lat' dir='ltr'><em>Strab.</em></span> 
     </span>
    </p>
   </div>
   <div class='ocr_carea' id='block_1_4' title="bbox 283 622 984 912">
    <p class='ocr_par' dir='ltr' id='par_1_4' title="bbox 287 622 486 660">
     <span class='ocr_line' id='line_1_5' title="bbox 287 622 486 660; baseline 0.005 -9"><span class='ocrx_word' id='word_1_28' title='bbox 287 629 354 652; x_wconf 74' lang='grc' dir='ltr'><em>ΧΠ.</em></span> <span class='ocrx_word' id='word_1_29' title='bbox 382 622 486 660; x_wconf 85' lang='lat' dir='ltr'><em>Bong.</em></span> 
     </span>
    </p>

    <p class='ocr_par' dir='ltr' id='par_1_5' title="bbox 283 669 984 912">
     <span class='ocr_line' id='line_1_6' title="bbox 330 669 981 713; baseline -0.006 -9"><span class='ocrx_word' id='word_1_30' title='bbox 330 674 347 713; x_wconf 55' lang='grc' dir='ltr'>ξ</span> <span class='ocrx_word' id='word_1_31' title='bbox 373 676 393 704; x_wconf 86' lang='grc'>4</span> <span class='ocrx_word' id='word_1_32' title='bbox 419 672 566 713; x_wconf 82' lang='lat' dir='ltr'><em>Aquilius</em></span> <span class='ocrx_word' id='word_1_33' title='bbox 589 673 621 702; x_wconf 80' lang='lat' dir='ltr'><em>et</em></span> <span class='ocrx_word' id='word_1_34' title='bbox 646 670 788 701; x_wconf 81' lang='lat' dir='ltr'><em>Manlius</em></span> <span class='ocrx_word' id='word_1_35' title='bbox 812 669 981 710; x_wconf 82' lang='lat' dir='ltr'><em>Maltinus]</em></span> 
     </span>
     <span class='ocr_line' id='line_1_7' title="bbox 284 720 984 762; baseline -0.003 -10"><span class='ocrx_word' id='word_1_36' title='bbox 284 721 437 762; x_wconf 78' lang='lat' dir='ltr'><em>Legend.</em></span> <span class='ocrx_word' id='word_1_37' title='bbox 465 721 612 752; x_wconf 86' lang='lat' dir='ltr'>arbitror</span> <span class='ocrx_word' id='word_1_38' title='bbox 634 720 763 751; x_wconf 82' lang='lat' dir='ltr'><em>Munius</em></span> <span class='ocrx_word' id='word_1_39' title='bbox 784 720 932 760; x_wconf 80' lang='lat' dir='ltr'><em>Aquilius</em></span> <span class='ocrx_word' id='word_1_40' title='bbox 952 724 984 751; x_wconf 80' lang='lat' dir='ltr'><em>et</em></span> 
     </span>
     <span class='ocr_line' id='line_1_8' title="bbox 284 770 983 811; baseline -0.003 -9"><span class='ocrx_word' id='word_1_41' title='bbox 284 773 336 803; x_wconf 85' lang='lat' dir='ltr'><em>M.</em></span> <span class='ocrx_word' id='word_1_42' title='bbox 352 771 499 803; x_wconf 68' lang='lat' dir='ltr'><em>Atinius.</em></span> <span class='ocrx_word' id='word_1_43' title='bbox 534 771 632 802; x_wconf 82' lang='lat' dir='ltr'><em>Vett.</em></span> <span class='ocrx_word' id='word_1_44' title='bbox 646 771 780 811; x_wconf 89' lang='lat' dir='ltr'><em>quidam</em></span> <span class='ocrx_word' id='word_1_45' title='bbox 797 770 943 810; x_wconf 76' lang='lat' dir='ltr'><em>Aquilius</em></span> <span class='ocrx_word' id='word_1_46' title='bbox 953 773 983 800; x_wconf 82' lang='lat' dir='ltr'><em>et</em></span> 
     </span>
     <span class='ocr_line' id='line_1_9' title="bbox 284 819 980 861; baseline 0 -9"><span class='ocrx_word' id='word_1_47' title='bbox 284 822 413 852; x_wconf 78' lang='lat' dir='ltr'><em>Marcus</em></span> <span class='ocrx_word' id='word_1_48' title='bbox 436 821 589 852; x_wconf 78' lang='lat' dir='ltr'><em>Altinius.</em></span> <span class='ocrx_word' id='word_1_49' title='bbox 632 819 780 861; x_wconf 89' lang='lat' dir='ltr'><em>Appian.</em></span> <span class='ocrx_word' id='word_1_50' title='bbox 802 821 920 851; x_wconf 82' lang='lat' dir='ltr'><em>Mithr.</em></span> <span class='ocrx_word' id='word_1_51' title='bbox 947 830 980 860; x_wconf 88' lang='lat' dir='ltr'><em>p.</em></span> 
     </span>
     <span class='ocr_line' id='line_1_10' title="bbox 283 869 983 912; baseline -0.004 -8"><span class='ocrx_word' id='word_1_52' title='bbox 283 875 358 904; x_wconf 84' lang='grc'><strong>276.</strong></span> <span class='ocrx_word' id='word_1_53' title='bbox 381 882 412 903; x_wconf 89' lang='lat' dir='ltr'><em>c.</em></span> <span class='ocrx_word' id='word_1_54' title='bbox 434 872 554 903; x_wconf 89' lang='lat' dir='ltr'><em>missos</em></span> <span class='ocrx_word' id='word_1_55' title='bbox 576 871 708 912; x_wconf 83' lang='lat' dir='ltr'><em>legatos</em></span> <span class='ocrx_word' id='word_1_56' title='bbox 733 871 792 910; x_wconf 85' lang='lat' dir='ltr'><em>ait,</em></span> <span class='ocrx_word' id='word_1_57' title='bbox 813 869 854 901; x_wconf 69' lang='grc' dir='ltr'><em>ὧν</em></span> <span class='ocrx_word' id='word_1_58' title='bbox 869 869 983 902; x_wconf 76' lang='grc' dir='ltr'>Μάνιος</span> 
     </span>
    </p>
   </div>
   <div class='ocr_carea' id='block_1_5' title="bbox 281 921 983 961">
    <p class='ocr_par' dir='ltr' id='par_1_6' title="bbox 281 921 983 961">
     <span class='ocr_line' id='line_1_11' title="bbox 281 921 983 961; baseline -0.001 -8"><span class='ocrx_word' id='word_1_59' title='bbox 281 921 423 954; x_wconf 79' lang='grc' dir='ltr'>Ἀκύλιος</span> <span class='ocrx_word' id='word_1_60' title='bbox 450 921 577 961; x_wconf 72' lang='grc' dir='ltr'><em>ἡγεῖται</em></span> <span class='ocrx_word' id='word_1_61' title='bbox 615 931 713 961; x_wconf 91' lang='lat' dir='ltr'><em>quem</em></span> <span class='ocrx_word' id='word_1_62' title='bbox 741 926 936 961; x_wconf 89' lang='lat' dir='ltr'><em>superatum</em></span> <span class='ocrx_word' id='word_1_63' title='bbox 963 932 983 952; x_wconf 86' lang='lat' dir='ltr'><em>a</em></span> 
     </span>
    </p>
   </div>
   <div class='ocr_carea' id='block_1_6' title="bbox 279 971 983 2059">
    <p class='ocr_par' dir='ltr' id='par_1_7' title="bbox 281 971 983 1806">
     <span class='ocr_line' id='line_1_12' title="bbox 282 971 981 1012; baseline -0.001 -9"><span class='ocrx_word' id='word_1_64' title='bbox 282 972 497 1011; x_wconf 84' lang='lat' dir='ltr'>Mithridate,</span> <span class='ocrx_word' id='word_1_65' title='bbox 514 972 615 1002; x_wconf 89' lang='lat' dir='ltr'><em>docet</em></span> <span class='ocrx_word' id='word_1_66' title='bbox 635 971 730 1012; x_wconf 90' lang='lat' dir='ltr'><em>Epit.</em></span> <span class='ocrx_word' id='word_1_67' title='bbox 752 972 825 1002; x_wconf 90' lang='lat' dir='ltr'><em>Liv.</em></span> <span class='ocrx_word' id='word_1_68' title='bbox 842 980 981 1002; x_wconf 83' lang='lat' dir='ltr'><em>Lxxvn.</em></span> 
     </span>
     <span class='ocr_line' id='line_1_13' title="bbox 284 1023 982 1055; baseline 0.001 -2"><span class='ocrx_word' id='word_1_69' title='bbox 284 1023 382 1055; x_wconf 84' lang='lat' dir='ltr'><strong><em>Idem.</em></strong></span> <span class='ocrx_word' id='word_1_70' title='bbox 426 1024 489 1054; x_wconf 91' lang='lat' dir='ltr'><em>Vir</em></span> <span class='ocrx_word' id='word_1_71' title='bbox 513 1033 660 1054; x_wconf 89' lang='lat' dir='ltr'><em>summus</em></span> <span class='ocrx_word' id='word_1_72' title='bbox 676 1023 822 1053; x_wconf 89' lang='lat' dir='ltr'><strong>Thomas</strong></span> <span class='ocrx_word' id='word_1_73' title='bbox 846 1023 982 1054; x_wconf 78' lang='lat' dir='ltr'><em>Reines.</em></span> 
     </span>
     <span class='ocr_line' id='line_1_14' title="bbox 282 1073 982 1115; baseline 0 -11"><span class='ocrx_word' id='word_1_74' title='bbox 282 1074 316 1104; x_wconf 88' lang='lat' dir='ltr'><em>in</em></span> <span class='ocrx_word' id='word_1_75' title='bbox 330 1074 440 1115; x_wconf 85' lang='lat' dir='ltr'><em>Epist.</em></span> <span class='ocrx_word' id='word_1_76' title='bbox 452 1083 560 1106; x_wconf 81' lang='lat' dir='ltr'><em>xxm.</em></span> <span class='ocrx_word' id='word_1_77' title='bbox 577 1074 618 1104; x_wconf 91' lang='lat' dir='ltr'><em>ad</em></span> <span class='ocrx_word' id='word_1_78' title='bbox 631 1074 776 1113; x_wconf 85' lang='lat' dir='ltr'><em>Rupert.</em></span> <span class='ocrx_word' id='word_1_79' title='bbox 787 1073 872 1113; x_wconf 80' lang='lat' dir='ltr'><em>legit</em></span> <span class='ocrx_word' id='word_1_80' title='bbox 884 1074 982 1113; x_wconf 81' lang='lat' dir='ltr'><em>Aqui-</em></span> 
     </span>
     <span class='ocr_line' id='line_1_15' title="bbox 282 1123 981 1156; baseline 0.001 -2"><span class='ocrx_word' id='word_1_81' title='bbox 282 1124 342 1155; x_wconf 87' lang='lat' dir='ltr'><em>lius</em></span> <span class='ocrx_word' id='word_1_82' title='bbox 357 1128 387 1155; x_wconf 83' lang='lat' dir='ltr'><em>et</em></span> <span class='ocrx_word' id='word_1_83' title='bbox 404 1125 452 1156; x_wconf 84' lang='lat' dir='ltr'><em>M.</em></span> <span class='ocrx_word' id='word_1_84' title='bbox 466 1124 588 1155; x_wconf 79' lang='lat' dir='ltr'><em>Acilius</em></span> <span class='ocrx_word' id='word_1_85' title='bbox 607 1133 650 1155; x_wconf 85' lang='lat' dir='ltr'><em>ex</em></span> <span class='ocrx_word' id='word_1_86' title='bbox 673 1123 848 1154; x_wconf 85' lang='lat' dir='ltr'><em>Vincentii</em></span> <span class='ocrx_word' id='word_1_87' title='bbox 870 1124 981 1155; x_wconf 86' lang='lat' dir='ltr'><em>Bello-</em></span> 
     </span>
     <span class='ocr_line' id='line_1_16' title="bbox 282 1174 981 1216; baseline 0.001 -12"><span class='ocrx_word' id='word_1_88' title='bbox 282 1175 435 1206; x_wconf 84' lang='lat' dir='ltr'><em>vaceusis</em></span> <span class='ocrx_word' id='word_1_89' title='bbox 457 1184 508 1206; x_wconf 84' lang='lat' dir='ltr'><em>VI.</em></span> <span class='ocrx_word' id='word_1_90' title='bbox 544 1175 643 1214; x_wconf 84' lang='lat' dir='ltr'><em>Spec.</em></span> <span class='ocrx_word' id='word_1_91' title='bbox 672 1174 761 1205; x_wconf 90' lang='lat' dir='ltr'><em>Hist.</em></span> <span class='ocrx_word' id='word_1_92' title='bbox 786 1178 856 1206; x_wconf 92' lang='lat'><em>101.</em></span> <span class='ocrx_word' id='word_1_93' title='bbox 882 1185 981 1216; x_wconf 85' lang='lat' dir='ltr'><em>quem</em></span> 
     </span>
     <span class='ocr_line' id='line_1_17' title="bbox 284 1225 983 1265; baseline 0 -10"><span class='ocrx_word' id='word_1_94' title='bbox 284 1225 350 1256; x_wconf 88' lang='lat' dir='ltr'><em>vid.</em></span> <span class='ocrx_word' id='word_1_95' title='bbox 374 1225 470 1257; x_wconf 87' lang='lat' dir='ltr'><em>Junt.</em></span> <span class='ocrx_word' id='word_1_96' title='bbox 486 1225 631 1265; x_wconf 82' lang='lat' dir='ltr'><em>Aquilius</em></span> <span class='ocrx_word' id='word_1_97' title='bbox 645 1225 795 1264; x_wconf 71' lang='lat' dir='ltr'><em>BIunlz&#39;us,</em></span> <span class='ocrx_word' id='word_1_98' title='bbox 807 1228 838 1255; x_wconf 78' lang='lat' dir='ltr'><em>et</em></span> <span class='ocrx_word' id='word_1_99' title='bbox 852 1225 983 1256; x_wconf 83' lang='lat' dir='ltr'><em>Manius</em></span> 
     </span>
     <span class='ocr_line' id='line_1_18' title="bbox 282 1274 980 1307; baseline -0.001 -1"><span class='ocrx_word' id='word_1_100' title='bbox 282 1276 427 1307; x_wconf 82' lang='lat' dir='ltr'><em>Attilius.</em></span> <span class='ocrx_word' id='word_1_101' title='bbox 459 1275 574 1307; x_wconf 86' lang='lat' dir='ltr'><em>Graev.</em></span> <span class='ocrx_word' id='word_1_102' title='bbox 624 1274 692 1307; x_wconf 91' lang='lat' dir='ltr'><em>Inf.</em></span> <span class='ocrx_word' id='word_1_103' title='bbox 718 1279 925 1307; x_wconf 59' lang='lat' dir='ltr'><em>xxxvnrA.</em></span> <span class='ocrx_word' id='word_1_104' title='bbox 949 1278 980 1306; x_wconf 85' lang='grc'><em>4.</em></span> 
     </span>
     <span class='ocr_line' id='line_1_19' title="bbox 281 1325 981 1366; baseline 0 -10"><span class='ocrx_word' id='word_1_105' title='bbox 281 1325 291 1342; x_wconf 92' lang='lat'>‘</span> <span class='ocrx_word' id='word_1_106' title='bbox 309 1325 482 1366; x_wconf 88' lang='lat' dir='ltr'><em>Aquilium</em></span> <span class='ocrx_word' id='word_1_107' title='bbox 507 1330 542 1356; x_wconf 91' lang='lat' dir='ltr'><em>et</em></span> <span class='ocrx_word' id='word_1_108' title='bbox 566 1325 773 1356; x_wconf 87' lang='lat' dir='ltr'><em>Maltinum.’</em></span> <span class='ocrx_word' id='word_1_109' title='bbox 824 1326 899 1357; x_wconf 80' lang='lat' dir='ltr'><em>Nec</em></span> <span class='ocrx_word' id='word_1_110' title='bbox 923 1325 981 1356; x_wconf 90' lang='lat' dir='ltr'><em>du-</em></span> 
     </span>
     <span class='ocr_line' id='line_1_20' title="bbox 284 1375 980 1415; baseline 0.001 -10"><span class='ocrx_word' id='word_1_111' title='bbox 284 1375 375 1405; x_wconf 88' lang='lat' dir='ltr'><em>bium</em></span> <span class='ocrx_word' id='word_1_112' title='bbox 409 1375 492 1406; x_wconf 91' lang='lat' dir='ltr'><em>illud</em></span> <span class='ocrx_word' id='word_1_113' title='bbox 528 1375 670 1406; x_wconf 69' lang='lat' dir='ltr'><em>BIunlius</em></span> <span class='ocrx_word' id='word_1_114' title='bbox 707 1375 816 1414; x_wconf 84' lang='lat' dir='ltr'><em>nihili,</em></span> <span class='ocrx_word' id='word_1_115' title='bbox 854 1379 888 1406; x_wconf 85' lang='lat' dir='ltr'><em>et</em></span> <span class='ocrx_word' id='word_1_116' title='bbox 920 1385 980 1415; x_wconf 86' lang='lat' dir='ltr'><em>pro</em></span> 
     </span>
     <span class='ocr_line' id='line_1_21' title="bbox 283 1424 981 1466; baseline 0.001 -11"><span class='ocrx_word' id='word_1_117' title='bbox 283 1424 412 1456; x_wconf 85' lang='lat' dir='ltr'><em>Manius</em></span> <span class='ocrx_word' id='word_1_118' title='bbox 427 1435 511 1463; x_wconf 86' lang='lat' dir='ltr'><em>esse,</em></span> <span class='ocrx_word' id='word_1_119' title='bbox 524 1426 630 1466; x_wconf 88' lang='lat' dir='ltr'><em>s.jam</em></span> <span class='ocrx_word' id='word_1_120' title='bbox 644 1425 784 1465; x_wconf 71' lang='lat' dir='ltr'><em>Aquini,</em></span> <span class='ocrx_word' id='word_1_121' title='bbox 801 1435 827 1455; x_wconf 91' lang='lat' dir='ltr'><em>s.</em></span> <span class='ocrx_word' id='word_1_122' title='bbox 845 1425 981 1456; x_wconf 88' lang='lat' dir='ltr'><em>Maltiui</em></span> 
     </span>
     <span class='ocr_line' id='line_1_22' title="bbox 283 1474 980 1515; baseline 0 -10"><span class='ocrx_word' id='word_1_123' title='bbox 283 1483 475 1514; x_wconf 79' lang='lat' dir='ltr'><em>praenomen</em></span> <span class='ocrx_word' id='word_1_124' title='bbox 490 1475 554 1505; x_wconf 93' lang='lat' dir='ltr'><em>hoc</em></span> <span class='ocrx_word' id='word_1_125' title='bbox 578 1475 633 1505; x_wconf 91' lang='lat' dir='ltr'><em>sit.</em></span> <span class='ocrx_word' id='word_1_126' title='bbox 681 1474 827 1505; x_wconf 86' lang='lat' dir='ltr'><em>Bechar.</em></span> <span class='ocrx_word' id='word_1_127' title='bbox 845 1479 880 1505; x_wconf 89' lang='lat' dir='ltr'><em>et</em></span> <span class='ocrx_word' id='word_1_128' title='bbox 895 1475 980 1515; x_wconf 82' lang='lat' dir='ltr'><em>Maj.</em></span> 
     </span>
     <span class='ocr_line' id='line_1_23' title="bbox 283 1523 979 1566; baseline 0.003 -12"><span class='ocrx_word' id='word_1_129' title='bbox 283 1523 430 1564; x_wconf 78' lang='lat' dir='ltr'><em>Aquilius</em></span> <span class='ocrx_word' id='word_1_130' title='bbox 453 1525 581 1555; x_wconf 78' lang='lat' dir='ltr'><em>Mallius</em></span> <span class='ocrx_word' id='word_1_131' title='bbox 600 1527 630 1556; x_wconf 82' lang='lat' dir='ltr'><em>et</em></span> <span class='ocrx_word' id='word_1_132' title='bbox 656 1525 823 1555; x_wconf 65' lang='lat' dir='ltr'><em>RIaltz&#39;nus.</em></span> <span class='ocrx_word' id='word_1_133' title='bbox 868 1525 979 1566; x_wconf 86' lang='lat' dir='ltr'><em>Bong.</em></span> 
     </span>
     <span class='ocr_line' id='line_1_24' title="bbox 282 1574 980 1614; baseline 0.001 -10"><span class='ocrx_word' id='word_1_134' title='bbox 282 1574 417 1614; x_wconf 79' lang='lat' dir='ltr'><em>legend.</em></span> <span class='ocrx_word' id='word_1_135' title='bbox 433 1574 618 1606; x_wconf 80' lang='lat' dir='ltr'><em>arbitratur</em></span> <span class='ocrx_word' id='word_1_136' title='bbox 637 1575 766 1605; x_wconf 84' lang='lat' dir='ltr'><em>Manius</em></span> <span class='ocrx_word' id='word_1_137' title='bbox 781 1574 927 1614; x_wconf 78' lang='lat' dir='ltr'><em>Aquilius</em></span> <span class='ocrx_word' id='word_1_138' title='bbox 949 1579 980 1606; x_wconf 78' lang='lat' dir='ltr'><em>et</em></span> 
     </span>
     <span class='ocr_line' id='line_1_25' title="bbox 282 1624 980 1665; baseline 0 -10"><span class='ocrx_word' id='word_1_139' title='bbox 282 1625 333 1656; x_wconf 84' lang='lat' dir='ltr'><em>M.</em></span> <span class='ocrx_word' id='word_1_140' title='bbox 349 1624 492 1655; x_wconf 73' lang='lat' dir='ltr'><em>Attilz&#39;us.</em></span> <span class='ocrx_word' id='word_1_141' title='bbox 538 1625 640 1656; x_wconf 85' lang='lat' dir='ltr'>Certe</span> <span class='ocrx_word' id='word_1_142' title='bbox 657 1624 834 1665; x_wconf 81' lang='lat' dir='ltr'><em>Appianus</em></span> <span class='ocrx_word' id='word_1_143' title='bbox 858 1625 980 1664; x_wconf 86' lang='lat' dir='ltr'><em>princi-</em></span> 
     </span>
     <span class='ocr_line' id='line_1_26' title="bbox 283 1676 978 1717; baseline 0.001 -12"><span class='ocrx_word' id='word_1_144' title='bbox 283 1684 360 1715; x_wconf 89' lang='lat' dir='ltr'><em>pem</em></span> <span class='ocrx_word' id='word_1_145' title='bbox 376 1685 502 1714; x_wconf 88' lang='lat' dir='ltr'><em>eorum,</em></span> <span class='ocrx_word' id='word_1_146' title='bbox 518 1676 573 1717; x_wconf 92' lang='lat' dir='ltr'><em>qui</em></span> <span class='ocrx_word' id='word_1_147' title='bbox 589 1676 682 1706; x_wconf 87' lang='lat' dir='ltr'><em>missi</em></span> <span class='ocrx_word' id='word_1_148' title='bbox 697 1680 764 1706; x_wconf 90' lang='lat' dir='ltr'><em>tum</em></span> <span class='ocrx_word' id='word_1_149' title='bbox 782 1676 824 1706; x_wconf 89' lang='lat' dir='ltr'><em>ad</em></span> <span class='ocrx_word' id='word_1_150' title='bbox 843 1676 978 1707; x_wconf 87' lang='lat' dir='ltr'><em>Mithri-</em></span> 
     </span>
     <span class='ocr_line' id='line_1_27' title="bbox 282 1725 977 1767; baseline 0.001 -11"><span class='ocrx_word' id='word_1_151' title='bbox 282 1725 396 1756; x_wconf 87' lang='lat' dir='ltr'><em>datem</em></span> <span class='ocrx_word' id='word_1_152' title='bbox 431 1725 582 1766; x_wconf 85' lang='lat' dir='ltr'><em>fuerunt,</em></span> <span class='ocrx_word' id='word_1_153' title='bbox 619 1726 772 1757; x_wconf 85' lang='lat' dir='ltr'><em>Manium</em></span> <span class='ocrx_word' id='word_1_154' title='bbox 805 1725 977 1767; x_wconf 87' lang='lat' dir='ltr'><em>Aquilium</em></span> 
     </span>
     <span class='ocr_line' id='line_1_28' title="bbox 282 1775 537 1806; baseline 0.008 -2"><span class='ocrx_word' id='word_1_155' title='bbox 282 1779 392 1806; x_wconf 87' lang='lat' dir='ltr'><em>vocat.</em></span> <span class='ocrx_word' id='word_1_156' title='bbox 435 1775 537 1806; x_wconf 85' lang='lat' dir='ltr'><em>Vorst.</em></span> 
     </span>
    </p>

    <p class='ocr_par' dir='ltr' id='par_1_8' title="bbox 279 1825 977 2059">
     <span class='ocr_line' id='line_1_29' title="bbox 326 1825 974 1866; baseline 0.002 -10"><span class='ocrx_word' id='word_1_157' title='bbox 326 1826 343 1866; x_wconf 76' lang='lat'>§</span> <span class='ocrx_word' id='word_1_158' title='bbox 379 1828 399 1856; x_wconf 89' lang='grc'>6</span> <span class='ocrx_word' id='word_1_159' title='bbox 436 1825 632 1866; x_wconf 77' lang='lat' dir='ltr'><em>Intelligens]</em></span> <span class='ocrx_word' id='word_1_160' title='bbox 677 1825 773 1857; x_wconf 88' lang='lat' dir='ltr'><em>Junt.</em></span> <span class='ocrx_word' id='word_1_161' title='bbox 809 1826 974 1857; x_wconf 79' lang='lat' dir='ltr'><em>intellecto.</em></span> 
     </span>
     <span class='ocr_line' id='line_1_30' title="bbox 281 1874 977 1916; baseline 0.003 -10"><span class='ocrx_word' id='word_1_162' title='bbox 281 1875 434 1916; x_wconf 89' lang='lat' dir='ltr'>Optime.</span> <span class='ocrx_word' id='word_1_163' title='bbox 452 1875 544 1907; x_wconf 85' lang='lat' dir='ltr'><em>Nihil</em></span> <span class='ocrx_word' id='word_1_164' title='bbox 559 1874 769 1916; x_wconf 86' lang='lat' dir='ltr'><em>frequentius</em></span> <span class='ocrx_word' id='word_1_165' title='bbox 785 1876 913 1907; x_wconf 88' lang='lat' dir='ltr'><em>Nostro</em></span> <span class='ocrx_word' id='word_1_166' title='bbox 925 1882 977 1908; x_wconf 85' lang='lat' dir='ltr'><em>est</em></span> 
     </span>
     <span class='ocr_line' id='line_1_31' title="bbox 281 1925 976 1967; baseline 0.003 -11"><span class='ocrx_word' id='word_1_167' title='bbox 281 1926 344 1956; x_wconf 88' lang='lat' dir='ltr'><em>hac</em></span> <span class='ocrx_word' id='word_1_168' title='bbox 370 1926 500 1957; x_wconf 89' lang='lat' dir='ltr'><em>ratione</em></span> <span class='ocrx_word' id='word_1_169' title='bbox 521 1925 692 1967; x_wconf 88' lang='lat' dir='ltr'><em>loquendi.</em></span> <span class='ocrx_word' id='word_1_170' title='bbox 727 1927 833 1957; x_wconf 80' lang='lat' dir='ltr'><em>Groev.</em></span> <span class='ocrx_word' id='word_1_171' title='bbox 879 1927 976 1958; x_wconf 83' lang='lat' dir='ltr'><em>Junt.</em></span> 
     </span>
     <span class='ocr_line' id='line_1_32' title="bbox 279 1976 974 2017; baseline 0.001 -10"><span class='ocrx_word' id='word_1_172' title='bbox 279 1976 444 2015; x_wconf 79' lang='lat' dir='ltr'><em>intellecto,</em></span> <span class='ocrx_word' id='word_1_173' title='bbox 458 1976 546 2017; x_wconf 90' lang='lat' dir='ltr'><em>quod</em></span> <span class='ocrx_word' id='word_1_174' title='bbox 562 1976 762 2016; x_wconf 80' lang='lat' dir='ltr'><em>elegantius,</em></span> <span class='ocrx_word' id='word_1_175' title='bbox 777 1981 814 2007; x_wconf 91' lang='lat' dir='ltr'><em>et</em></span> <span class='ocrx_word' id='word_1_176' title='bbox 829 1977 934 2017; x_wconf 83' lang='lat' dir='ltr'><em>magis</em></span> <span class='ocrx_word' id='word_1_177' title='bbox 956 1987 974 2008; x_wconf 93' lang='lat' dir='ltr'><em>e</em></span> 
     </span>
     <span class='ocr_line' id='line_1_33' title="bbox 280 2026 811 2059; baseline 0.002 -2"><span class='ocrx_word' id='word_1_178' title='bbox 280 2026 522 2058; x_wconf 80' lang='lat' dir='ltr'><em>consuetudine</em></span> <span class='ocrx_word' id='word_1_179' title='bbox 537 2026 675 2059; x_wconf 86' lang='lat' dir='ltr'><em>Justini.</em></span> <span class='ocrx_word' id='word_1_180' title='bbox 702 2026 811 2058; x_wconf 78' lang='lat' dir='ltr'><em>Faber.</em></span> 
     </span>
    </p>
   </div>
   <div class='ocr_carea' id='block_1_7' title="bbox 272 2075 975 2117">
    <p class='ocr_par' dir='ltr' id='par_1_9' title="bbox 272 2075 975 2117">
     <span class='ocr_line' id='line_1_34' title="bbox 272 2075 975 2117; baseline 0.003 -11"><span class='ocrx_word' id='word_1_181' title='bbox 272 2105 274 2107; x_wconf 73' lang='grc'><strong>,</strong></span> <span class='ocrx_word' id='word_1_182' title='bbox 320 2075 372 2106; x_wconf 83' lang='lat' dir='ltr'><em>Ad</em></span> <span class='ocrx_word' id='word_1_183' title='bbox 386 2076 539 2116; x_wconf 84' lang='lat' dir='ltr'><em>Cimbros]</em></span> <span class='ocrx_word' id='word_1_184' title='bbox 564 2076 712 2107; x_wconf 81' lang='lat' dir='ltr'><em>Freinsli.</em></span> <span class='ocrx_word' id='word_1_185' title='bbox 725 2075 861 2116; x_wconf 86' lang='lat' dir='ltr'><em>legend.</em></span> <span class='ocrx_word' id='word_1_186' title='bbox 874 2080 975 2117; x_wconf 87' lang='lat' dir='ltr'><em>putat</em></span> 
     </span>
    </p>
   </div>
   <div class='ocr_carea' id='block_1_8' title="bbox 273 2125 973 2967">
    <p class='ocr_par' dir='ltr' id='par_1_10' title="bbox 275 2125 973 2457">
     <span class='ocr_line' id='line_1_35' title="bbox 281 2125 973 2164; baseline 0.003 -8"><span class='ocrx_word' id='word_1_187' title='bbox 281 2125 472 2164; x_wconf 84' lang='lat' dir='ltr'><em>Cimmerios,</em></span> <span class='ocrx_word' id='word_1_188' title='bbox 492 2136 535 2157; x_wconf 84' lang='lat' dir='ltr'><em>ex</em></span> <span class='ocrx_word' id='word_1_189' title='bbox 557 2134 714 2158; x_wconf 81' lang='lat' dir='ltr'><em>xxxvnr.</em></span> <span class='ocrx_word' id='word_1_190' title='bbox 735 2129 767 2157; x_wconf 91' lang='grc'><em>7.</em></span> <span class='ocrx_word' id='word_1_191' title='bbox 785 2129 836 2157; x_wconf 90' lang='grc'><em>10.</em></span> <span class='ocrx_word' id='word_1_192' title='bbox 884 2127 973 2158; x_wconf 86' lang='lat' dir='ltr'><em>Nam</em></span> 
     </span>
     <span class='ocr_line' id='line_1_36' title="bbox 280 2175 973 2216; baseline 0.004 -10"><span class='ocrx_word' id='word_1_193' title='bbox 280 2175 448 2216; x_wconf 92' lang='lat' dir='ltr'><em>quomodo</em></span> <span class='ocrx_word' id='word_1_194' title='bbox 469 2176 535 2207; x_wconf 90' lang='lat' dir='ltr'><em>huc</em></span> <span class='ocrx_word' id='word_1_195' title='bbox 559 2175 709 2207; x_wconf 84' lang='lat' dir='ltr'><em>Cimbri?</em></span> <span class='ocrx_word' id='word_1_196' title='bbox 738 2176 821 2207; x_wconf 88' lang='lat' dir='ltr'><em>licet</em></span> <span class='ocrx_word' id='word_1_197' title='bbox 845 2176 886 2208; x_wconf 86' lang='lat' dir='ltr'><em>ab</em></span> <span class='ocrx_word' id='word_1_198' title='bbox 908 2178 973 2209; x_wconf 86' lang='lat' dir='ltr'><em>illis</em></span> 
     </span>
     <span class='ocr_line' id='line_1_37' title="bbox 275 2225 970 2267; baseline 0.003 -11"><span class='ocrx_word' id='word_1_199' title='bbox 275 2230 385 2257; x_wconf 89' lang='lat' dir='ltr'><em>ortum</em></span> <span class='ocrx_word' id='word_1_200' title='bbox 419 2226 563 2257; x_wconf 82' lang='lat' dir='ltr'><em>traxisse</em></span> <span class='ocrx_word' id='word_1_201' title='bbox 593 2226 727 2267; x_wconf 89' lang='lat' dir='ltr'><em>quidam</em></span> <span class='ocrx_word' id='word_1_202' title='bbox 763 2225 970 2259; x_wconf 85' lang='lat' dir='ltr'><em>fabulentur.</em></span> 
     </span>
     <span class='ocr_line' id='line_1_38' title="bbox 278 2275 971 2317; baseline 0.006 -11"><span class='ocrx_word' id='word_1_203' title='bbox 278 2275 348 2307; x_wconf 89' lang='lat' dir='ltr'><em>Pro</em></span> <span class='ocrx_word' id='word_1_204' title='bbox 364 2276 505 2307; x_wconf 80' lang='lat' dir='ltr'><em>Cimbros</em></span> <span class='ocrx_word' id='word_1_205' title='bbox 522 2276 608 2317; x_wconf 87' lang='lat' dir='ltr'><em>legit</em></span> <span class='ocrx_word' id='word_1_206' title='bbox 627 2276 732 2307; x_wconf 79' lang='lat' dir='ltr'><em>Iberos</em></span> <span class='ocrx_word' id='word_1_207' title='bbox 753 2277 808 2309; x_wconf 85' lang='lat' dir='ltr'><em>Jo.</em></span> <span class='ocrx_word' id='word_1_208' title='bbox 841 2278 971 2310; x_wconf 87' lang='lat' dir='ltr'><em>Isacius</em></span> 
     </span>
     <span class='ocr_line' id='line_1_39' title="bbox 277 2326 972 2369; baseline 0.006 -13"><span class='ocrx_word' id='word_1_209' title='bbox 277 2326 462 2357; x_wconf 89' lang='lat' dir='ltr'><em>Pontanus.</em></span> <span class='ocrx_word' id='word_1_210' title='bbox 495 2326 574 2357; x_wconf 91' lang='lat' dir='ltr'><em>Vid.</em></span> <span class='ocrx_word' id='word_1_211' title='bbox 591 2326 633 2357; x_wconf 92' lang='lat' dir='ltr'><em>de</em></span> <span class='ocrx_word' id='word_1_212' title='bbox 654 2327 721 2358; x_wconf 88' lang='lat' dir='ltr'><em>situ</em></span> <span class='ocrx_word' id='word_1_213' title='bbox 736 2327 853 2359; x_wconf 83' lang='lat' dir='ltr'><em>harum</em></span> <span class='ocrx_word' id='word_1_214' title='bbox 865 2329 972 2369; x_wconf 78' lang='lat' dir='ltr'><em>regio-</em></span> 
     </span>
     <span class='ocr_line' id='line_1_40' title="bbox 276 2376 970 2420; baseline 0.007 -14"><span class='ocrx_word' id='word_1_215' title='bbox 276 2385 355 2406; x_wconf 90' lang='lat' dir='ltr'><em>num</em></span> <span class='ocrx_word' id='word_1_216' title='bbox 386 2376 577 2407; x_wconf 84' lang='lat' dir='ltr'><em>Marcellin.</em></span> <span class='ocrx_word' id='word_1_217' title='bbox 602 2385 694 2407; x_wconf 79' lang='lat' dir='ltr'><em>xxii.</em></span> <span class='ocrx_word' id='word_1_218' title='bbox 720 2379 772 2409; x_wconf 90' lang='grc'><em>11.</em></span> <span class='ocrx_word' id='word_1_219' title='bbox 809 2383 844 2409; x_wconf 89' lang='lat' dir='ltr'><em>et</em></span> <span class='ocrx_word' id='word_1_220' title='bbox 876 2389 970 2420; x_wconf 84' lang='lat' dir='ltr'>seqq.</span> 
     </span>
     <span class='ocr_line' id='line_1_41' title="bbox 278 2426 377 2457; baseline -0.01 0"><span class='ocrx_word' id='word_1_221' title='bbox 278 2426 377 2457; x_wconf 81' lang='lat' dir='ltr'><em>Ber-n.</em></span> 
     </span>
    </p>

    <p class='ocr_par' dir='ltr' id='par_1_11' title="bbox 279 2475 969 2560">
     <span class='ocr_line' id='line_1_42' title="bbox 320 2475 969 2518; baseline 0.008 -13"><span class='ocrx_word' id='word_1_222' title='bbox 320 2476 366 2515; x_wconf 70' lang='lat'><em>§7</em></span> <span class='ocrx_word' id='word_1_223' title='bbox 379 2476 560 2516; x_wconf 80' lang='lat' dir='ltr'><em>Romanum,</em></span> <span class='ocrx_word' id='word_1_224' title='bbox 570 2475 636 2516; x_wconf 69' lang='lat'><em>850]</em></span> <span class='ocrx_word' id='word_1_225' title='bbox 659 2477 748 2508; x_wconf 82' lang='lat' dir='ltr'><em>Saxo</em></span> <span class='ocrx_word' id='word_1_226' title='bbox 762 2486 839 2509; x_wconf 78' lang='lat' dir='ltr'><em>xiv.</em></span> <span class='ocrx_word' id='word_1_227' title='bbox 853 2481 969 2518; x_wconf 73' lang='lat' dir='ltr'><em>p.·264.</em></span> 
     </span>
     <span class='ocr_line' id='line_1_43' title="bbox 279 2526 871 2560; baseline 0.005 -4"><span class='ocrx_word' id='word_1_228' title='bbox 279 2528 330 2557; x_wconf 83' lang='grc'><em>14.</em></span> <span class='ocrx_word' id='word_1_229' title='bbox 357 2527 366 2542; x_wconf 92' lang='lat'><strong>‘</strong></span> <span class='ocrx_word' id='word_1_230' title='bbox 380 2526 491 2557; x_wconf 86' lang='lat' dir='ltr'><em>Sueno</em></span> <span class='ocrx_word' id='word_1_231' title='bbox 507 2527 641 2558; x_wconf 76' lang='lat' dir='ltr'><em>Suetica</em></span> <span class='ocrx_word' id='word_1_232' title='bbox 655 2528 742 2558; x_wconf 88' lang='lat' dir='ltr'><em>med.</em></span> <span class='ocrx_word' id='word_1_233' title='bbox 757 2528 871 2560; x_wconf 65' lang='lat' dir='ltr'><em>bella?</em></span> 
     </span>
    </p>

    <p class='ocr_par' dir='ltr' id='par_1_12' title="bbox 276 2576 967 2768">
     <span class='ocr_line' id='line_1_44' title="bbox 320 2576 967 2617; baseline 0.008 -12"><span class='ocrx_word' id='word_1_234' title='bbox 320 2577 339 2616; x_wconf 57' lang='grc' dir='ltr'><strong>ξ</strong></span> <span class='ocrx_word' id='word_1_235' title='bbox 361 2578 380 2606; x_wconf 90' lang='grc'>8</span> <span class='ocrx_word' id='word_1_236' title='bbox 410 2576 482 2606; x_wconf 87' lang='lat' dir='ltr'><em>Non</em></span> <span class='ocrx_word' id='word_1_237' title='bbox 497 2587 619 2616; x_wconf 82' lang='lat' dir='ltr'><em>magno,</em></span> <span class='ocrx_word' id='word_1_238' title='bbox 632 2577 702 2617; x_wconf 59' lang='lat' dir='ltr'><em>Sym]</em></span> <span class='ocrx_word' id='word_1_239' title='bbox 738 2578 814 2610; x_wconf 85' lang='lat' dir='ltr'><em>Qua</em></span> <span class='ocrx_word' id='word_1_240' title='bbox 836 2579 967 2610; x_wconf 86' lang='lat' dir='ltr'><em>ratione</em></span> 
     </span>
     <span class='ocr_line' id='line_1_45' title="bbox 278 2625 967 2667; baseline 0.003 -10"><span class='ocrx_word' id='word_1_241' title='bbox 278 2625 494 2657; x_wconf 78' lang='lat' dir='ltr'><em>Mithridates</em></span> <span class='ocrx_word' id='word_1_242' title='bbox 515 2625 687 2667; x_wconf 88' lang='lat' dir='ltr'><em>Aquilium</em></span> <span class='ocrx_word' id='word_1_243' title='bbox 713 2631 747 2658; x_wconf 89' lang='lat' dir='ltr'><em>et</em></span> <span class='ocrx_word' id='word_1_244' title='bbox 765 2628 799 2659; x_wconf 88' lang='lat' dir='ltr'><em>C.</em></span> <span class='ocrx_word' id='word_1_245' title='bbox 816 2628 967 2659; x_wconf 89' lang='lat' dir='ltr'><em>Cassium</em></span> 
     </span>
     <span class='ocr_line' id='line_1_46' title="bbox 278 2675 964 2718; baseline 0.001 -11"><span class='ocrx_word' id='word_1_246' title='bbox 278 2675 450 2707; x_wconf 88' lang='lat' dir='ltr'><em>Romanos</em></span> <span class='ocrx_word' id='word_1_247' title='bbox 463 2676 564 2708; x_wconf 88' lang='lat' dir='ltr'><em>duces</em></span> <span class='ocrx_word' id='word_1_248' title='bbox 584 2677 720 2716; x_wconf 90' lang='lat' dir='ltr'><em>vicerit,</em></span> <span class='ocrx_word' id='word_1_249' title='bbox 734 2677 801 2718; x_wconf 87' lang='lat' dir='ltr'><em>leg.</em></span> <span class='ocrx_word' id='word_1_250' title='bbox 817 2676 964 2718; x_wconf 90' lang='lat' dir='ltr'><em>Appian.</em></span> 
     </span>
     <span class='ocr_line' id='line_1_47' title="bbox 276 2726 816 2768; baseline 0.002 -11"><span class='ocrx_word' id='word_1_251' title='bbox 276 2726 393 2757; x_wconf 88' lang='lat' dir='ltr'><em>Mithr.</em></span> <span class='ocrx_word' id='word_1_252' title='bbox 409 2736 440 2766; x_wconf 91' lang='lat' dir='ltr'><em>p.</em></span> <span class='ocrx_word' id='word_1_253' title='bbox 455 2729 527 2758; x_wconf 89' lang='grc'><strong>181.</strong></span> <span class='ocrx_word' id='word_1_254' title='bbox 540 2731 574 2758; x_wconf 90' lang='lat' dir='ltr'><em>et</em></span> <span class='ocrx_word' id='word_1_255' title='bbox 589 2736 684 2768; x_wconf 85' lang='lat' dir='ltr'><em>seqq.</em></span> <span class='ocrx_word' id='word_1_256' title='bbox 711 2728 816 2767; x_wconf 84' lang='lat' dir='ltr'><em>Bong.</em></span> 
     </span>
    </p>

    <p class='ocr_par' dir='ltr' id='par_1_13' title="bbox 273 2775 966 2967">
     <span class='ocr_line' id='line_1_48' title="bbox 319 2775 965 2818; baseline 0.005 -12"><span class='ocrx_word' id='word_1_257' title='bbox 319 2777 336 2816; x_wconf 56' lang='grc' dir='ltr'><strong><em>ξ</em></strong></span> <span class='ocrx_word' id='word_1_258' title='bbox 348 2778 368 2806; x_wconf 85' lang='grc'><strong>9</strong></span> <span class='ocrx_word' id='word_1_259' title='bbox 385 2775 580 2808; x_wconf 78' lang='lat' dir='ltr'><em>Vacationem</em></span> <span class='ocrx_word' id='word_1_260' title='bbox 587 2777 800 2818; x_wconf 81' lang='lat' dir='ltr'><em>quinquennii]</em></span> <span class='ocrx_word' id='word_1_261' title='bbox 814 2777 868 2808; x_wconf 90' lang='lat' dir='ltr'><em>Ita</em></span> <span class='ocrx_word' id='word_1_262' title='bbox 880 2778 965 2818; x_wconf 89' lang='lat' dir='ltr'><em>Cap-</em></span> 
     </span>
     <span class='ocr_line' id='line_1_49' title="bbox 276 2824 966 2867; baseline 0.004 -13"><span class='ocrx_word' id='word_1_263' title='bbox 276 2824 460 2864; x_wconf 88' lang='lat' dir='ltr'><em>padocibus</em></span> <span class='ocrx_word' id='word_1_264' title='bbox 483 2825 516 2856; x_wconf 88' lang='lat' dir='ltr'><em>in</em></span> <span class='ocrx_word' id='word_1_265' title='bbox 541 2825 683 2857; x_wconf 88' lang='lat' dir='ltr'><em>formam</em></span> <span class='ocrx_word' id='word_1_266' title='bbox 708 2827 891 2867; x_wconf 85' lang='lat' dir='ltr'><em>provinciae</em></span> <span class='ocrx_word' id='word_1_267' title='bbox 915 2836 966 2857; x_wconf 91' lang='lat' dir='ltr'><em>re·</em></span> 
     </span>
     <span class='ocr_line' id='line_1_50' title="bbox 274 2873 966 2917; baseline 0.007 -14"><span class='ocrx_word' id='word_1_268' title='bbox 274 2873 383 2904; x_wconf 88' lang='lat' dir='ltr'><em>dactis</em></span> <span class='ocrx_word' id='word_1_269' title='bbox 398 2884 417 2904; x_wconf 89' lang='lat' dir='ltr'><em>a</em></span> <span class='ocrx_word' id='word_1_270' title='bbox 432 2875 603 2916; x_wconf 81' lang='lat' dir='ltr'><em>Romanis,</em></span> <span class='ocrx_word' id='word_1_271' title='bbox 626 2877 635 2893; x_wconf 85' lang='lat'>‘</span> <span class='ocrx_word' id='word_1_272' title='bbox 647 2877 800 2917; x_wconf 85' lang='lat' dir='ltr'><em>quaedam</em></span> <span class='ocrx_word' id='word_1_273' title='bbox 813 2887 854 2908; x_wconf 83' lang='lat' dir='ltr'><em>ex</em></span> <span class='ocrx_word' id='word_1_274' title='bbox 865 2878 966 2917; x_wconf 82' lang='lat' dir='ltr'><em>regiis</em></span> 
     </span>
     <span class='ocr_line' id='line_1_51' title="bbox 273 2923 966 2967; baseline 0.006 -13"><span class='ocrx_word' id='word_1_275' title='bbox 273 2923 407 2955; x_wconf 86' lang='lat' dir='ltr'><em>tributis</em></span> <span class='ocrx_word' id='word_1_276' title='bbox 423 2923 608 2964; x_wconf 87' lang='lat' dir='ltr'><em>deminuta,</em></span> <span class='ocrx_word' id='word_1_277' title='bbox 629 2935 693 2967; x_wconf 89' lang='lat' dir='ltr'><em>quo</em></span> <span class='ocrx_word' id='word_1_278' title='bbox 714 2926 829 2958; x_wconf 90' lang='lat' dir='ltr'><em>mitius</em></span> <span class='ocrx_word' id='word_1_279' title='bbox 846 2927 966 2958; x_wconf 87' lang='lat' dir='ltr'><em>Roma-</em></span> 
     </span>
    </p>
   </div>
   <div class='ocr_carea' id='block_1_9' title="bbox 1013 466 1735 2968">
    <p class='ocr_par' dir='ltr' id='par_1_14' title="bbox 1033 466 1735 910">
     <span class='ocr_line' id='line_1_52' title="bbox 1036 466 1735 511; baseline -0.006 -9"><span class='ocrx_word' id='word_1_280' title='bbox 1036 480 1115 502; x_wconf 87' lang='lat' dir='ltr'><em>num</em></span> <span class='ocrx_word' id='word_1_281' title='bbox 1139 470 1315 511; x_wconf 86' lang='lat' dir='ltr'><em>imperium</em></span> <span class='ocrx_word' id='word_1_282' title='bbox 1339 471 1534 510; x_wconf 85' lang='lat' dir='ltr'><em>speraretur</em></span> <span class='ocrx_word' id='word_1_283' title='bbox 1551 466 1572 498; x_wconf 88' lang='lat'><em>:&#39;</em></span> <span class='ocrx_word' id='word_1_284' title='bbox 1603 468 1735 499; x_wconf 80' lang='lat' dir='ltr'><em>Tac.11.</em></span> 
     </span>
     <span class='ocr_line' id='line_1_53' title="bbox 1035 515 1735 552; baseline -0.001 -1"><span class='ocrx_word' id='word_1_285' title='bbox 1035 524 1088 552; x_wconf 88' lang='grc'><em>56.</em></span> <span class='ocrx_word' id='word_1_286' title='bbox 1149 515 1204 551; x_wconf 85' lang='lat' dir='ltr'><em>De</em></span> <span class='ocrx_word' id='word_1_287' title='bbox 1234 519 1480 551; x_wconf 86' lang='lat' dir='ltr'><em>Macedonibus</em></span> <span class='ocrx_word' id='word_1_288' title='bbox 1508 518 1630 549; x_wconf 85' lang='lat' dir='ltr'><em>similia</em></span> <span class='ocrx_word' id='word_1_289' title='bbox 1663 519 1735 550; x_wconf 90' lang='lat' dir='ltr'><em>Liv.</em></span> 
     </span>
     <span class='ocr_line' id='line_1_54' title="bbox 1036 569 1734 602; baseline -0.003 0"><span class='ocrx_word' id='word_1_290' title='bbox 1036 579 1119 602; x_wconf 84' lang='lat' dir='ltr'><em>va.</em></span> <span class='ocrx_word' id='word_1_291' title='bbox 1152 573 1202 602; x_wconf 83' lang='lat'><em>18.</em></span> <span class='ocrx_word' id='word_1_292' title='bbox 1248 570 1341 602; x_wconf 84' lang='lat' dir='ltr'><em>Add.</em></span> <span class='ocrx_word' id='word_1_293' title='bbox 1364 571 1418 601; x_wconf 90' lang='lat' dir='ltr'><em>Sc.</em></span> <span class='ocrx_word' id='word_1_294' title='bbox 1444 569 1586 601; x_wconf 86' lang='lat' dir='ltr'><em>Amirat.</em></span> <span class='ocrx_word' id='word_1_295' title='bbox 1614 579 1678 600; x_wconf 82' lang='lat' dir='ltr'><em>xx.</em></span> <span class='ocrx_word' id='word_1_296' title='bbox 1702 573 1734 600; x_wconf 90' lang='grc'><em>7.</em></span> 
     </span>
     <span class='ocr_line' id='line_1_55' title="bbox 1036 620 1734 660; baseline -0.001 -9"><span class='ocrx_word' id='word_1_297' title='bbox 1036 621 1218 651; x_wconf 72' lang='lat' dir='ltr'><em>Bemeccer.</em></span> <span class='ocrx_word' id='word_1_298' title='bbox 1264 620 1486 660; x_wconf 85' lang='lat' dir='ltr'><em>Antiquiores</em></span> <span class='ocrx_word' id='word_1_299' title='bbox 1518 620 1608 660; x_wconf 73' lang='lat' dir='ltr'><em>typis</em></span> <span class='ocrx_word' id='word_1_300' title='bbox 1636 629 1734 660; x_wconf 84' lang='lat' dir='ltr'><em>expr.</em></span> 
     </span>
     <span class='ocr_line' id='line_1_56' title="bbox 1033 670 1734 710; baseline 0 -10"><span class='ocrx_word' id='word_1_301' title='bbox 1033 670 1262 710; x_wconf 80' lang='lat' dir='ltr'><em>quiuque11nio;</em></span> <span class='ocrx_word' id='word_1_302' title='bbox 1286 673 1335 708; x_wconf 90' lang='lat' dir='ltr'><em>ut,</em></span> <span class='ocrx_word' id='word_1_303' title='bbox 1359 674 1520 710; x_wconf 86' lang='lat' dir='ltr'><em>quantum</em></span> <span class='ocrx_word' id='word_1_304' title='bbox 1543 670 1575 699; x_wconf 92' lang='lat' dir='ltr'><em>in</em></span> <span class='ocrx_word' id='word_1_305' title='bbox 1600 674 1734 709; x_wconf 81' lang='lat' dir='ltr'><em>tempus</em></span> 
     </span>
     <span class='ocr_line' id='line_1_57' title="bbox 1035 717 1734 755; baseline 0.001 -6"><span class='ocrx_word' id='word_1_306' title='bbox 1035 729 1198 749; x_wconf 79' lang='lat' dir='ltr'><em>concessa</em></span> <span class='ocrx_word' id='word_1_307' title='bbox 1226 719 1361 750; x_wconf 84' lang='lat' dir='ltr'><em>vacatio</em></span> <span class='ocrx_word' id='word_1_308' title='bbox 1388 717 1504 755; x_wconf 86' lang='lat' dir='ltr'><em>fuerit,</em></span> <span class='ocrx_word' id='word_1_309' title='bbox 1532 728 1611 749; x_wconf 79' lang='lat' dir='ltr'><em>casu</em></span> <span class='ocrx_word' id='word_1_310' title='bbox 1635 725 1734 750; x_wconf 79' lang='lat' dir='ltr'><em>sexto</em></span> 
     </span>
     <span class='ocr_line' id='line_1_58' title="bbox 1033 768 1733 810; baseline -0.001 -11"><span class='ocrx_word' id='word_1_311' title='bbox 1033 774 1190 800; x_wconf 84' lang='lat' dir='ltr'><em>notetur:</em></span> <span class='ocrx_word' id='word_1_312' title='bbox 1226 769 1260 799; x_wconf 88' lang='lat' dir='ltr'><em>id</em></span> <span class='ocrx_word' id='word_1_313' title='bbox 1287 768 1377 810; x_wconf 90' lang='lat' dir='ltr'><em>quod</em></span> <span class='ocrx_word' id='word_1_314' title='bbox 1399 778 1480 799; x_wconf 85' lang='lat' dir='ltr'><em>sane</em></span> <span class='ocrx_word' id='word_1_315' title='bbox 1502 777 1565 799; x_wconf 89' lang='lat' dir='ltr'><em>nec</em></span> <span class='ocrx_word' id='word_1_316' title='bbox 1588 769 1733 799; x_wconf 87' lang='lat' dir='ltr'><em>insolens</em></span> 
     </span>
     <span class='ocr_line' id='line_1_59' title="bbox 1034 818 1734 859; baseline 0.001 -10"><span class='ocrx_word' id='word_1_317' title='bbox 1034 822 1096 850; x_wconf 89' lang='lat' dir='ltr'><em>est.</em></span> <span class='ocrx_word' id='word_1_318' title='bbox 1141 819 1223 859; x_wconf 89' lang='lat' dir='ltr'><em>Sup.</em></span> <span class='ocrx_word' id='word_1_319' title='bbox 1238 828 1261 850; x_wconf 95' lang='lat'><em>1.</em></span> <span class='ocrx_word' id='word_1_320' title='bbox 1277 822 1308 850; x_wconf 88' lang='lat'><em>9.</em></span> <span class='ocrx_word' id='word_1_321' title='bbox 1335 819 1344 835; x_wconf 89' lang='lat'>‘</span> <span class='ocrx_word' id='word_1_322' title='bbox 1362 818 1495 849; x_wconf 72' lang='lat' dir='ltr'><em>Militiae</em></span> <span class='ocrx_word' id='word_1_323' title='bbox 1518 819 1734 850; x_wconf 86' lang='lat' dir='ltr'><em>vacationem</em></span> 
     </span>
     <span class='ocr_line' id='line_1_60' title="bbox 1033 867 1647 910; baseline 0 -10"><span class='ocrx_word' id='word_1_324' title='bbox 1033 869 1068 900; x_wconf 89' lang='lat' dir='ltr'><em>in</em></span> <span class='ocrx_word' id='word_1_325' title='bbox 1085 869 1263 900; x_wconf 82' lang='lat' dir='ltr'><em>trienninm</em></span> <span class='ocrx_word' id='word_1_326' title='bbox 1281 867 1511 910; x_wconf 87' lang='lat' dir='ltr'><em>permittunt.&#39;</em></span> <span class='ocrx_word' id='word_1_327' title='bbox 1545 869 1647 900; x_wconf 82' lang='lat' dir='ltr'><em>Vorst.</em></span> 
     </span>
    </p>

    <p class='ocr_par' dir='ltr' id='par_1_15' title="bbox 1019 918 1734 2568">
     <span class='ocr_line' id='line_1_61' title="bbox 1078 918 1734 959; baseline 0.002 -10"><span class='ocrx_word' id='word_1_328' title='bbox 1078 920 1094 959; x_wconf 56' lang='grc' dir='ltr'><strong>ξ</strong></span> <span class='ocrx_word' id='word_1_329' title='bbox 1109 922 1146 950; x_wconf 92' lang='grc'><em>11</em></span> <span class='ocrx_word' id='word_1_330' title='bbox 1176 920 1265 955; x_wconf 80' lang='lat' dir='ltr'><em>Quod</em></span> <span class='ocrx_word' id='word_1_331' title='bbox 1279 919 1434 950; x_wconf 81' lang='lat' dir='ltr'><em>conciones</em></span> <span class='ocrx_word' id='word_1_332' title='bbox 1447 918 1594 959; x_wconf 80' lang='lat' dir='ltr'><em>directas]</em></span> <span class='ocrx_word' id='word_1_333' title='bbox 1625 919 1678 950; x_wconf 86' lang='lat' dir='ltr'><em>De</em></span> <span class='ocrx_word' id='word_1_334' title='bbox 1695 919 1734 950; x_wconf 83' lang='lat' dir='ltr'><em>iis</em></span> 
     </span>
     <span class='ocr_line' id='line_1_62' title="bbox 1035 969 1733 1011; baseline -0.001 -10"><span class='ocrx_word' id='word_1_335' title='bbox 1035 970 1092 1011; x_wconf 86' lang='lat' dir='ltr'><em>qui</em></span> <span class='ocrx_word' id='word_1_336' title='bbox 1109 969 1288 1010; x_wconf 78' lang='grc' dir='ltr'>ὑπερμήκεις</span> <span class='ocrx_word' id='word_1_337' title='bbox 1302 969 1486 1010; x_wconf 73' lang='grc' dir='ltr'>δημηγορίας</span> <span class='ocrx_word' id='word_1_338' title='bbox 1506 970 1657 1001; x_wconf 78' lang='lat' dir='ltr'><em>historiae</em></span> <span class='ocrx_word' id='word_1_339' title='bbox 1683 971 1733 1000; x_wconf 86' lang='lat' dir='ltr'><em>in-</em></span> 
     </span>
     <span class='ocr_line' id='line_1_63' title="bbox 1033 1020 1732 1059; baseline 0 -8"><span class='ocrx_word' id='word_1_340' title='bbox 1033 1025 1161 1059; x_wconf 85' lang='lat' dir='ltr'><em>serunt,</em></span> <span class='ocrx_word' id='word_1_341' title='bbox 1190 1025 1226 1052; x_wconf 90' lang='lat' dir='ltr'><em>et</em></span> <span class='ocrx_word' id='word_1_342' title='bbox 1257 1021 1304 1052; x_wconf 89' lang='lat' dir='ltr'><em>ita</em></span> <span class='ocrx_word' id='word_1_343' title='bbox 1333 1021 1504 1051; x_wconf 86' lang='lat' dir='ltr'><em>historiam</em></span> <span class='ocrx_word' id='word_1_344' title='bbox 1531 1020 1732 1051; x_wconf 87' lang='lat' dir='ltr'><em>concionum</em></span> 
     </span>
     <span class='ocr_line' id='line_1_64' title="bbox 1032 1064 1734 1111; baseline 0 -11"><span class='ocrx_word' id='word_1_345' title='bbox 1032 1069 1204 1111; x_wconf 82' lang='grc' dir='ltr'>προσθήκην</span> <span class='ocrx_word' id='word_1_346' title='bbox 1218 1070 1360 1110; x_wconf 90' lang='lat' dir='ltr'><em>faciunt,</em></span> <span class='ocrx_word' id='word_1_347' title='bbox 1373 1064 1440 1100; x_wconf 86' lang='lat' dir='ltr'><em>vid&#39;.</em></span> <span class='ocrx_word' id='word_1_348' title='bbox 1465 1069 1539 1101; x_wconf 79' lang='lat' dir='ltr'><em>init.</em></span> <span class='ocrx_word' id='word_1_349' title='bbox 1554 1078 1616 1101; x_wconf 81' lang='lat' dir='ltr'><em>xx.</em></span> <span class='ocrx_word' id='word_1_350' title='bbox 1650 1070 1734 1101; x_wconf 90' lang='lat' dir='ltr'><em>Dio-</em></span> 
     </span>
     <span class='ocr_line' id='line_1_65' title="bbox 1033 1119 1734 1160; baseline 0.001 -10"><span class='ocrx_word' id='word_1_351' title='bbox 1033 1120 1117 1152; x_wconf 81' lang='lat' dir='ltr'><em>dori.</em></span> <span class='ocrx_word' id='word_1_352' title='bbox 1152 1121 1310 1160; x_wconf 80' lang='lat' dir='ltr'><em>Bongars.</em></span> <span class='ocrx_word' id='word_1_353' title='bbox 1367 1119 1467 1152; x_wconf 84' lang='lat' dir='ltr'><em>Quod</em></span> <span class='ocrx_word' id='word_1_354' title='bbox 1494 1120 1568 1151; x_wconf 89' lang='lat' dir='ltr'><em>Liv.</em></span> <span class='ocrx_word' id='word_1_355' title='bbox 1592 1120 1673 1151; x_wconf 91' lang='lat' dir='ltr'><em>Sall.</em></span> <span class='ocrx_word' id='word_1_356' title='bbox 1697 1126 1734 1151; x_wconf 81' lang='lat' dir='ltr'><em>et</em></span> 
     </span>
     <span class='ocr_line' id='line_1_66' title="bbox 1033 1169 1734 1210; baseline 0 -10"><span class='ocrx_word' id='word_1_357' title='bbox 1033 1171 1088 1200; x_wconf 89' lang='lat' dir='ltr'><em>alii</em></span> <span class='ocrx_word' id='word_1_358' title='bbox 1104 1170 1258 1201; x_wconf 84' lang='lat' dir='ltr'><em>oratione</em></span> <span class='ocrx_word' id='word_1_359' title='bbox 1275 1169 1408 1201; x_wconf 89' lang='lat' dir='ltr'><em>directa</em></span> <span class='ocrx_word' id='word_1_360' title='bbox 1429 1169 1482 1200; x_wconf 88' lang='lat' dir='ltr'><em>usi</em></span> <span class='ocrx_word' id='word_1_361' title='bbox 1498 1173 1588 1210; x_wconf 89' lang='lat' dir='ltr'><em>sunt,</em></span> <span class='ocrx_word' id='word_1_362' title='bbox 1614 1170 1647 1201; x_wconf 90' lang='lat' dir='ltr'><em>id</em></span> <span class='ocrx_word' id='word_1_363' title='bbox 1671 1171 1734 1201; x_wconf 88' lang='lat' dir='ltr'><em>mi-</em></span> 
     </span>
     <span class='ocr_line' id='line_1_67' title="bbox 1032 1219 1733 1260; baseline 0.001 -11"><span class='ocrx_word' id='word_1_364' title='bbox 1032 1220 1120 1250; x_wconf 87' lang='lat' dir='ltr'><em>nime</em></span> <span class='ocrx_word' id='word_1_365' title='bbox 1148 1219 1476 1260; x_wconf 81' lang='lat' dir='ltr'><em>reprehendendum.</em></span> <span class='ocrx_word' id='word_1_366' title='bbox 1531 1219 1577 1249; x_wconf 92' lang='lat' dir='ltr'><em>Et</em></span> <span class='ocrx_word' id='word_1_367' title='bbox 1596 1220 1733 1250; x_wconf 86' lang='lat' dir='ltr'><em>concin-</em></span> 
     </span>
     <span class='ocr_line' id='line_1_68' title="bbox 1032 1268 1733 1309; baseline 0 -10"><span class='ocrx_word' id='word_1_368' title='bbox 1032 1270 1106 1299; x_wconf 88' lang='lat' dir='ltr'><em>nius</em></span> <span class='ocrx_word' id='word_1_369' title='bbox 1121 1268 1261 1300; x_wconf 86' lang='lat' dir='ltr'><em>fecisset</em></span> <span class='ocrx_word' id='word_1_370' title='bbox 1274 1269 1412 1307; x_wconf 88' lang='lat' dir='ltr'><em>Noster,</em></span> <span class='ocrx_word' id='word_1_371' title='bbox 1429 1269 1456 1299; x_wconf 91' lang='lat' dir='ltr'><em>si</em></span> <span class='ocrx_word' id='word_1_372' title='bbox 1472 1272 1507 1299; x_wconf 88' lang='lat' dir='ltr'><em>et</em></span> <span class='ocrx_word' id='word_1_373' title='bbox 1521 1268 1596 1309; x_wconf 87' lang='lat' dir='ltr'><em>ipse</em></span> <span class='ocrx_word' id='word_1_374' title='bbox 1612 1270 1733 1300; x_wconf 88' lang='lat' dir='ltr'><em>oratio-</em></span> 
     </span>
     <span class='ocr_line' id='line_1_69' title="bbox 1032 1319 1732 1359; baseline 0 -9"><span class='ocrx_word' id='word_1_375' title='bbox 1032 1329 1106 1350; x_wconf 87' lang='lat' dir='ltr'><em>nem</em></span> <span class='ocrx_word' id='word_1_376' title='bbox 1134 1319 1299 1350; x_wconf 82' lang='lat' dir='ltr'><em>directam</em></span> <span class='ocrx_word' id='word_1_377' title='bbox 1323 1323 1533 1359; x_wconf 84' lang='lat' dir='ltr'><em>usurpasset,</em></span> <span class='ocrx_word' id='word_1_378' title='bbox 1558 1329 1633 1350; x_wconf 88' lang='lat' dir='ltr'><em>cum</em></span> <span class='ocrx_word' id='word_1_379' title='bbox 1660 1324 1732 1350; x_wconf 90' lang='lat' dir='ltr'><em>tam</em></span> 
     </span>
     <span class='ocr_line' id='line_1_70' title="bbox 1031 1368 1731 1410; baseline 0 -10"><span class='ocrx_word' id='word_1_380' title='bbox 1031 1370 1165 1410; x_wconf 87' lang='lat' dir='ltr'><em>longam</em></span> <span class='ocrx_word' id='word_1_381' title='bbox 1188 1368 1335 1400; x_wconf 89' lang='lat' dir='ltr'><em>formare</em></span> <span class='ocrx_word' id='word_1_382' title='bbox 1364 1370 1477 1400; x_wconf 89' lang='lat' dir='ltr'><em>vellet.</em></span> <span class='ocrx_word' id='word_1_383' title='bbox 1522 1369 1645 1400; x_wconf 88' lang='lat' dir='ltr'><em>Placet</em></span> <span class='ocrx_word' id='word_1_384' title='bbox 1667 1370 1731 1400; x_wconf 88' lang='lat' dir='ltr'><em>hac</em></span> 
     </span>
     <span class='ocr_line' id='line_1_71' title="bbox 1031 1419 1731 1461; baseline 0 -11"><span class='ocrx_word' id='word_1_385' title='bbox 1031 1429 1133 1460; x_wconf 89' lang='lat' dir='ltr'><em>super</em></span> <span class='ocrx_word' id='word_1_386' title='bbox 1156 1419 1366 1459; x_wconf 89' lang='lat' dir='ltr'><em>rejudicium</em></span> <span class='ocrx_word' id='word_1_387' title='bbox 1384 1419 1620 1458; x_wconf 72' lang='lat' dir='ltr'><em>Foeinshemii,</em></span> <span class='ocrx_word' id='word_1_388' title='bbox 1640 1420 1731 1461; x_wconf 87' lang='lat' dir='ltr'><em>quod</em></span> 
     </span>
     <span class='ocr_line' id='line_1_72' title="bbox 1031 1470 1728 1510; baseline -0.001 -9"><span class='ocrx_word' id='word_1_389' title='bbox 1031 1471 1059 1501; x_wconf 94' lang='lat' dir='ltr'><em>is</em></span> <span class='ocrx_word' id='word_1_390' title='bbox 1089 1471 1131 1501; x_wconf 89' lang='lat' dir='ltr'><em>ad</em></span> <span class='ocrx_word' id='word_1_391' title='bbox 1157 1471 1253 1502; x_wconf 87' lang='lat' dir='ltr'><em>Curt.</em></span> <span class='ocrx_word' id='word_1_392' title='bbox 1280 1479 1338 1500; x_wconf 86' lang='lat'><em>111.</em></span> <span class='ocrx_word' id='word_1_393' title='bbox 1362 1473 1393 1501; x_wconf 85' lang='lat'><em>2.</em></span> <span class='ocrx_word' id='word_1_394' title='bbox 1411 1473 1461 1500; x_wconf 95' lang='grc'><em>11.</em></span> <span class='ocrx_word' id='word_1_395' title='bbox 1496 1470 1655 1510; x_wconf 78' lang='lat' dir='ltr'><em>exposuit</em></span> <span class='ocrx_word' id='word_1_396' title='bbox 1676 1470 1728 1501; x_wconf 86' lang='lat' dir='ltr'><em>bis</em></span> 
     </span>
     <span class='ocr_line' id='line_1_73' title="bbox 1031 1520 1730 1560; baseline 0.001 -10"><span class='ocrx_word' id='word_1_397' title='bbox 1031 1520 1165 1551; x_wconf 87' lang='lat' dir='ltr'><em>verbis:</em></span> <span class='ocrx_word' id='word_1_398' title='bbox 1201 1520 1210 1536; x_wconf 76' lang='lat'><strong><em>⁴</em></strong></span> <span class='ocrx_word' id='word_1_399' title='bbox 1228 1520 1277 1551; x_wconf 93' lang='lat' dir='ltr'><em>Ut</em></span> <span class='ocrx_word' id='word_1_400' title='bbox 1306 1520 1431 1560; x_wconf 83' lang='lat' dir='ltr'><em>largiar</em></span> <span class='ocrx_word' id='word_1_401' title='bbox 1458 1520 1492 1550; x_wconf 92' lang='lat' dir='ltr'><em>in</em></span> <span class='ocrx_word' id='word_1_402' title='bbox 1518 1520 1730 1551; x_wconf 89' lang='lat' dir='ltr'><em>brevioribus</em></span> 
     </span>
     <span class='ocr_line' id='line_1_74' title="bbox 1031 1569 1730 1612; baseline 0.001 -11"><span class='ocrx_word' id='word_1_403' title='bbox 1031 1570 1247 1602; x_wconf 85' lang='lat' dir='ltr'><em>concionibus</em></span> <span class='ocrx_word' id='word_1_404' title='bbox 1271 1571 1449 1602; x_wconf 87' lang='lat' dir='ltr'><em>decentius</em></span> <span class='ocrx_word' id='word_1_405' title='bbox 1479 1571 1543 1601; x_wconf 90' lang='lat' dir='ltr'><em>hoc</em></span> <span class='ocrx_word' id='word_1_406' title='bbox 1572 1569 1647 1602; x_wconf 90' lang='lat' dir='ltr'><em>fieri</em></span> <span class='ocrx_word' id='word_1_407' title='bbox 1674 1572 1730 1612; x_wconf 91' lang='lat' dir='ltr'><em>[ut</em></span> 
     </span>
     <span class='ocr_line' id='line_1_75' title="bbox 1031 1621 1729 1662; baseline 0 -10"><span class='ocrx_word' id='word_1_408' title='bbox 1031 1622 1138 1652; x_wconf 87' lang='lat' dir='ltr'><em>oratio</em></span> <span class='ocrx_word' id='word_1_409' title='bbox 1155 1621 1292 1662; x_wconf 86' lang='lat' dir='ltr'><em>obliqua</em></span> <span class='ocrx_word' id='word_1_410' title='bbox 1305 1621 1364 1661; x_wconf 86' lang='lat' dir='ltr'><em>sit]</em></span> <span class='ocrx_word' id='word_1_411' title='bbox 1379 1632 1386 1652; x_wconf 91' lang='lat'>:</span> <span class='ocrx_word' id='word_1_412' title='bbox 1411 1622 1474 1652; x_wconf 86' lang='lat' dir='ltr'><em>hoc</em></span> <span class='ocrx_word' id='word_1_413' title='bbox 1497 1625 1589 1652; x_wconf 88' lang='lat' dir='ltr'><em>certe</em></span> <span class='ocrx_word' id='word_1_414' title='bbox 1606 1631 1729 1653; x_wconf 88' lang='lat' dir='ltr'><em>conce-</em></span> 
     </span>
     <span class='ocr_line' id='line_1_76' title="bbox 1031 1672 1729 1712; baseline 0 -10"><span class='ocrx_word' id='word_1_415' title='bbox 1031 1672 1112 1702; x_wconf 84' lang='lat' dir='ltr'><em>dere</em></span> <span class='ocrx_word' id='word_1_416' title='bbox 1151 1682 1217 1703; x_wconf 91' lang='lat' dir='ltr'><em>non</em></span> <span class='ocrx_word' id='word_1_417' title='bbox 1252 1672 1390 1712; x_wconf 84' lang='lat' dir='ltr'><em>possim,</em></span> <span class='ocrx_word' id='word_1_418' title='bbox 1428 1672 1462 1702; x_wconf 89' lang='lat' dir='ltr'><em>in</em></span> <span class='ocrx_word' id='word_1_419' title='bbox 1490 1672 1729 1712; x_wconf 80' lang='lat' dir='ltr'><em>prolixioribus</em></span> 
     </span>
     <span class='ocr_line' id='line_1_77' title="bbox 1029 1722 1730 1762; baseline -0.001 -9"><span class='ocrx_word' id='word_1_420' title='bbox 1029 1722 1118 1753; x_wconf 89' lang='lat' dir='ltr'><em>idem</em></span> <span class='ocrx_word' id='word_1_421' title='bbox 1136 1722 1303 1762; x_wconf 84' lang='lat' dir='ltr'><em>obtinere,</em></span> <span class='ocrx_word' id='word_1_422' title='bbox 1317 1732 1394 1753; x_wconf 89' lang='lat' dir='ltr'><em>cum</em></span> <span class='ocrx_word' id='word_1_423' title='bbox 1415 1722 1515 1753; x_wconf 88' lang='lat' dir='ltr'><em>toties</em></span> <span class='ocrx_word' id='word_1_424' title='bbox 1528 1722 1730 1753; x_wconf 87' lang='lat' dir='ltr'><em>inculcanda</em></span> 
     </span>
     <span class='ocr_line' id='line_1_78' title="bbox 1029 1772 1729 1814; baseline 0.001 -11"><span class='ocrx_word' id='word_1_425' title='bbox 1029 1773 1097 1804; x_wconf 81' lang='lat' dir='ltr'><em>sint</em></span> <span class='ocrx_word' id='word_1_426' title='bbox 1121 1773 1183 1804; x_wconf 86' lang='lat' dir='ltr'><em>ista</em></span> <span class='ocrx_word' id='word_1_427' title='bbox 1216 1774 1225 1790; x_wconf 86' lang='lat'>‘</span> <span class='ocrx_word' id='word_1_428' title='bbox 1241 1772 1301 1812; x_wconf 87' lang='lat' dir='ltr'><em>se,’</em></span> <span class='ocrx_word' id='word_1_429' title='bbox 1335 1774 1344 1790; x_wconf 90' lang='lat'>‘</span> <span class='ocrx_word' id='word_1_430' title='bbox 1362 1772 1449 1812; x_wconf 81' lang='lat' dir='ltr'><em>sibi‚’</em></span> <span class='ocrx_word' id='word_1_431' title='bbox 1481 1777 1517 1803; x_wconf 92' lang='lat' dir='ltr'><em>et</em></span> <span class='ocrx_word' id='word_1_432' title='bbox 1541 1773 1550 1790; x_wconf 85' lang='lat'>‘</span> <span class='ocrx_word' id='word_1_433' title='bbox 1566 1773 1729 1814; x_wconf 89' lang='lat' dir='ltr'><em>inquam,&#39;</em></span> 
     </span>
     <span class='ocr_line' id='line_1_79' title="bbox 1030 1822 1727 1864; baseline 0 -11"><span class='ocrx_word' id='word_1_434' title='bbox 1030 1824 1039 1839; x_wconf 89' lang='lat'>‘</span> <span class='ocrx_word' id='word_1_435' title='bbox 1057 1822 1187 1864; x_wconf 88' lang='lat' dir='ltr'><em>inquit,’</em></span> <span class='ocrx_word' id='word_1_436' title='bbox 1204 1833 1278 1864; x_wconf 82' lang='lat' dir='ltr'><em>quae</em></span> <span class='ocrx_word' id='word_1_437' title='bbox 1305 1822 1410 1853; x_wconf 85' lang='lat' dir='ltr'><em>verba</em></span> <span class='ocrx_word' id='word_1_438' title='bbox 1437 1822 1576 1853; x_wconf 86' lang='lat' dir='ltr'><em>vitanda</em></span> <span class='ocrx_word' id='word_1_439' title='bbox 1605 1823 1727 1854; x_wconf 87' lang='lat' dir='ltr'><em>Cicero</em></span> 
     </span>
     <span class='ocr_line' id='line_1_80' title="bbox 1027 1873 1729 1913; baseline 0.001 -10"><span class='ocrx_word' id='word_1_440' title='bbox 1027 1873 1090 1903; x_wconf 87' lang='lat' dir='ltr'><em>sibi</em></span> <span class='ocrx_word' id='word_1_441' title='bbox 1103 1873 1247 1913; x_wconf 65' lang='lat' dir='ltr'><em>censuit,</em></span> <span class='ocrx_word' id='word_1_442' title='bbox 1262 1882 1304 1904; x_wconf 92' lang='lat' dir='ltr'><em>ne</em></span> <span class='ocrx_word' id='word_1_443' title='bbox 1319 1873 1444 1913; x_wconf 74' lang='lat' dir='ltr'><em>saepius</em></span> <span class='ocrx_word' id='word_1_444' title='bbox 1470 1873 1729 1913; x_wconf 87' lang='lat' dir='ltr'><em>interponeren-</em></span> 
     </span>
     <span class='ocr_line' id='line_1_81' title="bbox 1029 1922 1729 1964; baseline 0.003 -11"><span class='ocrx_word' id='word_1_445' title='bbox 1029 1928 1093 1954; x_wconf 87' lang='lat' dir='ltr'><em>tur.</em></span> <span class='ocrx_word' id='word_1_446' title='bbox 1136 1922 1237 1954; x_wconf 85' lang='lat' dir='ltr'><em>Adde</em></span> <span class='ocrx_word' id='word_1_447' title='bbox 1267 1924 1357 1964; x_wconf 80' lang='lat' dir='ltr'><em>quod</em></span> <span class='ocrx_word' id='word_1_448' title='bbox 1383 1923 1439 1953; x_wconf 82' lang='lat' dir='ltr'><em>vix</em></span> <span class='ocrx_word' id='word_1_449' title='bbox 1469 1924 1579 1954; x_wconf 86' lang='lat' dir='ltr'><em>caveri</em></span> <span class='ocrx_word' id='word_1_450' title='bbox 1607 1926 1729 1964; x_wconf 85' lang='lat' dir='ltr'><em>possit,</em></span> 
     </span>
     <span class='ocr_line' id='line_1_82' title="bbox 1028 1974 1728 2015; baseline 0.001 -10"><span class='ocrx_word' id='word_1_451' title='bbox 1028 1975 1108 2015; x_wconf 91' lang='lat' dir='ltr'><em>quin</em></span> <span class='ocrx_word' id='word_1_452' title='bbox 1124 1974 1189 2005; x_wconf 87' lang='lat' dir='ltr'><em>alia</em></span> <span class='ocrx_word' id='word_1_453' title='bbox 1203 1984 1334 2015; x_wconf 90' lang='lat' dir='ltr'><em>quoque</em></span> <span class='ocrx_word' id='word_1_454' title='bbox 1346 1974 1409 2005; x_wconf 90' lang='lat' dir='ltr'><em>hac</em></span> <span class='ocrx_word' id='word_1_455' title='bbox 1422 1975 1552 2005; x_wconf 88' lang='lat' dir='ltr'><em>ratione</em></span> <span class='ocrx_word' id='word_1_456' title='bbox 1566 1974 1728 2006; x_wconf 84' lang='lat' dir='ltr'><em>indecora</em></span> 
     </span>
     <span class='ocr_line' id='line_1_83' title="bbox 1026 2024 1727 2065; baseline 0.001 -9"><span class='ocrx_word' id='word_1_457' title='bbox 1026 2025 1293 2063; x_wconf 86' lang='lat' dir='ltr'><em>committantur,</em></span> <span class='ocrx_word' id='word_1_458' title='bbox 1308 2024 1399 2056; x_wconf 90' lang='lat' dir='ltr'><em>verbi</em></span> <span class='ocrx_word' id='word_1_459' title='bbox 1411 2025 1518 2065; x_wconf 86' lang='lat' dir='ltr'><em>gratia</em></span> <span class='ocrx_word' id='word_1_460' title='bbox 1529 2024 1562 2056; x_wconf 92' lang='lat' dir='ltr'><em>in</em></span> <span class='ocrx_word' id='word_1_461' title='bbox 1572 2025 1727 2057; x_wconf 88' lang='lat' dir='ltr'><em>oratione</em></span> 
     </span>
     <span class='ocr_line' id='line_1_84' title="bbox 1025 2075 1726 2117; baseline 0 -11"><span class='ocrx_word' id='word_1_462' title='bbox 1025 2075 1131 2116; x_wconf 83' lang='lat' dir='ltr'><em>Trogi</em></span> <span class='ocrx_word' id='word_1_463' title='bbox 1147 2085 1312 2107; x_wconf 81' lang='lat' dir='ltr'><em>xxxvur.</em></span> <span class='ocrx_word' id='word_1_464' title='bbox 1327 2078 1358 2106; x_wconf 87' lang='grc'><em>7.</em></span> <span class='ocrx_word' id='word_1_465' title='bbox 1371 2078 1402 2107; x_wconf 83' lang='lat' dir='ltr'><em>S.</em></span> <span class='ocrx_word' id='word_1_466' title='bbox 1435 2076 1444 2092; x_wconf 93' lang='lat'>‘</span> <span class='ocrx_word' id='word_1_467' title='bbox 1461 2076 1673 2117; x_wconf 86' lang='lat' dir='ltr'><em>Tantumque</em></span> <span class='ocrx_word' id='word_1_468' title='bbox 1689 2086 1726 2107; x_wconf 86' lang='lat' dir='ltr'><em>se</em></span> 
     </span>
     <span class='ocr_line' id='line_1_85' title="bbox 1025 2127 1725 2168; baseline 0 -10"><span class='ocrx_word' id='word_1_469' title='bbox 1025 2128 1125 2158; x_wconf 89' lang='lat' dir='ltr'><em>avida</em></span> <span class='ocrx_word' id='word_1_470' title='bbox 1141 2132 1300 2168; x_wconf 87' lang='lat' dir='ltr'><em>expectat</em></span> <span class='ocrx_word' id='word_1_471' title='bbox 1314 2127 1406 2166; x_wconf 85' lang='lat' dir='ltr'><em>Asia,</em></span> <span class='ocrx_word' id='word_1_472' title='bbox 1419 2132 1457 2158; x_wconf 89' lang='lat' dir='ltr'><em>ut</em></span> <span class='ocrx_word' id='word_1_473' title='bbox 1473 2127 1574 2158; x_wconf 78' lang='lat' dir='ltr'><em>etiam</em></span> <span class='ocrx_word' id='word_1_474' title='bbox 1587 2127 1725 2158; x_wconf 90' lang='lat' dir='ltr'><em>vocibus</em></span> 
     </span>
     <span class='ocr_line' id='line_1_86' title="bbox 1025 2177 1725 2209; baseline 0 -2"><span class='ocrx_word' id='word_1_475' title='bbox 1025 2183 1146 2209; x_wconf 89' lang='lat' dir='ltr'><em>vocet:</em></span> <span class='ocrx_word' id='word_1_476' title='bbox 1170 2177 1254 2208; x_wconf 83' lang='lat' dir='ltr'><em>adeo</em></span> <span class='ocrx_word' id='word_1_477' title='bbox 1270 2178 1336 2208; x_wconf 86' lang='lat' dir='ltr'><em>illis</em></span> <span class='ocrx_word' id='word_1_478' title='bbox 1355 2177 1470 2208; x_wconf 87' lang='lat' dir='ltr'><em>odium</em></span> <span class='ocrx_word' id='word_1_479' title='bbox 1495 2178 1725 2208; x_wconf 79' lang='lat' dir='ltr'><em>Romanorum</em></span> 
     </span>
     <span class='ocr_line' id='line_1_87' title="bbox 1023 2227 1723 2268; baseline 0 -9"><span class='ocrx_word' id='word_1_480' title='bbox 1023 2228 1167 2259; x_wconf 89' lang='lat' dir='ltr'><em>incussit</em></span> <span class='ocrx_word' id='word_1_481' title='bbox 1190 2228 1359 2268; x_wconf 86' lang='lat' dir='ltr'><em>rapacitas</em></span> <span class='ocrx_word' id='word_1_482' title='bbox 1384 2227 1645 2268; x_wconf 88' lang='lat' dir='ltr'><em>proconsulum,’</em></span> <span class='ocrx_word' id='word_1_483' title='bbox 1660 2230 1723 2259; x_wconf 63' lang='lat' dir='ltr'><em>Sec.</em></span> 
     </span>
     <span class='ocr_line' id='line_1_88' title="bbox 1022 2278 1722 2325; baseline -0.001 -16"><span class='ocrx_word' id='word_1_484' title='bbox 1022 2279 1095 2309; x_wconf 78' lang='lat' dir='ltr'><em>haec</em></span> <span class='ocrx_word' id='word_1_485' title='bbox 1116 2278 1204 2309; x_wconf 90' lang='lat' dir='ltr'><em>enim</em></span> <span class='ocrx_word' id='word_1_486' title='bbox 1229 2278 1543 2325; x_wconf 47' lang='lat' dir='ltr'><em>directae‘orationi</em></span> <span class='ocrx_word' id='word_1_487' title='bbox 1559 2287 1722 2317; x_wconf 84' lang='lat' dir='ltr'><em>congrue-</em></span> 
     </span>
     <span class='ocr_line' id='line_1_89' title="bbox 1022 2328 1723 2369; baseline -0.001 -10"><span class='ocrx_word' id='word_1_488' title='bbox 1022 2329 1265 2369; x_wconf 86' lang='lat' dir='ltr'><em>rent,obliquae</em></span> <span class='ocrx_word' id='word_1_489' title='bbox 1277 2329 1385 2359; x_wconf 88' lang='lat' dir='ltr'><em>minus</em></span> <span class='ocrx_word' id='word_1_490' title='bbox 1396 2328 1625 2359; x_wconf 65' lang='lat' dir='ltr'><em>conveniunt!</em></span> <span class='ocrx_word' id='word_1_491' title='bbox 1650 2328 1723 2359; x_wconf 92' lang='lat' dir='ltr'><em>Ob-</em></span> 
     </span>
     <span class='ocr_line' id='line_1_90' title="bbox 1021 2378 1722 2418; baseline 0 -10"><span class='ocrx_word' id='word_1_492' title='bbox 1021 2388 1118 2408; x_wconf 90' lang='lat' dir='ltr'><em>servo</em></span> <span class='ocrx_word' id='word_1_493' title='bbox 1133 2378 1240 2418; x_wconf 80' lang='lat' dir='ltr'><em>ipsum</em></span> <span class='ocrx_word' id='word_1_494' title='bbox 1249 2388 1382 2418; x_wconf 88' lang='lat' dir='ltr'><em>quoque</em></span> <span class='ocrx_word' id='word_1_495' title='bbox 1394 2379 1556 2410; x_wconf 84' lang='lat' dir='ltr'><em>Nostrum</em></span> <span class='ocrx_word' id='word_1_496' title='bbox 1569 2378 1722 2408; x_wconf 87' lang='lat' dir='ltr'><em>oratione</em></span> 
     </span>
     <span class='ocr_line' id='line_1_91' title="bbox 1022 2426 1720 2468; baseline 0.001 -11"><span class='ocrx_word' id='word_1_497' title='bbox 1022 2427 1154 2459; x_wconf 87' lang='lat' dir='ltr'><em>directa</em></span> <span class='ocrx_word' id='word_1_498' title='bbox 1166 2427 1288 2458; x_wconf 88' lang='lat' dir='ltr'><em>alicubi</em></span> <span class='ocrx_word' id='word_1_499' title='bbox 1305 2437 1398 2458; x_wconf 90' lang='lat' dir='ltr'><em>usum</em></span> <span class='ocrx_word' id='word_1_500' title='bbox 1413 2438 1421 2465; x_wconf 90' lang='lat'>;</span> <span class='ocrx_word' id='word_1_501' title='bbox 1445 2432 1480 2458; x_wconf 90' lang='lat' dir='ltr'><em>et</em></span> <span class='ocrx_word' id='word_1_502' title='bbox 1493 2426 1627 2468; x_wconf 88' lang='lat' dir='ltr'><em>quidem</em></span> <span class='ocrx_word' id='word_1_503' title='bbox 1643 2436 1720 2458; x_wconf 82' lang='lat' dir='ltr'><em>xlv.</em></span> 
     </span>
     <span class='ocr_line' id='line_1_92' title="bbox 1020 2478 1720 2517; baseline 0 -8"><span class='ocrx_word' id='word_1_504' title='bbox 1020 2478 1120 2509; x_wconf 86' lang='grc'><strong>4.111)1</strong></span> <span class='ocrx_word' id='word_1_505' title='bbox 1142 2479 1339 2517; x_wconf 89' lang='lat' dir='ltr'><em>Eumenem,</em></span> <span class='ocrx_word' id='word_1_506' title='bbox 1362 2483 1398 2509; x_wconf 85' lang='lat' dir='ltr'><em>et</em></span> <span class='ocrx_word' id='word_1_507' title='bbox 1421 2481 1557 2509; x_wconf 76' lang='lat' dir='ltr'><em>XV11.7.</em></span> <span class='ocrx_word' id='word_1_508' title='bbox 1575 2478 1631 2509; x_wconf 90' lang='lat' dir='ltr'><em>ubi</em></span> <span class='ocrx_word' id='word_1_509' title='bbox 1646 2480 1720 2510; x_wconf 88' lang='lat' dir='ltr'><em>Ma-</em></span> 
     </span>
     <span class='ocr_line' id='line_1_93' title="bbox 1019 2527 1604 2568; baseline 0.003 -11"><span class='ocrx_word' id='word_1_510' title='bbox 1019 2527 1110 2558; x_wconf 93' lang='lat' dir='ltr'><em>leum</em></span> <span class='ocrx_word' id='word_1_511' title='bbox 1124 2528 1318 2568; x_wconf 88' lang='lat' dir='ltr'><em>loquentem</em></span> <span class='ocrx_word' id='word_1_512' title='bbox 1332 2527 1474 2559; x_wconf 89' lang='lat' dir='ltr'><em>inducit.</em></span> <span class='ocrx_word' id='word_1_513' title='bbox 1502 2527 1604 2559; x_wconf 79' lang='lat' dir='ltr'><em>Vorse.</em></span> 
     </span>
    </p>

    <p class='ocr_par' dir='ltr' id='par_1_16' title="bbox 1013 2577 1721 2968">
     <span class='ocr_line' id='line_1_94' title="bbox 1062 2577 1721 2618; baseline 0 -9"><span class='ocrx_word' id='word_1_514' title='bbox 1062 2578 1148 2609; x_wconf 78' lang='lat' dir='ltr'><em>CAP.</em></span> <span class='ocrx_word' id='word_1_515' title='bbox 1177 2587 1226 2608; x_wconf 89' lang='lat' dir='ltr'><em>1v.</em></span> <span class='ocrx_word' id='word_1_516' title='bbox 1256 2579 1272 2617; x_wconf 53' lang='grc' dir='ltr'>ξ</span> <span class='ocrx_word' id='word_1_517' title='bbox 1304 2580 1320 2607; x_wconf 93' lang='lat' dir='ltr'><em>l</em></span> <span class='ocrx_word' id='word_1_518' title='bbox 1353 2578 1532 2617; x_wconf 80' lang='lat' dir='ltr'><em>Optandum</em></span> <span class='ocrx_word' id='word_1_519' title='bbox 1554 2577 1626 2617; x_wconf 81' lang='lat' dir='ltr'><em>sibi,</em></span> <span class='ocrx_word' id='word_1_520' title='bbox 1652 2577 1721 2618; x_wconf 53' lang='grc' dir='ltr'><em>ὅπη]</em></span> 
     </span>
     <span class='ocr_line' id='line_1_95' title="bbox 1019 2627 1717 2668; baseline 0.001 -10"><span class='ocrx_word' id='word_1_521' title='bbox 1019 2627 1193 2658; x_wconf 87' lang='lat' dir='ltr'><em>Simillime</em></span> <span class='ocrx_word' id='word_1_522' title='bbox 1210 2627 1363 2659; x_wconf 86' lang='lat' dir='ltr'><em>Pericles</em></span> <span class='ocrx_word' id='word_1_523' title='bbox 1379 2627 1596 2668; x_wconf 88' lang='lat' dir='ltr'><em>ap.Thucyd.</em></span> <span class='ocrx_word' id='word_1_524' title='bbox 1610 2637 1649 2658; x_wconf 88' lang='lat'><em>11.</em></span> <span class='ocrx_word' id='word_1_525' title='bbox 1667 2631 1717 2659; x_wconf 91' lang='grc'><em>11.</em></span> 
     </span>
     <span class='ocr_line' id='line_1_96' title="bbox 1018 2676 1716 2719; baseline 0.001 -11"><span class='ocrx_word' id='word_1_526' title='bbox 1018 2680 1048 2708; x_wconf 91' lang='grc'><em>7.</em></span> <span class='ocrx_word' id='word_1_527' title='bbox 1100 2679 1109 2694; x_wconf 92' lang='lat'>‘</span> <span class='ocrx_word' id='word_1_528' title='bbox 1141 2678 1209 2710; x_wconf 84' lang='lat' dir='ltr'><em>Qui</em></span> <span class='ocrx_word' id='word_1_529' title='bbox 1239 2677 1415 2708; x_wconf 84' lang='lat' dir='ltr'><em>arbitrium</em></span> <span class='ocrx_word' id='word_1_530' title='bbox 1444 2676 1525 2707; x_wconf 87' lang='lat' dir='ltr'><em>belli</em></span> <span class='ocrx_word' id='word_1_531' title='bbox 1555 2678 1716 2719; x_wconf 80' lang='lat' dir='ltr'><em>pacisque</em></span> 
     </span>
     <span class='ocr_line' id='line_1_97' title="bbox 1016 2726 1716 2768; baseline 0.003 -10"><span class='ocrx_word' id='word_1_532' title='bbox 1016 2727 1157 2768; x_wconf 87' lang='lat' dir='ltr'><em>habent,</em></span> <span class='ocrx_word' id='word_1_533' title='bbox 1177 2727 1352 2758; x_wconf 85' lang='lat' dir='ltr'><em>dementes</em></span> <span class='ocrx_word' id='word_1_534' title='bbox 1377 2726 1517 2767; x_wconf 87' lang='lat' dir='ltr'><em>fuerint,</em></span> <span class='ocrx_word' id='word_1_535' title='bbox 1541 2728 1569 2758; x_wconf 91' lang='lat' dir='ltr'><em>si</em></span> <span class='ocrx_word' id='word_1_536' title='bbox 1592 2728 1716 2760; x_wconf 88' lang='lat' dir='ltr'><em>bellum</em></span> 
     </span>
     <span class='ocr_line' id='line_1_98' title="bbox 1017 2776 1716 2818; baseline 0.003 -10"><span class='ocrx_word' id='word_1_537' title='bbox 1017 2777 1149 2809; x_wconf 88' lang='lat' dir='ltr'><em>malint.</em></span> <span class='ocrx_word' id='word_1_538' title='bbox 1191 2777 1250 2816; x_wconf 87' lang='lat' dir='ltr'><em>At,</em></span> <span class='ocrx_word' id='word_1_539' title='bbox 1273 2776 1394 2818; x_wconf 83' lang='lat' dir='ltr'><em>quibus</em></span> <span class='ocrx_word' id='word_1_540' title='bbox 1410 2787 1451 2808; x_wconf 83' lang='lat' dir='ltr'><em>ea</em></span> <span class='ocrx_word' id='word_1_541' title='bbox 1464 2778 1649 2809; x_wconf 77' lang='lat' dir='ltr'><em>necessitas</em></span> <span class='ocrx_word' id='word_1_542' title='bbox 1666 2779 1716 2811; x_wconf 85' lang='lat' dir='ltr'><em>in-</em></span> 
     </span>
     <span class='ocr_line' id='line_1_99' title="bbox 1013 2826 1714 2868; baseline 0.001 -10"><span class='ocrx_word' id='word_1_543' title='bbox 1013 2828 1184 2868; x_wconf 82' lang='lat' dir='ltr'><em>jungitur,</em></span> <span class='ocrx_word' id='word_1_544' title='bbox 1201 2833 1239 2858; x_wconf 88' lang='lat' dir='ltr'><em>ut</em></span> <span class='ocrx_word' id='word_1_545' title='bbox 1253 2832 1311 2858; x_wconf 88' lang='lat' dir='ltr'><em>aut</em></span> <span class='ocrx_word' id='word_1_546' title='bbox 1327 2826 1480 2858; x_wconf 84' lang='lat' dir='ltr'><em>cedendo</em></span> <span class='ocrx_word' id='word_1_547' title='bbox 1497 2827 1714 2860; x_wconf 85' lang='lat' dir='ltr'><em>finitimorum</em></span> 
     </span>
     <span class='ocr_line' id='line_1_100' title="bbox 1018 2876 1714 2917; baseline 0.001 -9"><span class='ocrx_word' id='word_1_548' title='bbox 1018 2876 1108 2908; x_wconf 89' lang='lat' dir='ltr'><em>ferre</em></span> <span class='ocrx_word' id='word_1_549' title='bbox 1141 2876 1361 2915; x_wconf 85' lang='lat' dir='ltr'><em>dominatum,</em></span> <span class='ocrx_word' id='word_1_550' title='bbox 1392 2881 1451 2908; x_wconf 91' lang='lat' dir='ltr'><em>aut</em></span> <span class='ocrx_word' id='word_1_551' title='bbox 1481 2887 1542 2917; x_wconf 89' lang='lat' dir='ltr'><em>pro</em></span> <span class='ocrx_word' id='word_1_552' title='bbox 1570 2878 1714 2909; x_wconf 88' lang='lat' dir='ltr'><em>victoria</em></span> 
     </span>
     <span class='ocr_line' id='line_1_101' title="bbox 1018 2926 1714 2968; baseline 0.001 -9"><span class='ocrx_word' id='word_1_553' title='bbox 1018 2927 1098 2959; x_wconf 83' lang='lat' dir='ltr'><em>belli</em></span> <span class='ocrx_word' id='word_1_554' title='bbox 1123 2926 1300 2959; x_wconf 88' lang='lat' dir='ltr'><em>discrimen</em></span> <span class='ocrx_word' id='word_1_555' title='bbox 1325 2926 1416 2958; x_wconf 86' lang='lat' dir='ltr'><em>adire</em></span> <span class='ocrx_word' id='word_1_556' title='bbox 1439 2932 1625 2967; x_wconf 81' lang='lat' dir='ltr'><em>cogantur3</em></span> <span class='ocrx_word' id='word_1_557' title='bbox 1647 2929 1714 2968; x_wconf 83' lang='lat' dir='ltr'><em>hic,</em></span> 
     </span>
    </p>
   </div>
  </div>
 </body>
</html>
