2174 3424
492 341 578 381 716

496 448 525 476 1.
541 448 574 475 et
593 452 671 475 v111.
687 446 718 475 9.
735 441 966 475 confirmatur.
994 444 1094 475 Ber-n.

537 493 729 533 bisinum-it]
753 494 908 526 Gualter.
925 495 934 512 ‘
951 495 1137 527 adunavit!

538 545 555 584 ᾧ
578 547 598 575 6
627 544 808 584 Eloquentia
821 545 925 583 etiam,
941 545 1010 586 ξω]
1045 547 1196 586 Propter

495 595 651 627 omissam
677 595 712 625 in
738 595 882 635 vulgatis
904 595 982 626 edd.
1000 596 1195 627 interstinc-

495 646 635 684 tionem,
650 644 817 675 vocabulo
831 645 840 661 ‘
852 645 974 675 etiam’
991 655 1052 676 sua
1062 647 1196 686 empha-

497 696 555 736 sis,
580 700 617 727 et
643 694 788 736 proinde
812 694 904 726 dicto
934 696 1057 735 gratia,
1082 696 1196 736 periit.

495 747 552 778 Sic
580 755 636 786 ap.
666 746 845 783 Senecam,
869 745 896 776 si
926 750 1021 776 recte
1050 746 1198 785 memini,

497 801 550 827 est
573 796 630 837 qui
652 794 787 826 dicatur
803 795 875 826 ‘vir
898 805 1051 836 magnus,
1067 796 1198 827 etiamsi

498 856 575 878 cum
592 845 743 877 maximis
760 845 998 886 comparetur?
1041 846 1090 877 At
1109 847 1199 877 inter

499 906 608 928 caecos
650 896 761 926 luscus
797 905 856 926 rex
895 901 959 928 est.
1011 895 1198 927 Alcibiadis

499 945 726 986 eloquentiam
758 944 911 976 celebrat
951 949 987 976 et
1024 945 1199 977 Demosih.

501 996 602 1026 Orat.
617 999 708 1026 cont.
730 994 893 1025 Midiam:
918 995 1054 1026 Probus
1071 997 1081 1013 ‘
1094 996 1200 1026 nemi-

500 1056 576 1077 nem
603 1045 634 1076 ei
663 1045 809 1076 dicendo
832 1046 986 1086 potuisse
1017 1046 1200 1077 resistere’

499 1095 629 1127 scribit.
675 1095 777 1126 Certe
801 1095 879 1125 belli
902 1095 1006 1126 Siculi
1025 1105 1141 1126 suasor
1165 1100 1202 1127 et

501 1144 704 1184 auctorfuit,
717 1143 845 1176 frustra
855 1145 1073 1177 dissuadente
1087 1145 1200 1178 Nicia.

500 1195 652 1236 Thucyd.
671 1204 721 1227 vt.
746 1196 844 1226 Rern.

545 1246 560 1285 ξ
585 1248 603 1275 7
630 1245 754 1275 Morum
786 1244 879 1283 titia]
913 1244 1062 1284 Probus,
1090 1244 1202 1276 ‘Con-

502 1293 595 1332 stat,'
632 1294 751 1335 inquit,
780 1294 895 1324 ‘inter
925 1304 1054 1334 omnes,
1083 1294 1203 1336 quide

502 1343 680 1374 Alcibiade
703 1344 872 1374 memoriae
896 1343 1133 1383 prodiderunt,
1155 1343 1203 1374 ni-

501 1392 548 1423 hil
564 1393 622 1423 illo
638 1392 742 1423 fuisse
765 1393 990 1423 excellentius
1019 1393 1074 1423 vel
1098 1393 1130 1423 in
1156 1393 1204 1423 vi-

503 1443 572 1481 tiis,
604 1443 657 1473 vel
692 1442 725 1472 in
763 1443 968 1474 virtutibus!
1027 1443 1205 1483 Ejusmodi

503 1497 770 1532 temperaturam
800 1502 842 1523 ex
876 1493 1028 1524 adversis
1053 1493 1204 1524 moribus

505 1543 625 1574 tribuit
644 1553 777 1584 quoque
794 1543 952 1574 Catilinae
976 1543 1047 1574 Cic.
1072 1543 1105 1574 in
1133 1544 1206 1574 Coe-

503 1594 593 1624 liana
607 1603 681 1634 cap.
700 1597 731 1624 5.
746 1597 781 1624 et
795 1596 826 1625 6.
843 1598 879 1624 et
891 1593 1022 1624 Licinio
1040 1593 1201 1625 Muciano

503 1644 583 1675 Tac.
600 1644 644 1674 H.
661 1646 754 1674 1.10.
783 1644 828 1674 Id.

546 1694 564 1734 ξ
587 1695 606 1724 8
630 1691 821 1732 Per-suadet]
845 1692 1022 1724 Videndus
1048 1693 1208 1734 Thucyd.

506 1752 588 1774 vm.
607 1745 637 1774 8.
655 1746 685 1774 8.
711 1743 764 1774 Id.

549 1795 566 1834 ᾧ
589 1797 609 1825 9
638 1794 794 1825 Vae-andos
814 1794 848 1824 in
869 1793 1044 1834 portionem
1069 1795 1208 1825 muneris

507 1843 626 1884 Ionios]
672 1844 824 1875 Sebisius
847 1844 948 1875 oneris
977 1844 1070 1884 legit.
1109 1845 1209 1877 Idem.

507 1895 694 1934 Eleganter
709 1894 763 1924 hic
779 1904 886 1924 munus
912 1903 972 1934 pro
995 1903 1097 1924 onere
1120 1893 1209 1924 Auc-

508 1949 561 1975 tor
591 1948 741 1984 usurpat,
768 1943 935 1985 quomodo
960 1945 1062 1974 etiam
1086 1944 1158 1975 Cic.
1175 1953 1210 1977 v.

507 1994 608 2025 Verr.
623 1997 675 2024 20.
698 1994 707 2010 ‘
726 1994 810 2024 Cum
836 1994 898 2024 lioc
922 2003 1042 2024 munus
1065 1994 1211 2034 impera-

509 2049 605 2075 retur
622 2049 689 2075 tam
707 2054 809 2084 grave
825 2043 983 2075 civitati.’
1012 2044 1064 2075 Ib.
1080 2047 1134 2075 21.
1146 2045 1155 2060 ‘
1168 2044 1210 2075 Id

510 2104 644 2135 quoque
674 2104 792 2125 munus
816 2095 890 2125 leve
914 2100 1016 2135 atque
1033 2104 1212 2126 commune

510 2145 724 2175 Mamertinis
747 2144 906 2176 remisisti
922 2144 943 2176 :’
974 2150 1009 2176 et
1034 2145 1108 2176 Liv.
1126 2155 1212 2178 xxv.

510 2198 542 2226 7.
567 2196 576 2212 ‘
591 2195 678 2225 Dum
695 2204 736 2225 ne
755 2195 828 2235 quis
852 2204 969 2226 eorum
995 2204 1133 2225 munere
1157 2204 1213 2225 va-

511 2244 628 2277 caret.'
673 2244 725 2276 Id.
755 2253 874 2276 xxvu.
912 2247 943 2276 9.
980 2245 988 2261 ‘
1003 2244 1083 2275 Non
1123 2245 1212 2276 enim

512 2294 798 2326 detrectationem
825 2304 900 2325 eam
923 2303 1099 2326 munerum
1126 2295 1213 2325 mili·

513 2346 583 2384 tiae,
604 2345 663 2377 sed
691 2350 842 2386 apertam
868 2344 1096 2376 defectionem
1119 2355 1138 2375 a
1155 2354 1213 2385 po·

515 2397 593 2437 pulo
632 2397 784 2428 Romano
814 2395 920 2426 essez'
964 2400 1000 2426 et
1033 2404 1120 2426 xxx.
1162 2398 1212 2426 18.

512 2447 521 2463 ‘
540 2447 659 2477 Utram
685 2446 788 2476 vellet
818 2449 946 2485 praetor
972 2445 1118 2476 muneris
1141 2455 1215 2486 par-

514 2502 583 2529 tem
621 2496 822 2537 proconsule
858 2494 1075 2535 accipiente)
1133 2495 1214 2526 Vid.

514 2547 682 2588 Pompon.
695 2546 729 2577 in
748 2546 784 2577 L.
801 2548 876 2576 239.
901 2547 928 2586 ᾧ.
945 2548 975 2577 3.
992 2545 1036 2576 D.
1053 2545 1095 2576 de
1110 2545 1216 2577 Verb.

516 2598 610 2637 Sign.
638 2597 775 2627 Gronov.
818 2596 886 2627 Ms.
904 2596 1005 2628 Iones.
1041 2596 1138 2628 Junt.
1165 2594 1217 2627 Ιο-

515 2658 581 2679 nas.
618 2647 763 2678 Muneris
800 2655 865 2677 non
904 2651 958 2678 est
992 2646 1144 2678 mutand.
1182 2647 1217 2677 in

515 2697 629 2728 orneris.
677 2697 686 2714 ‘
701 2695 839 2727 Munus’
856 2696 943 2727 enim
955 2700 1019 2733 est,
1035 2705 1130 2727 onus.
1160 2696 1217 2728 Sic

522 2746 700 2778 ‘munera'
726 2747 824 2779 JCtis
853 2751 931 2778 sunt
960 2756 1063 2778 onera
1093 2746 1219 2779 civilia.

520 2797 645 2837 Hygiu.
664 2796 901 2827 Gromaticus:
925 2799 934 2814 ‘
949 2797 1080 2828 Scholae
1101 2797 1219 2828 cobor-

519 2846 610 2877 tibus
642 2845 768 2885 primis,
801 2845 856 2876 ubi
882 2855 1020 2876 munera
1051 2845 1220 2885 legionum

523 2895 696 2934 dicuntur,
724 2896 813 2926 intra
839 2905 1010 2927 scamnum
1034 2896 1220 2937 legatorum

951 349 1091 379 NOTAE
1125 349 1389 380 VARIORUM
1426 349 1476 379 IN

1245 447 1366 475 contra
1403 443 1547 484 aquilam
1581 442 1654 473 dari
1692 441 1841 474 debent!
1879 442 1949 474 Ubi

1245 494 1409 524 ‘munera
1443 492 1630 533 legionum'
1667 498 1745 524 sunt
1780 493 1950 534 excubiae,

1246 545 1382 583 vallum,
1398 543 1502 583 fossa,
1518 543 1692 583 pabulum,
1707 544 1862 581 materia,
1886 543 1951 583 lig-

1246 603 1362 624 norum
1379 597 1548 633 aggestus,
1572 596 1609 623 et
1624 592 1691 623 alia
1707 602 1812 623 onera
1827 593 1949 624 milita-

1247 643 1309 674 ria.
1354 643 1464 675 Tacit.
1492 652 1517 673 1.
1540 641 1583 673 A.
1602 645 1654 673 16.
1678 643 1800 674 ‘solita
1818 643 1949 674 munia'

1246 693 1420 724 dicuntur.
1467 692 1560 723 Hinc
1588 692 1782 731 ‘munifex,’
1799 692 1856 733 qui
1879 702 1952 723 mu-

1246 753 1327 774 nera
1339 752 1364 774 s.
1375 751 1481 773 onera
1490 746 1654 782 praestare
1667 742 1814 782 cogitur,
1826 742 1879 773 cui
1891 752 1952 783 op-

1248 793 1405 834 ponitur‘
1421 792 1599 824 immunis?
1619 793 1726 823 Groev.
1755 793 1856 833 Supr.
1870 802 1953 834 quo-

1248 853 1313 884 que
1329 852 1369 874 11.
1385 847 1416 874 5.
1435 846 1487 874 13.
1505 844 1513 860 ‘
1529 841 1657 873 Ioniis.'
1688 842 1807 874 Jnntae
1823 846 1952 882 tamen,

1248 899 1287 925 ut
1320 895 1364 926 cl.
1402 893 1520 925 Graev.
1552 897 1710 932 testatur,
1739 891 1796 923 hic
1826 892 1954 924 habent

1249 944 1354 983 Ionas,
1366 948 1402 974 et
1419 942 1536 974 Codex
1550 942 1633 973 item
1644 942 1711 973 Ms.
1729 951 1829 982 quem
1840 942 1952 981 Bong-

1250 994 1347 1033 vidit,
1361 994 1461 1025 Iones.
1508 993 1577 1023 Pro
1595 992 1731 1023 muneris
1745 992 1854 1023 Sebis.
1874 1001 1954 1022 con·

1244 1044 1333 1084 jecit
1360 1043 1495 1082 legend.
1521 1051 1594 1073 esse
1616 1043 1729 1073 oneris.
1773 1040 1823 1073 At
1839 1041 1954 1072 Graev.

1250 1092 1430 1124 contendit
1455 1092 1538 1122 nibil
1558 1091 1711 1122 mutand.
1736 1100 1824 1130 esse,
1853 1100 1955 1130 prop-

1251 1146 1347 1174 terea
1361 1141 1450 1183 quod
1463 1143 1472 1159 ‘
1483 1140 1633 1172 munera’
1648 1142 1722 1182 ipsa
1733 1150 1867 1182 quoque
1878 1149 1957 1171 oue-

1252 1191 1469 1222 radicantur.
1499 1191 1572 1222 Vor.

1295 1243 1312 1283 ξ
1338 1245 1375 1273 11
1400 1241 1666 1273 Dissentientibus
1692 1240 1829 1280 Groecis]
1853 1239 1955 1280 Angl.

1251 1292 1483 1331 dissidentibus,
1514 1291 1604 1332 quod
1642 1295 1726 1331 puto
1763 1290 1958 1331 genuinum,

1253 1352 1330 1373 cum
1349 1342 1522 1381 vulgatum
1540 1342 1582 1372 sit
1599 1350 1641 1371 ex
1665 1341 1785 1381 glossa.
1829 1340 1958 1371 Noster

1254 1400 1356 1421 xxuv.
1374 1394 1403 1421 l.
1436 1390 1602 1421 ‘Interim
1631 1390 1664 1420 in
1693 1390 1829 1420 Graecia
1861 1389 1957 1420 dissi-

1255 1441 1416 1472 dentibus
1446 1440 1537 1471 inter
1575 1450 1610 1471 se
1649 1439 1739 1470 bello
1769 1439 1958 1470 Ptolemaeo

1256 1492 1411 1523 Cerauno
1429 1496 1464 1522 et
1482 1490 1651 1521 Antiocho
1669 1489 1818 1530 regibus,
1843 1498 1960 1520 omnes

1254 1542 1364 1574 ferme
1392 1542 1550 1573 civitates
1583 1541 1625 1572 ad
1656 1550 1752 1581 spem
1788 1539 1960 1571 libertatis

1255 1592 1405 1624 erectae!
1430 1591 1568 1622 Phaedr.
1598 1596 1715 1622 noster
1740 1600 1762 1622 1.
1779 1593 1832 1622 31.
1857 1591 1866 1607 ‘
1886 1590 1960 1620 Hu-

1256 1643 1352 1673 miles
1390 1642 1558 1682 laborant,
1588 1641 1646 1673 ubi
1673 1647 1832 1682 potentes
1864 1640 1961 1672 dissi-

1258 1692 1363 1724 dent!
1387 1691 1492 1730 Schef.

1301 1743 1318 1782 ξ
1343 1744 1382 1772 12
1409 1740 1566 1772 Graeciam
1581 1740 1792 1780 obterendam]
1816 1740 1892 1771 Hoc
1910 1739 1961 1771 ob-

1257 1793 1414 1823 terendam
1431 1791 1670 1822 inconveniens
1688 1790 1834 1821 videtur.
1858 1790 1962 1821 Certe

1259 1851 1400 1883 quorum
1421 1846 1644 1882 exaequantur
1662 1841 1761 1879 vires,
1776 1840 1832 1881 qui
1851 1841 1964 1871 levan-

1259 1898 1315 1925 tur
1332 1893 1455 1924 auxilio
1471 1897 1593 1923 contra
1609 1892 1704 1932 alios,
1719 1892 1766 1922 illi
1783 1902 1848 1923 non
1866 1892 1963 1922 obte-

1260 1948 1393 1974 runtur.
1440 1943 1527 1973 Nam
1545 1944 1553 1958 ‘
1568 1941 1743 1973 obterere'
1761 1946 1827 1980 est,
1841 1950 1965 1972 concu-

1260 1997 1345 2031 tere,
1370 1991 1600 2032 pessumdare.
1653 1990 1693 2021 In
1724 1991 1791 2021 Ms.
1823 2000 1882 2031 pro
1921 2000 1962 2022 eo

1259 2041 1405 2072 habetur
1421 2041 1630 2078 exercendam,
1645 2039 1734 2080 quod
1751 2040 1840 2070 haud
1858 2039 1963 2071 dubie

1261 2092 1453 2132 genuinum.
1493 2093 1501 2108 ‘
1518 2091 1687 2120 Exercere
1701 2088 1882 2121 Graeciam’
1898 2090 1965 2121 ele-

1261 2147 1380 2183 ganter
1405 2145 1471 2179 est,
1487 2144 1687 2180 occupatam
1705 2140 1879 2179 perpetuis
1897 2139 1966 2170 bel-

1262 2193 1301 2224 lis
1319 2198 1449 2231 tenere,
1466 2200 1633 2231 nunquam
1662 2190 1773 2220 sinere
1790 2190 1905 2220 venire
1922 2188 1964 2221 ad

1262 2244 1412 2285 quietem
1429 2247 1463 2273 et
1484 2251 1614 2282 pacem.
1640 2240 1853 2271 Vocabulum
1879 2240 1964 2272 obte-

1260 2297 1387 2326 rendam
1415 2299 1531 2325 natum
1563 2303 1604 2323 ex
1629 2293 1739 2333 glossa
1763 2291 1911 2330 videtur,
1926 2295 1965 2322 ut

1262 2355 1328 2376 non
1358 2354 1467 2385 pauca
1496 2343 1561 2374 alia
1593 2353 1648 2383 ap.
1679 2342 1711 2374 h.
1742 2342 1967 2383 Scriptorem.

1265 2395 1364 2428 Quod
1392 2398 1506 2425 tamen
1538 2403 1613 2424 esse
1640 2393 1793 2433 ineptum
1824 2401 1969 2433 sequens

1263 2449 1272 2464 ‘
1288 2445 1397 2477 vacet'
1421 2444 1585 2483 ostendit,
1610 2444 1664 2475 cui
1691 2443 1877 2484 opponitur
1902 2453 1968 2474 non

1265 2497 1414 2534 obterere,
1441 2495 1500 2527 sed
1531 2495 1714 2533 exercitum,
1739 2494 1792 2524 vel
1815 2494 1968 2525 exercita-

1265 2551 1332 2579 tum
1360 2555 1434 2578 esse.
1463 2544 1579 2577 Schef.
1624 2544 1728 2585 Angl.
1748 2546 1968 2585 ,afflet-endam,

1267 2607 1342 2640 quae
1369 2597 1451 2627 lect.
1479 2600 1532 2626 est
1555 2595 1704 2636 egregia.
1750 2594 1832 2625 Plus
1858 2599 1912 2625 est
1934 2594 1969 2625 in

1266 2649 1324 2680 illo
1348 2647 1553 2684 obterendam,
1580 2655 1680 2686 quam
1708 2644 1795 2685 quod
1825 2644 1972 2676 Alcibia-

1268 2699 1328 2730 des
1340 2696 1517 2728 suadebat.
1551 2695 1692 2726 Obterit
1709 2693 1896 2732 regionem,
1911 2693 1970 2734 qui

1270 2759 1343 2780 eam
1362 2748 1449 2779 bello
1472 2746 1608 2787 penitus
1631 2744 1809 2775 conculcat
1826 2748 1861 2773 et
1877 2752 1973 2774 ever-

1271 2800 1326 2832 tit.
1372 2796 1549 2831 Quomodo
1566 2795 1608 2825 de
1635 2794 1688 2825 ala
1709 2793 1860 2834 equestri
1875 2793 1974 2824 Taci-

1273 2855 1325 2881 tus
1343 2847 1476 2888 Ag.1s.
1490 2849 1520 2876 2.
1546 2847 1554 2862 ‘
1574 2843 1670 2875 Alam
1695 2842 1728 2873 in
1755 2841 1877 2873 finibus
1903 2842 1971 2873 suis

1274 2905 1431 2940 agentem
1465 2905 1571 2937 prope
1604 2893 1792 2925 universam
1826 2892 1972 2924 obtrive-
