2101 3419
401 386 518 427 1016

400 491 526 531 linguae
554 489 704 528 Graecae,
728 492 767 519 ut
793 485 1045 524 ‘Phthisanor‚’
1068 490 1105 516 et

402 540 469 572 alia
499 540 572 581 ejus
595 539 726 570 formae.
761 537 875 570 Faber.
931 535 1105 577 Rescripsi

401 591 565 622 audacter
581 589 745 620 Stasanorz'
758 598 799 619 ex
812 588 865 619 ed.
879 587 975 620 Jnnt.
991 588 1102 626 Bong.

403 640 512 673 edidit
540 639 705 679 Stagnori.
765 638 835 669 Sed
863 638 959 668 addit
989 641 1104 668 tamen

402 691 537 732 legend.
560 700 635 722 esse
660 689 838 729 Statanori,
854 692 892 718 ut
908 696 990 718 xln.
1006 690 1036 718 4.
1052 689 1105 718 22.

400 743 540 783 legitur.
584 740 652 772 Sed
669 745 704 771 et
717 741 834 771 Graev.
849 749 911 780 pro
927 738 1105 776 Stasanorz',

404 792 494 834 quod
515 792 549 822 in
573 791 627 822 ed.
655 791 753 823 Junt.
773 790 848 830 ipsa
871 789 1013 829 reperit,
1028 798 1105 818 cum

402 841 595 881 Bongarsio
619 840 784 871 Statanorz·
821 838 956 879 legend.
993 842 1104 878 putat.

403 893 533 923 Verum
549 890 665 932 quidni
691 891 801 931 ipsum
829 888 993 921 Stasanori
1010 897 1106 928 repo-

404 952 535 981 namus,
549 945 730 982 postquam
744 939 930 971 editionem
945 938 1041 970 Junt.
1057 937 1106 967 sic

403 993 542 1030 habere,
563 996 765 1032 ceterosque
781 999 898 1021 omnes
919 994 990 1019 tum
1015 986 1107 1018 Lati-

405 1053 466 1074 nos
493 1048 564 1074 tum
599 1041 754 1080 Graecos,
781 1039 838 1080 qui
865 1039 939 1078 ejus
964 1036 1106 1068 hominis

405 1092 615 1124 mentionem
630 1090 759 1128 fecere,
775 1088 824 1119 sic
841 1096 916 1117 eum
932 1086 1108 1127 appellare

405 1142 553 1173 scimus?
576 1140 655 1171 Vid.
679 1144 716 1170 et
739 1147 813 1178 sup.
831 1137 941 1168 Notas
965 1135 1007 1166 ad
1025 1144 1107 1166 xnr.

407 1195 438 1224 4.
455 1195 509 1223 22.
537 1192 637 1222 Vorst.

452 1243 596 1272 Externa
621 1239 717 1278 socio]
744 1236 958 1269 Vocabulum
982 1237 1110 1266 externo

408 1292 491 1324 mihi
506 1295 704 1332 suspectum
722 1293 787 1327 est,
803 1297 879 1318 cum
895 1296 1011 1317 omnes
1028 1285 1111 1316 socii

408 1344 477 1375 sint
493 1341 640 1380 externi,
655 1341 703 1372 sic
719 1343 865 1379 accepto
890 1341 1110 1369 externorum

408 1395 587 1426 vocabulo.
611 1393 702 1424 Num
717 1390 877 1432 apposuit
888 1390 1112 1430 glossatorum

409 1446 546 1487 aliquis,
568 1443 647 1485 quia
673 1442 840 1484 praecedit
863 1441 872 1457 ‘
888 1441 979 1471 nullo
995 1440 1113 1471 Mace-

410 1493 564 1526 donum?'
604 1492 708 1531 Schef.

452 1545 470 1585 ᾧ
492 1547 512 1575 2
536 1542 705 1582 Deductis]
728 1542 766 1573 F.
781 1542 844 1573 did.
861 1540 1015 1572 Freinsh.
1037 1540 1116 1571 Pla·

412 1599 469 1626 cet
485 1594 565 1625 mihi
581 1603 715 1634 quoque
730 1593 794 1624 did.
819 1593 946 1623 Noster
961 1592 1034 1630 ipse
1052 1599 1113 1621 xv.

412 1649 443 1676 4.
457 1648 511 1676 23.
536 1647 545 1661 ‘
563 1645 621 1683 Et,
638 1653 712 1675 cum
739 1642 781 1674 de
806 1641 927 1683 praeda
945 1651 1011 1672 non
1034 1650 1115 1672 con-

411 1695 581 1733 venirent,
616 1694 740 1724 iterum
770 1693 803 1724 in
831 1692 913 1723 duas
945 1690 1114 1722 factiones

412 1744 644 1776 diducuntur?
667 1743 771 1782 Scltef.

457 1798 474 1837 ξ
500 1799 518 1827 3
544 1797 719 1835 Pronepote
745 1792 886 1833 Seleuco]
917 1792 1034 1823 Male:
1060 1800 1117 1822 ne-

415 1847 572 1889 posenim
590 1844 896 1886 fuit‚ipsoJustino
913 1847 1012 1874 teste.
1047 1842 1116 1872 Hic

415 1898 504 1929 enim
542 1897 704 1928 Seleucus
743 1894 905 1926 Antiochi
941 1893 1030 1924 filins
1063 1897 1118 1924 est

419 1957 541 1979 xxvu.
559 1951 587 1978 l.
604 1950 633 1977 1.
650 1947 704 1977 hic
722 1955 803 1976 vero
818 1944 955 1976 Seleuci
972 1943 1070 1983 primi
1087 1953 1115 1973 s.

418 1998 592 2030 Nicatoris
610 2005 702 2027 xvu.
719 1999 749 2026 2.
765 1998 817 2025 10.
840 1993 984 2025 Freinsh.

461 2048 609 2086 Bulsone,
625 2046 674 2076 M.
694 2043 825 2082 Attilio]
849 2043 942 2073 Vett.
962 2041 1116 2082 plerique

418 2097 578 2128 Bulsione.
604 2094 756 2135 Legend.
779 2094 920 2124 Vulsone.
946 2092 986 2121 In
1004 2091 1117 2121 Fastis

418 2153 472 2178 est
489 2148 529 2179 C.
553 2145 704 2184 Attilius,
719 2153 784 2174 non
812 2143 863 2173 M.
881 2141 1035 2172 Attilius.
1059 2140 1118 2180 [In

418 2198 516 2229 fastis
544 2195 742 2236 Capitolinis
767 2204 786 2224 a
810 2192 931 2232 Pighio
951 2191 1119 2231 suppletis

421 2253 475 2279 est
506 2248 555 2278 M.
586 2244 755 2284 Attilius.]
793 2243 1026 2275 Constitutum
1066 2245 1120 2271 est

420 2297 627 2329 Parthorum
653 2295 844 2335 imperium,
874 2298 910 2324 et
936 2292 1121 2331 conditum,

420 2349 565 2379 Seleuco
592 2345 758 2377 Callinico
788 2343 901 2374 Asiam
929 2342 1120 2373 obtinente.

421 2398 536 2430 Strab.
565 2405 615 2427 xi.
642 2394 767 2426 Euseb.
798 2393 975 2424 Chronico.
1009 2391 1121 2422 Lubet

423 2447 619 2480 adscribere
648 2450 758 2476 ortum
781 2443 876 2483 regni
902 2442 1055 2473 Parthici
1080 2451 1122 2472 ex

424 2498 567 2538 Georgii
606 2495 765 2527 Monachi
806 2493 988 2531 Chronico,
1025 2493 1122 2532 cujus

423 2549 504 2580 mihi
520 2548 652 2589 copiam
669 2546 752 2577 fecit
770 2544 988 2585 praestantiss.
1002 2543 1052 2573 vir
1069 2544 1123 2574 Fr.

426 2602 593 2632 Pithoeus.
645 2597 752 2638 Συρίας
778 2595 828 2627 καὶ
852 2594 958 2627 Ἀσίας
982 2595 1006 2625 δ’
1024 2593 1125 2630 ἐβασί-

425 2659 535 2683 λευσεν
557 2651 713 2688 Ἀντίοχος
737 2647 909 2685 ἐπικληθεὶς
930 2645 1126 2685 Καλλίνικος,

426 2704 443 2732 ὁ
459 2702 547 2732 αὐτὸς
563 2700 612 2731 καὶ
628 2699 789 2732 Σέλευκος.
836 2699 880 2729 Et
906 2698 1005 2738 paulo
1029 2702 1123 2737 post:

426 2752 497 2783 Ἐπὶ
523 2751 633 2782 τούτου
661 2751 717 2780 τοῦ
746 2748 907 2787 Ἀντιόχου
933 2746 1047 2789 Πέρσαι
1070 2748 1127 2784 τῆς

429 2801 608 2833 Μακεδόνων
624 2800 673 2831 καὶ
687 2799 852 2838 Ἀντιόχων
872 2800 969 2839 ἀρχῆς
993 2798 1128 2834 ἀπέστη·

430 2865 489 2884 σαν
506 2853 554 2883 ὑπ’
568 2851 676 2883 αὐτοὺς
687 2852 846 2882 τελοῦντες
859 2850 918 2880 ἀπὸ
929 2848 1129 2889 Ἀλεξάνδρου

430 2904 485 2933 τοῦ
511 2902 649 2932 κτίστου·
673 2901 721 2931 διὰ
744 2899 889 2936 τοιαύτην
915 2899 1023 2930 αἰτίαν.
1061 2899 1127 2938 Ἀρ·

432 2952 527 2990 σάκης
555 2964 601 2984 τις
629 2951 678 2983 καὶ
714 2949 880 2991 Τηριδάτης
915 2948 1056 2989 ἀδελφοὶ,
1091 2948 1128 2979 τὸ

869 392 1012 422 NOTAE
1046 389 1312 420 VARIORUM

1348 389 1399 418 IN

1153 483 1242 523 ’γένος
1269 482 1415 514 ἕλκοντες
1435 481 1495 513 ἀπὸ
1520 481 1576 512 τοῦ
1599 481 1724 521 Περσῶν
1744 478 1855 519 Ἀρτα-

1155 534 1267 575 ξέρξου,
1288 532 1495 574 ἐσατράπευον
1509 530 1677 572 Βακτρίων,
1696 528 1745 559 ἐπὶ
1761 528 1855 567 Ἀγα-

1155 585 1299 616 θοκλέους
1322 583 1494 615 Μακεδόνος
1514 581 1653 622 ἐπάρχου
1676 580 1733 616 τῆς
1747 583 1857 619 Περσι-

1155 639 1220 674 κῆς·
1253 636 1287 667 ὃς
1312 635 1506 675 Ἀγαθοκλῆς
1531 631 1666 673 ἐρασθεὶς
1691 627 1856 671 Τηριδάτῃ,

1155 688 1195 719 ὡς
1210 685 1342 727 Ἀριανός
1357 692 1465 725 φησιν,
1482 683 1547 714 ἑνὸς
1560 685 1620 713 τῶν
1634 682 1787 720 ἀδελφῶν,
1803 678 1855 709 καὶ

1155 738 1211 769 τὸν
1237 736 1394 769 νεάνισκον
1422 733 1602 773 σπουδάζων
1627 731 1856 769 ἐπιβουλεῦσαι,

1157 787 1362 828 διαμαρτήσας
1397 784 1525 827 ἀνῃρέθη
1561 782 1632 824 παρ’
1669 782 1764 813 αὐτοῦ
1806 778 1858 810 καὶ

1154 838 1305 880 Ἀρσάκου
1327 837 1461 876 ἀδελφοῦ
1485 835 1588 866 αὐτοῦ·
1626 833 1677 864 καὶ
1699 829 1860 869 βασιλεύει

1157 891 1282 929 Περσῶν
1297 886 1459 928 Ἀρσάκης,
1473 885 1524 925 ἀφ’
1540 883 1574 915 οὗ
1586 884 1612 915 οἳ
1627 885 1751 924 Περσῶν
1767 885 1860 918 βασι-

1155 942 1221 970 λεῖς
1235 938 1410 979 Ἀρσακίδαι
1426 935 1651 976 ἐχρημάτισαν,
1668 933 1724 970 ἔτη
1740 931 1783 972 β’,
1805 931 1858 963 καὶ

1157 991 1322 1030 ἀναιρεῖται
1356 987 1407 1019 καὶ
1444 987 1510 1026 μετ’
1556 984 1650 1016 αὐτὸν
1689 981 1861 1024 Τηριδάτης

1156 1039 1290 1079 ἀδελφὸς
1312 1037 1366 1075 ἔτη
1382 1036 1446 1077 λζ’.
1479 1037 1659 1076 Integrum
1675 1035 1785 1065 locum
1802 1033 1860 1063 ad-

1159 1089 1293 1129 scripsi,
1309 1088 1387 1128 quia
1402 1086 1514 1117 editus
1531 1095 1597 1116 non
1614 1088 1679 1124 est,
1695 1088 1731 1114 et
1746 1091 1862 1113 narra-

1160 1139 1288 1169 tionem
1326 1136 1481 1167 continet
1518 1134 1682 1165 memoria
1713 1133 1860 1172 dignam.

1161 1189 1317 1227 Bongars.
1356 1186 1463 1217 Hisce
1489 1184 1611 1215 Suidas
1636 1182 1861 1222 obstrigillat,

1162 1239 1217 1280 qui
1233 1237 1365 1273 scr‘1bit,
1390 1236 1399 1253 ‘
1416 1235 1580 1267 Arsacem
1603 1233 1783 1272 Parthum,
1800 1232 1863 1262 im-

1162 1289 1258 1329 perio
1291 1288 1472 1318 Persarum
1502 1285 1646 1325 potitum
1671 1292 1758 1314 anno
1786 1284 1862 1313 293.

1163 1340 1226 1380 [sc.
1243 1338 1284 1369 ab
1300 1338 1396 1368 initio
1413 1335 1510 1377 Cyri]
1525 1335 1647 1375 ejectis
1666 1331 1863 1364 Macedoni-

1164 1390 1240 1428 bus,
1255 1397 1395 1429 regnum
1412 1386 1548 1417 Parthis
1564 1381 1766 1415 tradidisse.'
1800 1380 1865 1412 At-

1165 1449 1229 1480 que
1247 1439 1302 1469 ille
1320 1447 1423 1468 annus
1438 1439 1513 1467 293.
1529 1435 1625 1466 abest
1641 1444 1660 1465 a
1677 1432 1864 1465 Consulatu

1164 1488 1322 1520 Vulsonis
1339 1492 1374 1518 et
1392 1486 1514 1526 Reguli
1526 1485 1642 1527 (quem
1657 1484 1785 1515 Noster
1800 1486 1867 1513 ter-

1165 1540 1293 1570 minum
1309 1536 1446 1577 statuit)
1470 1535 1566 1566 annis
1592 1537 1644 1566 1⁷.
1668 1533 1784 1573 Major
1800 1531 1867 1562 dis-

1166 1590 1346 1630 crepantia
1373 1598 1428 1628 ap.
1451 1585 1644 1618 Marcellin.
1672 1592 1783 1614 xxm.
1813 1584 1866 1614 16.

1166 1639 1222 1681 qui
1237 1640 1414 1670 Seleucum
1428 1637 1592 1668 Nicatora
1605 1634 1648 1665 ab
1660 1634 1721 1664 hoc
1737 1632 1866 1664 Arsace

1167 1689 1377 1720 debellatum
1402 1686 1573 1728 perhibet,
1590 1695 1629 1716 ac
1646 1688 1717 1715 tum
1730 1682 1867 1714 Arsaci-

1167 1741 1285 1771 darum
1304 1740 1482 1780 imperium
1506 1738 1635 1768 iniisse.
1663 1736 1748 1767 Tac.
1764 1733 1811 1765 H.
1829 1743 1866 1765 v.

1167 1793 1198 1822 8.
1216 1793 1246 1821 4.
1262 1790 1323 1820 sub
1337 1789 1509 1820 Antiocho
1526 1787 1702 1827 Epiphane
1714 1785 1777 1816 hoc
1790 1793 1868 1815 con-

1167 1842 1285 1883 tigisse
1302 1840 1421 1872 refert.
1448 1840 1549 1870 Bern.

1210 1893 1226 1932 ξ
1248 1896 1266 1922 5
1292 1889 1477 1929 Theodotus]
1499 1887 1660 1920 Straboni
1674 1896 1725 1918 XI.
1744 1889 1867 1928 p.355.

1167 1945 1220 1973 20.
1247 1941 1400 1972 Διόδοτος.
1427 1941 1532 1979 Bong.

1212 1994 1228 2033 ξ
1241 1996 1261 2023 6
1278 1993 1421 2030 Arsaces,
1432 1992 1491 2029 vir,
1501 1992 1579 2021 sicut
1592 1990 1718 2021 incertoe
1729 1989 1873 2030 originis,

1167 2044 1214 2073 ila
1240 2041 1369 2073 virtutis
1395 2040 1547 2080 expertoe]
1591 2040 1718 2079 Georg.
1749 2039 1871 2069 Mona-

1169 2094 1250 2124 chus
1268 2093 1299 2122 in
1316 2092 1496 2132 allatojam
1514 2090 1612 2121 modo
1630 2091 1652 2120 1.
1665 2090 1749 2120 dicit
1766 2088 1870 2119 Arsa-

1169 2153 1242 2174 cem
1272 2148 1306 2172 ct
1337 2141 1478 2172 fratrem
1511 2140 1697 2171 Tiridatem
1732 2139 1774 2169 ah
1804 2137 1870 2169 Ar-

1169 2198 1324 2230 taxerxe,
1352 2191 1532 2221 Persarum
1560 2200 1651 2230 rege,
1683 2198 1787 2230 genus
1811 2188 1871 2219 du-

1170 2252 1259 2274 cere.
1288 2243 1474 2273 Berneccer.
1524 2240 1751 2271 Doctissimus
1778 2238 1873 2270 Schi-

1171 2293 1264 2325 card.
1282 2293 1315 2323 in
1331 2291 1452 2322 'l'arich
1468 2291 1598 2330 Regum
1617 2289 1758 2329 Persiae,
1773 2293 1871 2329 puta-

1170 2345 1229 2375 bat
1239 2343 1403 2383 originem
1416 2341 1550 2372 trahere
1562 2340 1720 2371 Arsacem
1733 2349 1751 2370 a
1765 2339 1872 2370 Dario

1172 2393 1413 2425 Codomanno:
1438 2390 1527 2431 quod
1553 2395 1665 2421 tamen
1691 2399 1756 2420 non
1781 2389 1874 2420 vide-

1172 2450 1237 2476 tur.
1272 2445 1360 2475 Nam
1377 2443 1412 2473 in
1429 2442 1597 2473 Chronico
1614 2441 1767 2480 Persice,
1783 2439 1873 2481 quod

1172 2504 1277 2535 penes
1301 2494 1345 2524 cl.
1374 2492 1629 2523 Elichmannum
1656 2495 1721 2530 est,
1747 2490 1874 2521 dicitur

1173 2556 1246 2578 esse
1262 2555 1305 2576 ex
1326 2545 1453 2576 semine
1476 2544 1716 2582 Chaichosrou‚
1741 2543 1797 2584 qui
1822 2546 1876 2575 est

1174 2598 1295 2638 Cyrus.
1340 2597 1445 2627 Pater
1461 2604 1539 2625 vcro
1557 2595 1630 2635 ejus
1645 2599 1786 2625 vocatur
1803 2594 1874 2625 Da—

1176 2648 1244 2679 rius
1275 2646 1423 2687 qnidam.
1484 2644 1569 2676 Quae
1602 2643 1712 2683 potuit
1751 2643 1875 2674 erroris

1177 2708 1275 2729 causa
1292 2696 1406 2727 fuisse.
1435 2695 1518 2726 Voss.

1220 2749 1237 2788 ς
1260 2750 1279 2777 7
1304 2746 1441 2777 Parthos
1469 2743 1642 2784 ingressus]
1687 2743 1799 2775 Credo
1827 2743 1872 2775 le-

1177 2797 1277 2839 gend.
1295 2797 1334 2826 P.
1350 2805 1442 2834 nggr.
1472 2794 1554 2825 Fab.

1219 2845 1462 2885 Amlragormn]
1480 2845 1592 2875 Unum
1608 2853 1649 2874 ex
1664 2843 1873 2885 Andragorae

1178 2898 1335 2939 posteris,
1350 2896 1391 2926 de
1405 2905 1471 2936 quo
1487 2904 1563 2935 sup.
1581 2903 1647 2925 xu.
1664 2897 1694 2925 4.
1708 2897 1759 2925 12.
1776 2902 1874 2934 quem

1178 2948 1312 2980 Ari-ian.
1324 2955 1379 2978 111.
1397 2945 1631 2986 Ammynapeu
1645 2948 1754 2976 vocat.
1770 2944 1876 2976 Geor-
