2101 3419
625 362 821 395 sosium
856 363 950 394 [ΑΒ.
982 363 1073 394 xx.
1103 364 1207 395 cAP.
1239 355 1277 396 1.
1590 355 1674 397 897

232 468 303 490 rem
331 458 341 476 ‘
356 457 473 490 Adriae
494 457 746 490 Marucinorum
771 457 843 498 agri
869 458 927 489 Pi-

232 508 307 539 ceni
319 507 464 549 oppido,’
480 508 568 549 quod
583 518 602 539 a
618 512 732 539 nostro
756 508 926 540 diversum

230 564 298 599 est,
311 559 472 591 tribuens.
496 559 546 591 Id.

275 610 292 650 ᾗ
307 612 346 640 10
359 610 404 640 Et
413 609 529 649 Arpos]
546 608 648 640 Prius
658 608 816 649 Argiripa
825 608 927 640 dicta.

232 658 354 699 Virgil.
372 667 423 690 xl.
445 658 605 690 AEn.264.
626 668 692 699 quo
705 659 726 690 l.
742 658 808 699 leg.
830 658 926 689 Serv.

233 708 389 747 Bongars.
422 707 512 739 Add.
529 707 677 748 Appian.
691 707 723 737 in
735 706 926 738 Annibalic.

234 766 267 796 p.
288 758 360 786 331.
377 766 407 788 c.
434 757 522 787 Plin-
539 765 595 788 111.
610 756 656 787 H.
675 756 720 787 N.
736 759 786 788 11.
807 756 927 796 Steph.

231 806 266 837 in
281 805 480 846 Ἀργυρίππα,
495 811 529 837 et
547 806 658 838 Schol.
682 805 926 846 Lycophronis.

231 857 288 887 De
297 856 359 887 hoc
368 857 493 898 oppido
505 856 722 897 accipiendus
733 856 896 887 Horatius
905 865 929 888 1.

231 908 266 938 S.
279 911 310 939 5.
323 910 376 939 86.
402 908 584 939 Berneccer.
621 909 673 939 Ex
685 907 928 949 antiquioribus

233 958 324 998 typis
340 968 434 999 expr.
448 958 556 1000 adjeci
572 963 614 998 et,
627 968 701 1000 quae
719 958 837 989 abesse
854 968 928 999 pos-

234 1018 269 1039 se
285 1018 352 1039 non
376 1009 522 1048 videtur,
546 1015 727 1051 postquam
750 1010 930 1052 praecessit

233 1059 241 1075 ‘
252 1058 358 1090 Adria
375 1060 527 1101 quoque!
559 1061 631 1092 Vor.

276 1110 307 1151 §¹
325 1113 363 1141 11
403 1111 529 1142 Graecos
560 1109 712 1151 auctores]
755 1110 883 1152 Pisani,
905 1121 930 1143 s.

234 1161 378 1201 Pissam,
394 1171 421 1193 s.
438 1162 536 1192 Pisas
552 1161 645 1203 (nam
662 1161 754 1192 varie
776 1162 931 1193 scribunt

235 1210 405 1253 auctores)
426 1222 446 1243 a
461 1212 563 1251 Pisis,
579 1211 685 1243 Elidis
704 1212 738 1242 in
759 1211 930 1252 Pelopon-

234 1270 317 1292 neso
334 1262 430 1300 urbe,
452 1262 594 1293 deducit
610 1262 735 1293 Strabo
752 1271 782 1293 v.
808 1272 840 1303 p.
857 1264 930 1293 154.

236 1314 288 1343 12.
327 1311 418 1343 Plin.
435 1316 539 1342 111.5.
578 1312 797 1343 Itiuerarinm
813 1312 931 1343 Rutilii

235 1370 261 1392 1.
293 1364 367 1393 573.
412 1363 422 1379 ‘
450 1361 549 1393 Elide
586 1361 752 1393 deductas
780 1363 932 1404 suscepit

235 1412 374 1443 Etruria
387 1412 506 1443 Pisas.'
537 1413 636 1443 Bern.

282 1462 326 1492 Et
341 1463 373 1492 in
390 1462 517 1493 Thus-cis
539 1462 689 1501 Tarquini
704 1472 722 1492 a
738 1461 889 1492 Thessalis
903 1465 934 1493 et

236 1511 445 1553 Spinambris]
477 1513 588 1552 Spinae
603 1512 752 1552 potentis
766 1513 934 1552 quondam

238 1561 331 1592 urbis
347 1562 499 1592 meminit
509 1561 619 1593 strab.
632 1571 666 1593 v.
679 1571 787 1602 prope
801 1562 934 1593 Raven-

240 1621 330 1651 nam,
344 1616 378 1642 et
394 1612 484 1644 Plin.
505 1621 562 1643 111.
581 1615 631 1643 16.
667 1613 791 1643 Strabo
804 1613 935 1644 Raven-

239 1671 316 1693 nam
349 1672 368 1693 a
399 1661 568 1692 Thessalis
598 1662 769 1693 conditam
804 1662 880 1694 eod.
912 1663 934 1694 l.

238 1712 374 1749 scribit3
399 1711 488 1742 unde
508 1711 540 1743 h.
556 1712 577 1742 l.
599 1711 733 1751 legend.
750 1715 832 1752 puto
849 1716 879 1744 et
902 1713 936 1744 in

243 1762 368 1792 Thuscis
383 1761 547 1801 Tarquinii
562 1772 580 1792 a
603 1762 766 1801 Thessalis,
782 1766 810 1793 ec
827 1762 937 1802 Spina,

239 1815 269 1843 et
287 1813 445 1842 Ravenna.
492 1811 579 1842 Nam
598 1811 793 1851 Spinambris
807 1812 936 1842 inaudi-

240 1867 312 1892 tum
349 1861 490 1892 verbum
532 1865 582 1891 est
620 1871 674 1901 ap.
713 1862 935 1902 geographos.

243 1912 392 1942 Glarean.

285 1960 447 2001 Tarquinii
461 1971 479 1991 a
504 1961 667 2000 Thessalis,
683 1964 714 1991 et
726 1960 936 2001 Spinambris]

240 2010 414 2041 Probatur
437 2011 517 2042 mihi
543 2011 702 2042 Glareani
725 2011 937 2051 conjectura,

239 2065 277 2092 nt
300 2061 449 2101 legamus
481 2061 647 2101 Tarquinii
671 2071 690 2091 a
714 2061 879 2100 Thessalis,
905 2064 936 2092 et

241 2111 351 2152 Spina,
366 2115 396 2143 et
421 2112 579 2143 Ravenna.
626 2112 823 2142 Ravennam
847 2111 935 2142 euim

240 2173 260 2193 a
285 2162 458 2194 Thessalis
481 2162 651 2193 conditam
676 2161 780 2192 docet
801 2161 936 2194 Strabo.

240 2212 359 2244 Malim
383 2217 497 2244 tamen
522 2215 552 2243 et
574 2212 672 2252 Spina
697 2212 779 2248 urbs,
806 2212 894 2252 quod
918 2222 937 2242 a

239 2263 349 2293 veteri
381 2263 463 2294 lect.
491 2262 631 2302 propius
665 2262 774 2293 abest.
833 2262 938 2302 Spina

240 2317 354 2343 autem
386 2311 482 2343 πάλαι
510 2311 655 2350 Ἑλληνὶς
682 2311 771 2343 πόλις
800 2311 935 2352 {vonges-z

239 2363 351 2394 Strab.
368 2372 404 2394 v.
439 2363 595 2401 Bongars.
640 2363 724 2393 Mss.
741 2362 866 2393 liabent
884 2364 937 2393 In-

239 2412 435 2453 spinambris.
493 2414 576 2454 Leg.
605 2413 705 2453 Spina
734 2413 768 2443 in
801 2413 937 2444 Umbris.

241 2463 382 2494 Plurimi
412 2464 500 2494 enim
530 2464 694 2494 Veterum
724 2461 938 2494 confundunt

241 2513 443 2544 Umbrorum
461 2518 495 2545 et
509 2514 642 2544 Tusciae
658 2513 830 2544 terminos.
850 2513 936 2543 Voss.

241 2562 370 2603 Recepi
386 2563 550 2604 insignem
567 2563 839 2594 emendationem
854 2563 938 2594 Vos-

242 2613 293 2644 sii.
341 2613 449 2644 Paulo
474 2618 553 2644 ante
584 2623 625 2643 ex
650 2613 746 2645 Juut.
769 2615 800 2643 et
824 2612 940 2653 Arpos,

241 2664 326 2695 Mox
351 2664 410 2695 iid.
437 2665 525 2695 Caere
548 2663 712 2702 scribunt,
734 2668 770 2694 et
788 2663 938 2695 Phalisci.

244 2713 358 2745 Graev.
405 2715 516 2746 Illust.
530 2715 642 2745 Vossii
657 2715 746 2755 conj.
759 2715 792 2745 iu
806 2719 937 2746 textum

243 2763 382 2803 recepi;
405 2769 473 2794 tam
494 2764 581 2795 enim
597 2765 654 2795 illa
669 2769 705 2795 et
725 2770 820 2795 certa
834 2769 887 2795 est
902 2768 938 2795 et

242 2813 359 2853 docta,
375 2824 472 2855 quam
491 2815 582 2855 vulg.
600 2815 717 2854 lectio,
731 2815 937 2855 Sfinambris,

242 2864 383 2895 antehac
399 2864 538 2896 ridicula
553 2865 630 2897 fuit.
656 2866 767 2898 Faber.

286 2914 494 2956 Spinambris]
525 2916 628 2947 Nulla
639 2921 692 2948 est
705 2917 827 2949 civitas
840 2917 938 2949 Grae-

328 2968 443 3009 Delph.
461 2971 489 2999 et
508 2968 583 3001 Var.
602 2970 686 3001 clus.

977 467 1017 489 ca
1033 458 1081 489 sic
1095 462 1229 498 vocata,
1244 467 1263 489 a
1280 468 1345 500 qua
1360 457 1471 490 Italiae
1488 457 1569 490 urbs
1583 467 1676 500 quae·

977 509 1052 539 dam
1070 508 1234 549 originem
1248 509 1374 539 ducere
1389 509 1553 549 potuerit.
1587 509 1676 540 Con-

971 558 1132 599 jecerunt
1141 559 1314 598 igiturviri
1326 558 1419 589 docti
1431 557 1676 598 aliter-legend.

978 617 1065 640 esse.
1110 609 1156 639 Et
1186 608 1366 639 novissime
1392 607 1526 649 quidem
1552 606 1679 639 felicis-

978 657 1130 699 simeque
1169 659 1266 689 Voss.
1307 658 1494 698 conjecisse
1531 657 1679 698 videtur,

978 707 1067 749 quod
1081 708 1215 748 legend.
1233 708 1288 747 sit,
1302 708 1399 748 Spina
1418 707 1452 738 in
1473 707 1606 738 Umbris.
1633 708 1680 738 Et

973 758 1067 798 juvit
1095 758 1184 798 conj.
1211 767 1299 796 eam,
1325 757 1412 798 quod
1438 757 1515 788 cod.
1542 756 1678 798 quidam

980 808 1045 840 Ms.
1073 808 1176 839 habet
1202 807 1436 848 Inspinambris.
1495 807 1572 837 Fuit
1597 816 1678 838 sane

979 858 1091 890 Italiae
1118 858 1198 889 urbs
1226 858 1332 898 Spina
1355 856 1512 888 nomine:
1539 866 1680 898 eamque

980 909 1138 940 Graecam
1167 907 1271 939 fuisse
1299 912 1334 938 et
1359 906 1484 938 Strabo
1514 906 1680 947 prodidit.

979 958 1088 990 Porro
1105 963 1144 990 ut
1167 958 1292 990 dicitnr
1307 958 1406 998 Spina
1426 958 1459 988 in
1477 957 1615 996 Umbris,
1631 957 1680 988 sic

980 1009 1158 1050 praecessit
1179 1010 1187 1025 ‘
1202 1009 1293 1039 Pisae
1308 1009 1341 1038 in
1354 1007 1558 1048 Liguribus:
1575 1011 1610 1038 et
1625 1008 1633 1023 ‘
1646 1007 1680 1038 in

979 1060 1095 1091 Tuscis
1117 1059 1289 1100 Tarquinii
1303 1057 1324 1089 :'
1354 1063 1392 1088 ut
1414 1058 1477 1088 hoc
1500 1057 1583 1089 item
1605 1067 1684 1089 con-

974 1110 1150 1150 jecturam
1165 1109 1394 1149 Vossiijuvet.
1425 1107 1498 1139 Vor.

1023 1159 1171 1191 Perusini
1188 1168 1303 1200 quoque
1318 1157 1469 1197 originem
1488 1156 1526 1187 ab
1541 1156 1681 1196 Achoeis,

980 1211 1050 1252 mu]
1077 1211 1394 1252 Appian.autemv.
1417 1209 1548 1240 B.Civ.
1575 1209 1683 1240 Peru-

982 1263 1065 1293 siam
1082 1272 1100 1293 a
1120 1261 1305 1302 Tyrrhenis
1321 1261 1356 1291 iu
1373 1260 1475 1291 Italia
1498 1259 1682 1298 conditam,

983 1317 1018 1343 et
1031 1312 1074 1344 ob
1090 1312 1123 1343 id
1138 1312 1307 1344 Junonem
1322 1310 1572 1350 Tyrrhenorum
1589 1318 1682 1340 more

983 1363 1016 1393 in
1033 1372 1074 1394 ea
1089 1363 1172 1393 urbe
1189 1362 1253 1393 coli
1277 1361 1409 1392 solitam
1434 1359 1549 1391 tradit.
1593 1358 1683 1390 Add.

983 1422 1058 1453 quae
1089 1413 1187 1443 Serv.
1220 1410 1398 1442 adnotavit
1427 1410 1470 1440 ad
1498 1409 1620 1450 Virgil.
1646 1419 1683 1441 x.

984 1463 1144 1494 AEn.198.
1166 1463 1266 1493 Bern.

1027 1514 1044 1553 ς
1074 1516 1114 1544 12
1147 1511 1260 1551 Cei-en]
1300 1512 1409 1542 Cceren
1432 1510 1486 1541 alii
1510 1510 1683 1542 scribunt:

986 1572 1085 1603 quam
1124 1572 1143 1592 a
1174 1561 1329 1601 Pelasgis
1368 1561 1540 1592 conditam
1578 1561 1686 1591 refert

983 1613 1098 1644 Strab.
1128 1612 1180 1642 De
1198 1612 1329 1643 urbium
1346 1611 1592 1650 conditoribus,
1605 1621 1686 1642 auc·

985 1667 1096 1694 torum
1113 1662 1334 1693 dissensiones
1348 1662 1401 1692 liic
1414 1666 1534 1692 notare
1551 1671 1617 1692 non
1633 1665 1687 1692 est

985 1713 1050 1743 mei
1064 1712 1255 1752 propositi:
1283 1717 1319 1742 et
1342 1716 1435 1742 tanta
1452 1715 1503 1741 est
1525 1711 1614 1742 inter
1627 1720 1684 1742 eos

985 1762 1142 1800 varietas,
1168 1765 1205 1792 ut
1231 1770 1274 1792 ne
1298 1760 1390 1791 urbis
1408 1760 1542 1801 quidem
1566 1761 1684 1792 Roniae

985 1812 1080 1852 origo
1107 1816 1252 1842 constet.
1277 1811 1433 1849 Bongars.
1478 1811 1624 1842 Bechar.
1649 1816 1687 1842 et

986 1862 1061 1892 aliae
1089 1862 1296 1903 antiquiores
1320 1861 1398 1892 edd.
1426 1861 1523 1892 Coere.
1569 1863 1613 1892 Et
1633 1867 1686 1893 cst

986 1921 1066 1942 sane
1087 1912 1175 1942 Coere
1189 1911 1588 1952 indeclinabilebquoque.
1613 1913 1686 1943 Liv.

985 1971 1020 1992 v.
1064 1963 1073 1978 ‘
1092 1962 1191 1993 Caere
1220 1961 1402 2002 pervexit.'
1449 1962 1608 1992 Ceterum
1638 1963 1686 1992 di-

986 2014 1074 2044 citur
1087 2022 1219 2054 quoque
1237 2013 1351 2052 Coeres,
1363 2014 1429 2052 itis,
1442 2018 1476 2043 et
1491 2013 1686 2049 Coeres‚etis.

985 2063 1063 2094 vid.
1079 2073 1212 2104 quoque
1230 2063 1340 2094 Notas
1352 2067 1484 2093 nostras
1498 2062 1532 2093 in
1545 2062 1619 2094 val.
1635 2062 1686 2093 M.

986 2122 1011 2143 1.
1028 2116 1058 2143 l.
1075 2115 1127 2143 10.
1157 2113 1231 2144 Vor.

1030 2164 1047 2203 ξ
1062 2165 1100 2194 13
1116 2163 1244 2203 Falisci,
1257 2161 1387 2202 Nolani]
1403 2162 1497 2193 Serv.
1511 2161 1554 2192 ad
1565 2160 1686 2202 virgil.

987 2213 1061 2244 AEn.
1077 2222 1145 2243 vn.
1168 2215 1243 2243 695.
1277 2213 1459 2244 Berneccer.
1504 2212 1599 2243 luter
1625 2212 1685 2242 hos

986 2263 1138 2293 nonnulli
1162 2263 1245 2292 Mss.
1273 2262 1423 2292 inserunt
1439 2261 1595 2302 Iapygios.
1641 2262 1687 2292 Et

987 2319 1066 2344 sunt
1076 2312 1210 2353 Iapygii
1222 2313 1358 2352 Magnae
1371 2311 1515 2342 Graeciae
1529 2311 1688 2352 populus,

987 2363 1152 2403 Messapii
1169 2363 1250 2393 alias
1267 2362 1388 2400 vocati,
1400 2361 1488 2402 quod
1505 2371 1547 2391 ex
1563 2361 1687 2401 Polyb.

987 2421 1044 2444 111.
1059 2416 1216 2453 apparet,
1239 2416 1275 2443 ut
1298 2411 1323 2443 f.
1348 2411 1459 2443 omitti
1476 2420 1541 2441 uon
1565 2410 1689 2441 debue-

987 2463 1066 2494 rint.
1091 2461 1196 2500 Schef.

1030 2512 1162 2552 Nolani]
1193 2510 1327 2542 Solinus
1349 2520 1425 2550 cap.
1449 2513 1480 2541 2.
1514 2509 1638 2540 Nolam
1668 2519 1687 2540 a

987 2562 1114 2602 Tyriis,
1139 2572 1164 2592 s.
1188 2562 1314 2602 potius,
1338 2560 1540 2591 emendante
1561 2560 1688 2590 Salma-

988 2614 1050 2654 sio,
1063 2614 1209 2652 Thuriis,
1224 2612 1281 2653 qui
1304 2622 1382 2643 mox
1398 2611 1540 2642 Thurini
1558 2611 1686 2642 Nostro

988 2669 1078 2704 sunt,
1094 2663 1264 2696 conditam
1288 2662 1431 2693 scribit:
1455 2662 1541 2692 Vell.
1562 2671 1586 2692 1.
1601 2665 1633 2693 7.
1656 2665 1687 2691 5.

987 2715 1149 2746 a'ruscis.
1189 2714 1273 2745 Cum
1297 2713 1446 2744 Auctore
1470 2717 1586 2743 nostro
1608 2721 1687 2743 cou-

986 2765 1091 2796 sentit
1107 2764 1206 2794 Silius
1224 2772 1295 2794 xn.
1313 2766 1362 2794 16.
1398 2764 1406 2780 ‘
1424 2762 1514 2793 Hinc
1530 2762 1571 2793 ad
1589 2762 1687 2793 Chal-

987 2815 1130 2847 cidicam
1156 2815 1319 2846 transfert
1346 2814 1433 2845 citus
1458 2814 1590 2855 agmina
1613 2813 1686 2844 No-

988 2865 1078 2897 lam.‘
1114 2866 1214 2896 Bern.

1032 2916 1190 2957 Abellam]
1214 2917 1268 2947 De
1287 2903 1423 2956 Abella,
1439 2925 1512 2957 qua:
1531 2918 1566 2945 et
1584 2912 1685 2945 Avel-

912 2969 1034 3000 Justin.
1528 2970 1546 2997 3
1571 2968 1599 2998 L
