2101 3419
711 350 760 380 EN
794 349 1060 380 JUS'l'lNUM.

172 449 217 480 ‘rit
240 448 291 485 xii,
312 451 363 484 11,
387 450 410 480 8
442 448 588 479 satellites
611 459 647 479 ex
672 448 772 479 Persis
796 449 872 490 legit

174 492 226 528 xii,
244 496 295 527 12,
310 495 330 523 4
354 491 604 531 Hephaestionem
618 491 728 532 sepelit
749 491 801 527 xii,
818 494 869 527 12,

175 537 216 565 12
245 544 396 564 venenum
421 534 497 563 bibit
527 534 578 568 xii,
595 537 647 569 13,
668 538 688 565 8
725 534 869 564 militibus

172 577 318 606 valedicit
348 576 399 612 xii,
416 579 467 611 15,
483 579 502 607 2
536 576 659 606 moritur
694 576 744 611 xii,
772 578 823 612 16,
850 578 866 606 l

172 619 239 658 ejus
265 618 397 659 elogium
434 619 485 654 xii,
516 621 556 649 16
578 628 632 659 per
655 622 710 648 tot.
743 623 868 648 mortem

171 661 240 700 ejus
250 661 469 700 consequentia
483 660 546 696 xiii,
563 663 579 691 1
601 666 633 690 et
645 671 730 700 seqq.
759 670 869 700 corpus

172 704 212 732 ad
228 702 431 733 Hammonem
446 703 582 733 delatum
604 703 665 738 xiii,
680 705 712 738 4,
729 705 749 733 6
773 703 868 732 Alex-

172 745 258 774 andri
274 745 365 775 etiam
381 745 490 774 mortui
505 745 673 775 reverentia
693 745 775 785 apud
797 755 868 775 suos

172 787 235 822 xiii,
253 790 284 822 4,
299 790 330 818 4.
364 797 412 823 xv,
428 790 460 822 2,
487 790 527 818 14
561 787 736 817 Graecorum
764 787 868 817 exules

170 829 303 859 restituit
339 829 402 864 xiii,
431 833 462 864 5,
492 832 512 860 2
548 829 685 859 Athenas
714 829 869 859 deleturus

171 876 246 906 erat,
262 872 287 901 si
303 871 425 901 vixisset
446 871 509 907 xiii,
521 875 552 907 5,
566 875 584 902 7
603 871 768 901 Alexandri
783 871 868 902 favor

171 913 235 949 xiii,
250 916 281 948 6,
300 916 351 945 12.
374 913 434 949 xiv,
447 917 477 949 1,
495 917 514 945 8
537 918 629 944 terror
641 914 722 954 apud
739 913 867 944 Cartha-

170 955 322 996 ginienses
343 956 395 991 xii‚
411 959 443 992 6,
460 959 476 986 1
501 961 571 996 post
588 966 658 986 eum
682 966 786 986 omnes
809 956 867 986 du-

168 1008 221 1028 ces
248 998 410 1027 fastidiunt
436 997 661 1039 Argyraspides
697 997 758 1033 xiV‚
787 1001 819 1034 2,
846 1001 866 1030 7

170 1039 347 1070 Alexander
361 1040 490 1070 militurn
506 1051 598 1080 opera
617 1050 744 1080 magnus
767 1040 867 1071 sactus

167 1081 229 1117 xiV,
245 1086 276 1118 2,
295 1086 334 1113 10
356 1082 564 1112 Alexandrum
580 1083 697 1112 mortali
713 1093 801 1113 manu
816 1093 866 1113 ca—

167 1125 252 1160 dere,
276 1125 322 1154 fas
346 1135 409 1154 non
433 1125 492 1154 fuit
518 1125 580 1160 xiv,
601 1128 632 1161 4,
655 1128 694 1156 12
726 1125 867 1166 Lysima-

169 1168 259 1197 chum
274 1167 353 1196 leoni
366 1166 473 1207 objicit
488 1178 538 1203 XV,
549 1170 581 1203 3,
597 1170 615 1198 7
631 1167 866 1198 Saudrocottum

168 1208 399 1249 interficijubet
419 1220 468 1244 xv,
484 1213 516 1245 4,
534 1213 573 1240 16
595 1208 662 1249 ejus
677 1214 742 1240 tota
756 1210 865 1241 domus

168 1262 188 1282 a
202 1251 373 1282 Cassandro
385 1251 503 1281 sublata
524 1252 583 1287 xiv,
598 1255 630 1287 6,
648 1255 699 1283 12.
721 1263 770 1288 xv,
786 1256 818 1289 2,
834 1256 865 1284 3.

168 1294 229 1330 xvi,
246 1297 276 1330 1,
294 1297 331 1324 15
356 1294 464 1324 eodem
490 1295 582 1324 modo
607 1295 778 1324 vindicatur
803 1295 863 1332 xvi,

168 1340 200 1373 2,
215 1339 236 1367 6
258 1335 424 1367 Alexandri
448 1346 572 1372 nomen,
595 1337 680 1377 quasi
704 1347 817 1367 numen
832 1337 864 1367 in

167 1378 313 1410 auxilium
327 1383 453 1409 vocatur
466 1389 484 1408 a
499 1379 725 1409 Macedonibus
739 1380 820 1416 xxiv,
831 1384 863 1416 5,

166 1425 189 1453 9
211 1421 377 1451 Alexandri
403 1421 513 1461 Magni
536 1421 616 1452 filius
640 1422 786 1452 Indorum
812 1433 864 1453 rex

167 1464 220 1499 xii,
236 1466 268 1499 7,
283 1466 322 1494 10
344 1463 511 1493 Alexandri
527 1463 614 1494 multi
629 1465 701 1505 (pro
715 1465 863 1495 similibus

167 1505 352 1546 Alexandri)
365 1506 428 1540 xiii,
444 1509 473 1542 1,
493 1509 528 1537 15
550 1506 652 1537 Vorst.

211 1547 386 1578 Alexander
409 1548 631 1589 Lyncestarum
653 1548 744 1579 frater
773 1549 815 1586 xi,
830 1553 863 1586 2,

167 1593 188 1622 2
212 1591 278 1632 (hic
303 1591 409 1621 Curtio
433 1596 479 1620 est
498 1590 673 1621 Alexander
694 1591 865 1632 Lyncestes

165 1632 218 1668 vii,
237 1636 267 1669 1,
282 1632 332 1673 6).
345 1637 468 1673 propter
481 1633 606 1663 insidias
619 1633 794 1664 Alexandro
809 1645 864 1674 pa-

166 1680 246 1705 ratas
261 1676 293 1705 in
307 1675 430 1705 vincula
443 1675 605 1716 conjicitur
627 1676 668 1712 xi,
683 1679 714 1712 7,
727 1679 748 1708 2
782 1677 865 1708 occi-

167 1717 251 1747 ditur
272 1717 325 1752 xii,
342 1720 393 1753 14,
411 1721 427 1748 1
446 1718 580 1748 Freinsh.

208 1759 384 1790 Alexander
400 1760 562 1790 Cassandri
578 1760 613 1790 F.
636 1760 697 1797 xvi,
711 1764 741 1798 1,
758 1765 776 1792 5

208 1802 384 1832 Alexander
397 1802 507 1843 Pyrrhi
522 1802 554 1832 F.
570 1802 641 1837 xvii,
659 1806 688 1839 l,
704 1806 722 1834 3
746 1803 862 1834 caedem

166 1845 299 1884 parentis
314 1844 469 1875 ulciscitur
489 1845 568 1881 xxvi,
583 1848 615 1881 2,
637 1847 675 1876 ll
710 1846 862 1876 Macedo-

165 1887 247 1916 niam
263 1891 395 1926 occupat
416 1887 496 1923 xxvi,
512 1890 543 1923 2,
561 1891 600 1918 12
613 1893 644 1918 et
653 1888 766 1917 amittit
781 1889 860 1925 xxvi,

161 1932 195 1965 2,
206 1932 245 1960 13
269 1928 435 1959 restituitur
456 1929 535 1965 xxvi,
546 1933 578 1965 3,
591 1932 607 1960 1
632 1940 763 1960 sororem
775 1941 860 1961 suam

163 1972 197 2001 in
213 1971 404 2001 matrimonio
419 1972 512 2002 habet
534 1972 636 2008 xxviii,
652 1974 682 2008 1,
701 1975 716 2003 l

205 2013 381 2044 Alexander
395 2014 499 2045 Persei
519 2014 555 2045 F.
579 2024 649 2045 cum
673 2019 758 2055 patre
774 2015 858 2056 capi-

164 2060 212 2086 tur
235 2055 338 2092 xxxiii,
353 2059 384 2092 2,
399 2060 420 2087 6

205 2098 382 2129 Alexander
395 2099 488 2129 falsus
511 2097 653 2140 (Βάλλης
678 2098 778 2130 dictus
801 2099 856 2130 Jo·

162 2141 277 2182 sepho)
291 2141 482 2172 Demetrium
497 2141 593 2183 Syriae
609 2152 714 2182 regnO,
740 2147 773 2172 et
794 2142 859 2172 vita

159 2183 246 2214 exuit
257 2195 345 2219 xxxv,
361 2187 390 2219 1,
403 2187 424 2215 9
444 2189 476 2214 et
490 2194 574 2224 seqq.
595 2185 674 2219 xxix,
687 2187 717 2221 1,
730 2187 751 2216 6
776 2185 858 2216 occi-

161 2227 245 2256 ditur
266 2237 355 2262 xxxv,
368 2229 400 2262 2,
415 2230 435 2257 4
458 2225 594 2256 Freinsh-

205 2267 381 2298 Alexander
398 2268 528 2309 (Zabina
541 2269 679 2308 Josepho
695 2268 813 2309 dictus)
840 2279 858 2299 a

162 2310 331 2340 Ptolemaeo
357 2311 521 2351 Physcone
550 2313 581 2341 iu
606 2321 732 2350 regnum
761 2311 857 2353 Syriae

161 2352 343 2382 subornatur
364 2353 463 2389 xxxix,
477 2356 507 2389 1,
521 2358 540 2384 5
562 2353 713 2384 occiditur
734 2353 857 2390 xxxviii,

162 2397 194 2430 2,
211 2397 229 2426 7
254 2395 390 2425 Freinsh.

206 2436 379 2467 Alexander
393 2436 554 2467 Ptolemaei
569 2441 691 2467 matrem
716 2436 859 2468 interficit

161 2479 260 2515 xxxix,
273 2482 305 2515 4,
320 2482 339 2510 7
357 2483 517 2518 propterea
529 2489 547 2509 a
559 2479 674 2520 populo
690 2478 722 2509 in
734 2479 857 2510 exilium

160 2521 285 2562 pellitur
299 2521 397 2557 xxxix,
413 2524 444 2556 5,
457 2524 477 2552 2

203 2563 389 2594 Alexandria
409 2563 440 2592 in
462 2563 604 2604 AEgypto
619 2563 658 2593 ab
680 2564 857 2594 Alexandro

159 2605 209 2635 M.
226 2606 368 2636 conditur
381 2604 422 2640 xi,
438 2608 490 2641 11,
503 2609 542 2637 13
559 2605 750 2646 Carthaginis
763 2616 856 2636 aemu-

160 2648 192 2678 la
213 2648 272 2684 xxi,
285 2652 317 2684 6,
333 2651 352 2679 3
377 2647 528 2679 aedificata
553 2658 571 2678 a
594 2648 761 2679 Cleomene
789 2649 853 2685 xiii,

159 2692 194 2726 4,
210 2693 248 2721 ll

203 2732 390 2763 Alexandria
404 2733 444 2762 ad
455 2732 582 2764 Tanaim
593 2733 735 2764 conditur
755 2733 808 2770 xii,
820 2737 852 2769 5,

202 2817 401 2848 Alexandrini
419 2818 482 2860 regi
497 2828 552 2849 suo
567 2822 697 2849 tutorem
711 2828 730 2848 a
752 2817 853 2849 Roma

159 2864 269 2900 petunt
290 2870 358 2896 xxx,
372 2863 403 2896 2,
417 2864 436 2892 8

202 2901 308 2932 Alias:
332 2913 482 2943 nusquam
507 2903 581 2933 alias
616 2902 658 2940 iv,
680 2907 710 2940 l,
725 2906 746 2935 9
781 2903 852 2945 (ubi

243 2955 359 2996 Delplt.
373 2959 404 2988 et
424 2957 496 2989 Var.
515 2958 597 2989 Clas.

1563 337 1613 377 ix

918 448 993 478 alias
1007 457 1060 487 pro
1075 446 1159 483 alibi,
1170 446 1229 476 alio
1241 446 1319 477 loco.
1341 446 1402 476 Sed
1416 445 1555 476 usitatius
1567 451 1615 477 est

918 500 974 531 pro
988 490 1048 519 alio
1063 489 1227 529 ternpore.)
1248 489 1351 519 Vorst.

960 532 1045 561 Alibi
1070 532 1141 567 xxii,
1156 536 1187 566 5,
1204 535 1243 562 ll

959 573 1103 604 Alienare
1131 573 1203 613 (pro
1233 573 1402 613 occultare)
1429 573 1511 609 xviii,
1539 575 1570 608 3,
1593 575 1615 604 9

917 615 1055 646 alienatis
1065 617 1155 646 rebus
1166 616 1242 656 (hoc
1252 624 1308 651 est,
1322 617 1482 646 recedente
1494 617 1616 645 fortuna

917 664 949 687 et
964 663 1080 688 mutato
1096 658 1194 697 priore
1209 668 1305 687 rerum
1329 657 1427 696 statu)
1446 658 1509 692 xiii,
1525 662 1556 693 6,
1574 661 1614 688 10

917 700 1052 730 Freinsh.
1084 699 1228 730 Alienare
1243 711 1261 729 a
1276 711 1307 730 se
1330 700 1461 739 aliquem
1488 701 1508 735 i,
1525 703 1556 736 7,
1574 703 1614 731 18

916 743 1065 772 alienatus
1081 741 1206 772 vocibus
1221 742 1342 772 alterius
1364 743 1406 776 vi,
1425 745 1453 776 l,
1466 745 1483 772 7

961 784 1102 815 Alienum
1118 784 1334 824 concupiscere
1350 785 1383 820 ii,
1398 787 1429 817 2,
1445 787 1465 814 9
1481 784 1615 814 alienum

916 826 1077 866 imperium
1099 827 1132 862 ii,
1149 829 1179 861 3,
1196 829 1212 856 1
1249 826 1341 856 alieni
1370 826 1554 855 abstinentia
1581 827 1614 862 ii,

916 871 948 904 2,
963 873 1001 900 11
1025 870 1064 900 de
1089 869 1191 899 alieno
1206 868 1306 908 largiri
1327 868 1426 903 xxxvi,
1443 871 1474 904 3,
1490 871 1530 899 12
1560 869 1614 898 ali-

916 922 974 942 ena
1004 912 1056 952 qui
1080 910 1216 946 affectat,
1248 912 1369 951 propria
1397 921 1479 950 saepe
1503 911 1615 940 amittit

916 953 1015 991 xxxix,
1027 957 1059 991 1,
1074 957 1092 985 3
1117 953 1222 984 alienis
1237 954 1388 984 excubare
1403 953 1526 983 sedibus
1550 953 1614 989 viii,

915 999 947 1032 4,
964 999 982 1027 7

958 1038 1113 1069 Alimenta
1142 1038 1174 1074 ii,
1192 1042 1222 1073 1,
1239 1040 1268 1069 8·
1302 1037 1344 1073 ix,
1366 1040 1398 1072 2,
1413 1040 1444 1068 7.
1475 1037 1529 1072 xii,
1544 1040 1576 1070 4,
1594 1040 1613 1068 8

915 1079 1127 1111 alimentorum
1153 1081 1268 1112 foedam
1291 1080 1459 1110 mercedem
1487 1081 1613 1111 reddere

915 1123 967 1160 xii,
980 1126 1012 1159 6,
1029 1127 1067 1155 ll

957 1165 1135 1206 Aliquando
1157 1165 1191 1202 ii,
1208 1168 1238 1202 1,
1256 1167 1305 1196 14.
1328 1164 1403 1201 xliii,
1417 1167 1449 1200 4,
1465 1167 1484 1195 4

955 1207 1188 1248 Aliquantisper
1202 1208 1233 1238 in
1248 1207 1405 1248 Scythiam
1420 1207 1566 1246 processit
1589 1207 1612 1243 i,

914 1253 946 1286 8,
961 1253 980 1281 3
1003 1250 1224 1292 aliquantisper
1239 1252 1382 1291 quievere
1397 1251 1470 1280 victi
1492 1250 1532 1284 iv,
1547 1253 1578 1285 2,
1591 1253 1612 1280 6

913 1293 1057 1324 insultare
1091 1294 1220 1324 Parthos
1248 1293 1468 1334 aliquantisper
1503 1302 1611 1332 passus

913 1340 960 1366 est
980 1335 1043 1371 xlii,
1055 1338 1087 1372 4,
1103 1339 1123 1366 S

954 1377 1156 1418 Aliquantum
1189 1389 1259 1414 xxv,
1274 1381 1306 1414 4,
1323 1380 1373 1410 10.
1406 1377 1509 1412 xxviii,
1535 1379 1567 1412 2,
1583 1380 1615 1407 5.

912 1421 1035 1457 xxxviii,
1049 1424 1081 1457 4,
1093 1424 1112 1452 7

954 1463 1077 1503 Aliquis
1100 1463 1162 1499 xiii,
1177 1466 1241 1499 2,3
1275 1463 1370 1503 aliqui
1391 1462 1423 1498 ii,
1448 1465 1479 1496 9,
1507 1465 1527 1492 4
1559 1461 1614 1491 ali-

912 1515 981 1545 quae
1004 1505 1084 1543 xxxi,
1100 1510 1131 1543 5,
1148 1510 1166 1537 5
1191 1506 1310 1546 aliquid
1331 1505 1363 1540 ii,
1383 1508 1434 1540 10,
1452 1508 1504 1535 15.
1531 1504 1614 1541 xxxi,

955 1589 1129 1631 Aliquoties
1150 1590 1214 1627 xlii,
1226 1593 1258 1626 2,
1271 1594 1290 1620 5

955 1632 1054 1663 Aliter
1077 1632 1111 1668 ii,
1129 1636 1180 1669 13,
1196 1636 1214 1664 3
1242 1638 1274 1664 et
1287 1635 1318 1664 6.
1346 1632 1388 1668 iv,
1405 1634 1435 1668 1,
1460 1635 1500 1663 12
1524 1631 1612 1662 aliter

912 1684 1005 1716 quam
1028 1686 1077 1711 κν,
1091 1679 1122 1711 3,
1135 1678 1174 1706 13

954 1717 1055 1748 Alites
1078 1717 1100 1754 i,
1112 1721 1144 1754 4,
1162 1719 1211 1748 lo.
1238 1716 1270 1752 ii,
1289 1719 1339 1751 13,
1356 1719 1396 1747 12

955 1760 1043 1789 Alius
1058 1770 1167 1790 :nemo
1182 1759 1259 1789 alius
1269 1759 1310 1794 ix,
1323 1762 1354 1795 7,
1367 1759 1520 1794 lOille-——,
1534 1758 1612 1789 alius

911 1801 973 1837 xiii,
990 1805 1021 1838 2,
1038 1806 1076 1833 11
1101 1803 1262 1832 ostendere
1278 1802 1354 1831 alius
1367 1800 1522 1837 canitiem,
1534 1802 1611 1831 alius

910 1844 1047 1881 vulnera,
1068 1844 1144 1875 alius
1169 1849 1261 1874 aetate
1285 1848 1445 1874 consumta
1471 1854 1610 1883 corpora,

910 1887 988 1916 alius
1003 1887 1195 1917 cicatricibus
1209 1887 1356 1917 exhausta
1378 1886 1430 1921 xii,
1442 1889 1474 1922 8,
1491 1889 1530 1917 12

950 1928 1095 1970 Allegare
1131 1930 1208 1970 (hoc
1232 1934 1289 1963 est,
1315 1934 1481 1969 praetexere
1497 1940 1505 1967 3
1540 1938 1610 1959 ror·—

908 1972 1052 2011 wenden)
1075 1972 1136 2007 xvi,
1150 1975 1180 2009 1,
1197 1975 1237 2003 10
1260 1971 1316 2014 (L.
1333 1974 1364 2003 9.
1388 1971 1431 2001 D.
1470 1971 1509 2001 de
1535 1971 1610 2001 Pro-

907 2014 988 2053 cur.)
1005 2014 1141 2044 Freinsh-

949 2055 1085 2097 Alligare
1098 2057 1207 2087 vulnus
1215 2055 1288 2097 (pro
1301 2054 1452 2096 obligare)
1463 2066 1511 2091 xv,
1523 2059 1554 2091 3,
1570 2058 1608 2086 13

907 2097 1043 2129 Freinsh.
1059 2098 1189 2140 Alligari
1210 2099 1242 2129 in
1258 2099 1412 2129 societatis
1427 2099 1543 2129 foedera
1556 2109 1609 2140 per

908 2141 1025 2182 legatos
1048 2142 1128 2178 xxiv,
1143 2145 1175 2178 1,
1190 2145 1210 2172 2

949 2183 1076 2224 Alloqui
1100 2184 1161 2220 xiv,
1176 2187 1208 2220 2,
1226 2187 1245 2215 8
1261 2188 1292 2214 et
1308 2186 1358 2214 12.
1375 2183 1439 2220 xlii,
1455 2186 1487 2219 4,
1504 2186 1544 2214 12

949 2226 1098 2266 Alloquio
1123 2232 1276 2267 postremo
1298 2226 1432 2266 aliquem
1455 2225 1608 2256 dimittere

907 2268 966 2305 xiX‚
980 2271 1012 2304 3,
1034 2272 1072 2300 11
1106 2269 1139 2299 in
1157 2269 1293 2309 alloquio
1319 2269 1450 2300 blandus
1473 2268 1557 2304 xxiii,
1575 2271 1609 2304 4,

909 2314 946 2341 15
971 2310 1135 2342 insidiosus
1147 2312 1281 2352 alloquio
1293 2311 1335 2347 ix,
1352 2314 1382 2346 8,
1399 2313 1419 2341 8

950 2352 1118 2384 Alludere:
1144 2354 1245 2384 infans
1270 2354 1367 2383 veluti
1388 2354 1427 2382 ad
1443 2357 1547 2382 notam
1563 2352 1607 2381 al-

907 2394 979 2425 lusit
1001 2396 1023 2432 i,
1038 2399 1070 2432 4,
1087 2399 1126 2428 12
1163 2395 1264 2436 (quod
1291 2396 1372 2425 ‘risu
1399 2394 1607 2434 cognoscere,‘

907 2437 1063 2477 eleganter
1075 2438 1152 2468 dixit
1166 2438 1277 2478 virgil.
1300 2437 1409 2478 Eelog.
1432 2440 1466 2468 4.
1487 2437 1519 2466 in
1535 2436 1608 2478 fin.)

907 2479 1045 2512 Freinsh-

949 2522 1047 2562 Alpes
1062 2533 1079 2553 a
1093 2522 1200 2553 Tuscis
1216 2527 1374 2563 occupatae
1390 2533 1440 2557 xx,
1454 2525 1486 2557 5,
1502 2524 1522 2552 9
1535 2525 1605 2561 post

906 2563 1070 2595 Herculem
1096 2575 1113 2595 a
1137 2564 1236 2595 Gallis
1261 2569 1411 2605 superatae
1433 2565 1512 2599 xxiV,
1529 2567 1560 2599 4,
1584 2566 1604 2594 4

905 2606 999 2646 (falso
1029 2607 1122 2648 igitur
1145 2608 1204 2638 hoc
1228 2607 1287 2637 sibi
1323 2606 1446 2636 ascribit
1468 2605 1605 2636 Annibal

903 2649 986 2688 apud
998 2649 1134 2689 Appian.
1146 2650 1176 2679 in
1193 2650 1232 2680 de
1247 2648 1328 2681 Bell.
1341 2649 1457 2690 Syriae.
1470 2659 1541 2690 pag.
1553 2651 1607 2680 91.

902 2691 934 2720 in
949 2691 1020 2732 fin.)
1035 2692 1170 2722 Freinsh-

945 2734 1063 2764 Altaria
1085 2733 1156 2770 xvii,
1172 2737 1204 2771 3,
1219 2736 1250 2764 7.
1273 2745 1322 2769 xx,
1339 2736 1369 2769 2,
1385 2737 1405 2764 4

944 2775 1152 2806 Alter—alter
1173 2777 1194 2812 i,
1212 2780 1242 2812 l,
1256 2779 1287 2807 6.
1321 2776 1354 2812 ii,
1367 2779 1398 2812 9,
1417 2779 1432 2807 l
1458 2775 1535 2805 alter
1563 2786 1601 2806 ex

900 2818 971 2848 filiis
991 2819 1091 2854 xxxix,
1108 2822 1139 2854 3,
1156 2822 1173 2850 1
1197 2818 1284 2849 alteri
1307 2818 1420 2859 (plur.)
1447 2829 1496 2854 xx,
1512 2821 1544 2855 2,
1569 2822 1602 2849 8.

902 2872 972 2897 xxx,
988 2865 1018 2897 4,
1036 2865 1073 2893 15
1098 2861 1190 2892 altera
1205 2861 1279 2903 (pro
1294 2861 1454 2902 alterutra)
1481 2861 1524 2897 xi,
1548 2863 1600 2897 12,

903 2906 942 2934 10
966 2904 1044 2945 (non
1066 2914 1121 2945 pro
1145 2904 1216 2941 alia,
1243 2914 1311 2935 meo
1334 2903 1458 2946 quidem
1484 2903 1600 2936 animo.

801 2957 872 2988 [nd.
888 2957 974 2988 Just.
1497 2957 1515 2988 b
