2101 3419
412 379 496 419 995

412 483 468 523 qui
487 482 645 522 periculis
663 492 698 513 se
723 482 894 523 subducit,
917 482 1023 514 multo
1046 491 1114 514 ma·

406 535 530 574 jorem,
554 544 652 575 quam
669 535 727 576 qui
745 538 794 566 'ea
818 535 975 574 sustinet,
998 544 1114 575 repre-

410 585 606 616 hensionem
639 584 813 618 meretur!
867 585 924 617 Ita
946 586 1114 627 Sulpitius

413 646 467 674 ap.
495 636 569 667 Liv.
597 645 706 667 XXXI.
722 639 754 667 7.
778 639 810 668 2.
841 641 877 668 et
899 646 1013 668 rursus
1039 637 1113 677 ipse

412 685 634 716 Mithridates
655 685 728 717 init.
754 686 864 726 Epist.
881 686 924 717 ad
947 685 1114 727 Arsacen,

411 745 466 776 ap.
480 736 560 767 Sall.
578 736 625 768 H.
642 746 692 767 1v.
716 737 816 769 Bern.

457 788 474 827 ξ
491 790 510 817 2
541 788 606 818 Nec
628 797 677 818 eos
691 789 812 828 quidem
833 787 990 828 dubitare]
1024 787 1113 819 Scri-

414 837 515 868 bend.
526 848 564 868 ne
573 848 643 876 e⁰s;
659 842 695 869 et
706 848 783 870 mox
794 842 909 878 agatur
919 848 979 880 pro
991 839 1113 878 agitur.

416 888 567 920 Gronov.

457 940 474 978 ξ
498 941 516 969 3
531 937 668 978 Agitur]
698 939 747 970 Ut
763 939 870 969 multa
897 939 963 969 alia
986 938 1019 969 in
1042 948 1115 970 ora-

414 988 506 1019 tione
523 989 584 1020 hac.
606 989 773 1020 indirecta
799 993 888 1027 sunt,
913 998 988 1029 quae
1010 988 1114 1027 magis

414 1039 559 1069 orationi
577 1039 719 1070 directae
738 1039 1015 1077 conveniunt,ita
1027 1044 1063 1069 et
1077 1037 1115 1068 τὸ

412 1090 421 1106 ‘
439 1090 550 1129 agitur
564 1088 572 1102 '
609 1099 676 1120 non
714 1094 782 1121 tam
821 1089 861 1120 ad
900 1089 1114 1127 indirectam,

415 1148 514 1178 quam
541 1138 584 1169 ad
605 1138 771 1170 dii-ectam
797 1139 985 1169 orationem
1010 1138 1115 1179 perti-

415 1197 497 1219 nere
512 1188 657 1219 videtur.
695 1189 797 1220 Vorst.

459 1239 576 1270 Proelio
604 1239 790 1279 congressis]
833 1240 901 1270 Ms-
931 1239 1116 1280 Leydensis

412 1289 517 1332 praelii
544 1299 718 1329 congressu.
778 1290 834 1322 Ita
860 1294 896 1321 et
925 1290 995 1321 alii.
1040 1291 1116 1322 Nec

416 1340 516 1371 male.
551 1339 713 1371 Boxlwrn.

460 1391 510 1430 §7
538 1389 644 1421 Solum
657 1390 790 1432 finium]
824 1390 902 1422 Hoc
909 1391 1026 1432 finium
1049 1400 1116 1422 non

418 1440 554 1471 videtur
569 1441 696 1473 Justiui
713 1451 799 1481 esse,
816 1446 873 1472 aut
900 1443 963 1473 sub
985 1452 1028 1474 eo
1044 1452 1117 1473 cor-

418 1497 520 1530 rupto
545 1491 634 1522 aliud
660 1492 765 1523 latere
792 1492 1004 1533 vocabulum,
1027 1492 1118 1534 quod

417 1540 557 1572 difficile
574 1541 738 1573 divinare.
769 1542 875 1580 Schef.

465 1592 595 1623 Eosdem
625 1593 731 1623 Gallos
753 1593 925 1634 occupasse]
964 1592 1120 1625 Praefero

418 1642 508 1683 quod
524 1642 648 1674 habent
673 1643 757 1675 Mss.
781 1644 891 1684 Boug.
913 1644 1008 1675 iidem
1033 1644 1122 1675 Galli

418 1697 623 1734 occupassent.
660 1693 767 1725 Idem.

462 1745 478 1783 ᾗ
513 1746 532 1773 9
557 1744 595 1774 In
623 1748 743 1784 partem
769 1745 883 1775 virium
910 1755 1033 1776 suarwn
1059 1745 1124 1785 ipse

418 1794 573 1834 numeret]
613 1795 753 1826 Mallem
775 1796 888 1836 legere
904 1797 937 1827 in
950 1799 1041 1837 parte
1052 1806 1080 1827 v.
1097 1806 1124 1827 s.

418 1844 520 1883 ipsum
533 1855 692 1876 numerare
705 1857 718 1884 ;
742 1847 763 1878 i.
776 1856 806 1878 e.
821 1847 910 1878 inter
924 1857 993 1877 suae
1006 1852 1124 1887 poten·

421 1898 478 1927 tiae
509 1903 697 1928 assertores
722 1903 758 1929 ct
782 1904 1055 1939 propugnatores
1087 1908 1124 1930 se

420 1947 556 1978 habere.
591 1948 637 1978 Et
650 1958 738 1987 mox,
752 1958 814 1989 pro
829 1953 1064 1989 occupaverunt,
1076 1959 1124 1979 oc-

421 1998 608 2037 cupaverint.
630 1997 781 2030 Gronov.
826 1998 1124 2030 Constructionem

421 2048 477 2079 hic
495 2058 560 2079 non
579 2048 690 2080 video.
734 2048 907 2087 Debebat,
930 2049 993 2079 nisi
1013 2048 1126 2089 fallor,

422 2099 599 2139 scripsisse
619 2099 652 2129 in
677 2102 797 2139 partem
817 2109 846 2130 v.
862 2109 888 2130 s.
905 2109 936 2130 se
950 2109 1124 2132 numerare.

424 2148 478 2179 An
512 2149 625 2189 verba,
660 2158 779 2188 semper
808 2149 962 2180 Romanos
998 2150 1125 2189 terruit,

423 2199 590 2230 delenda?
648 2200 765 2231 Fieret
805 2199 963 2240 profecto
1005 2200 1125 2232 melior

423 2249 550 2280 oratio:
578 2250 620 2280 G.
633 2253 732 2280 autem
744 2260 853 2281 nomen
864 2250 1012 2291 (supple,
1023 2251 1126 2291 esse),

423 2301 500 2339 quod
512 2300 545 2330 in
555 2303 675 2340 partem
685 2310 713 2332 υ.
727 2310 752 2331 s.
764 2301 829 2341 ipse
840 2305 988 2332 numeret.
1013 2301 1124 2334 Schef.

426 2353 504 2383 Nou
536 2351 636 2383 facile
666 2352 738 2383 haec
774 2351 938 2393 refingam
970 2353 1126 2384 omnibus

424 2402 518 2432 libris
535 2402 659 2438 invitis,
675 2402 733 2433 sed
750 2403 864 2443 potius
875 2402 1019 2434 referam
1036 2404 1126 2435 inter

425 2452 484 2482 illa
501 2452 594 2491 vitia,
611 2452 730 2493 quibus
747 2453 832 2483 hane
845 2454 1031 2485 orationem
1044 2454 1127 2485 obli-

425 2513 524 2544 quam
550 2503 703 2534 laborare
732 2503 979 2535 Freinshemius
1004 2504 1128 2536 doctis-

426 2555 528 2584 simus
542 2553 694 2594 superius
709 2553 914 2585 observavit.
947 2555 1053 2585 Groev.

472 2606 540 2637 Hos
555 2607 608 2647 qui
625 2606 735 2638 Asiam
745 2606 897 2646 incolunt]
922 2605 1040 2638 Causae
1058 2617 1127 2639 suae

428 2658 554 2697 potius,
572 2666 672 2698 quam
690 2666 769 2687 vero
788 2658 893 2688 servit
909 2656 940 2688 h.
959 2658 980 2688 l.
998 2658 1130 2688 Mithri-

428 2707 538 2738 dates.
575 2707 697 2737 Verius
724 2706 766 2737 de
794 2707 870 2739 iisd.
898 2707 989 2739 Flor.
1011 2717 1051 2738 11.
1076 2711 1127 2739 ll.

428 2761 436 2776 ‘
457 2759 551 2789 Gens
579 2757 883 2798 Gallograecorum,
908 2758 995 2790 sicut
1020 2759 1128 2799 ipsum

430 2817 551 2839 nomeu
568 2808 694 2838 indicio
710 2812 776 2846 est,
799 2808 919 2848 mixta,
943 2813 978 2839 et
998 2809 1128 2840 adulte-

431 2864 514 2888 ratae
532 2858 681 2899 reliquioe
705 2858 893 2897 Gallorum,
913 2859 969 2899 qui
992 2860 1128 2890 Brenno

432 2907 530 2945 duce,
553 2911 616 2939 ἃς.
660 2907 782 2948 Itaque
800 2913 837 2939 ut
853 2907 984 2948 frugum
1002 2911 1130 2940 semina

432 2962 561 2988 mutato
579 2958 650 2990 solo
667 2957 896 2998 degenerant:
923 2959 970 2991 sic
993 2961 1049 2992 illa
1074 2970 1129 3001 ge-

870 388 1010 418 NOTAE
1044 387 1307 419 VAR10RUM
1345 389 1393 418 ΙΝ

1165 483 1269 514 nuina
1284 481 1401 514 feritas
1425 491 1539 514 eorum
1561 482 1713 514 Asiatica
1729 483 1864 514 amoeni-

1165 538 1237 563 tate
1254 533 1384 564 mollita
1398 531 1476 564 est.'
1499 531 1590 564 Add.
1610 532 1684 564 Liv.
1701 541 1864 565 xxxvul.

1166 585 1217 615 17.
1242 584 1342 615 Rern.

1208 634 1225 674 ς
1254 636 1294 664 10
1327 632 1512 673 Sagacz’ora]
1554 632 1594 664 In
1623 633 1710 665 Mss.
1740 632 1866 674 legitur

1164 684 1297 723 acriora,
1319 683 1408 724 quod
1430 683 1533 714 miror
1556 683 1706 714 omisisse
1733 693 1866 715 sumere

1164 733 1199 764 in
1220 738 1364 765 textum.
1411 734 1474 765 Est
1497 734 1586 765 enim
1611 735 1755 765 alterum
1779 735 1866 775 glos-

1165 785 1297 821 satoris,
1328 789 1365 816 et
1404 785 1542 826 quidem
1577 795 1715 826 prorsus
1744 786 1865 826 inepti.

1164 834 1295 876 Ecquid
1307 836 1395 866 enim
1410 836 1465 867 hic
1482 836 1650 876 sagacitas
1662 835 1778 876 faciat,
1789 846 1865 867 cum

1165 884 1208 915 de
1236 885 1364 917 virtute
1394 885 1659 927 fortitudineque
1685 885 1866 917 manifeste

1165 935 1350 975 praecedat,
1373 936 1630 978 operositasque
1650 936 1782 967 itineris
1805 936 1867 967 du-

1166 994 1221 1015 ros
1261 986 1386 1026 potius,
1425 995 1524 1026 quam
1565 996 1706 1027 sagaces
1735 985 1866 1018 faciat?

1165 1036 1269 1074 Schef.
1306 1038 1381 1069 Nec
1402 1037 1458 1069 hic
1479 1038 1549 1069 viro
1575 1038 1772 1070 doctissimo
1789 1048 1867 1079 pos-

1166 1095 1238 1117 sum
1263 1087 1485 1119 subscribere.
1531 1089 1706 1128 sagacitas
1733 1098 1775 1119 an
1799 1097 1867 1119 non

1167 1138 1350 1178 requiritur
1366 1137 1398 1168 in
1414 1138 1526 1169 bello?
1549 1140 1618 1170 Cur
1633 1139 1771 1170 barbari
1787 1139 1867 1170 viri-

1167 1187 1229 1218 bus
1252 1192 1287 1218 et
1311 1188 1438 1228 impetu
1463 1189 1674 1229 potentiores
1690 1189 1772 1221 victi
1787 1194 1868 1221 sunt

1167 1248 1188 1269 a
1209 1239 1381 1279 Romanis,
1403 1249 1502 1280 quam
1522 1241 1600 1281 quia
1621 1240 1656 1270 hi
1683 1239 1869 1281 prudenter

1167 1288 1352 1320 secundum
1369 1295 1477 1321 artem
1496 1291 1679 1322 militarem
1704 1290 1795 1322 bella
1811 1300 1867 1332 ge-

1168 1339 1313 1370 rebant?
1346 1339 1452 1371 Acres
1482 1344 1583 1372 erant
1606 1350 1721 1372 omnes
1751 1341 1868 1373 Galli:

1166 1389 1200 1420 h.
1216 1399 1247 1420 e.
1264 1389 1440 1431 intrepidi,
1459 1390 1626 1430 bellicosi,
1648 1391 1706 1422 sed
1729 1401 1796 1423 non
1819 1401 1870 1423 sa-

1166 1449 1288 1480 gaces:
1312 1440 1373 1472 sed
1398 1450 1465 1472 non
1482 1441 1614 1472 ratione
1630 1441 1753 1472 bellum
1775 1450 1870 1482 gere-

1167 1491 1262 1530 bant,
1275 1501 1350 1533 quae
1366 1501 1432 1522 non
1453 1496 1568 1532 potest
1590 1501 1664 1523 esse
1686 1491 1758 1523 sine
1774 1501 1871 1532 saga-

1170 1543 1287 1574 citate.
1330 1543 1480 1574 Pulchre
1507 1544 1584 1575 Seu.
1612 1552 1638 1574 1.
1667 1542 1711 1574 de
1736 1542 1794 1574 Ira
1817 1546 1869 1575 ll.

1170 1596 1180 1610 ‘
1197 1593 1377 1624 Germanis
1393 1593 1474 1635 quid
1490 1597 1543 1625 est
1562 1593 1766 1625 animosius?
1789 1593 1870 1634 quid

1171 1645 1214 1676 ad
1241 1645 1411 1676 incursum
1437 1645 1572 1677 acrius?
1596 1644 1677 1686 quid
1703 1653 1870 1676 armorum

1172 1697 1350 1738 cupidius?
1373 1697 1495 1740 quibus
1525 1697 1748 1729 innascuntur
1776 1696 1872 1727 innu-

1173 1748 1415 1790 triunturque‚'
1471 1752 1508 1780 et
1549 1758 1624 1789 quae
1671 1751 1873 1789 sequuntur.

1174 1799 1285 1830 Dein:
1327 1801 1336 1817 ‘
1354 1798 1523 1839 Agedum,
1558 1799 1624 1829 illis
1661 1796 1873 1838 corporibus,

1174 1849 1238 1880 illis
1256 1850 1390 1889 animis,
1403 1849 1555 1889 delicias,
1569 1849 1698 1889 luxum,
1720 1857 1803 1889 opes
1826 1847 1874 1888 ig-

1173 1900 1372 1931 norantibus
1408 1900 1451 1931 da
1485 1901 1662 1939 rationem,
1694 1898 1738 1930 da
1771 1898 1873 1930 disci-

1174 1951 1312 1991 plinam,
1334 1954 1372 1980 ut
1391 1949 1474 1980 nihil
1499 1950 1642 1990 amplius
1666 1948 1791 1988 dicam,
1815 1957 1872 1979 ne-

1175 2010 1271 2032 cesse
1308 2000 1374 2031 erit
1421 1999 1517 2030 nobis
1567 2002 1663 2030 certe
1701 1998 1872 2030 Romanos

1175 2060 1288 2081 mores
1306 2049 1491 2090 repetere.'
1517 2048 1591 2080 Hos
1608 2049 1725 2089 itaque
1741 2048 1873 2087 Gallos,

1175 2101 1232 2141 qui
1246 2100 1407 2131 virtutem
1421 2099 1598 2140 pristinam
1614 2099 1797 2135 retineant,
1808 2097 1873 2129 dif-

1174 2149 1360 2190 ficultates,
1398 2150 1544 2188 labores,
1580 2148 1674 2190 (nam
1708 2147 1874 2187 παθήματα

1174 2200 1353 2240 μαθήματα)
1363 2204 1397 2231 et
1409 2201 1486 2231 loca
1501 2199 1575 2240 ipsa
1585 2199 1740 2240 cultiora,
1754 2199 1788 2230 in
1802 2199 1874 2241 qui-

1176 2252 1239 2283 bus
1256 2251 1497 2290 consederant,
1509 2249 1700 2290 sagaciores
1717 2249 1874 2280 reddide-

1177 2307 1265 2342 rant,
1288 2306 1326 2333 ut
1348 2301 1480 2332 illorum
1506 2300 1557 2331 vis
1580 2300 1687 2341 magis
1715 2305 1809 2331 esset
1832 2300 1874 2331 ti-

1175 2352 1311 2392 menda,
1326 2362 1426 2393 quam
1449 2355 1654 2383 ceterorum.
1699 2350 1874 2382 Acuerant

1177 2404 1307 2435 ratione
1325 2404 1496 2442 virtutem,
1517 2407 1555 2434 ut
1579 2402 1698 2433 Florus
1713 2401 1875 2443 loquitur.

1177 2454 1332 2485 Plurima
1353 2458 1492 2494 possent
1507 2454 1542 2485 in
1557 2453 1645 2484 hanc
1661 2462 1731 2484 rem
1748 2451 1874 2493 afferri,

1177 2504 1239 2534 nisi
1257 2513 1309 2534 res
1327 2508 1418 2534 esset
1433 2503 1465 2533 in
1481 2507 1612 2544 aperto.
1640 2502 1748 2534 Groev.

1222 2555 1237 2595 ς
1264 2557 1300 2585 ll
1326 2555 1405 2584 Jure
1430 2553 1569 2593 imperii]
1600 2553 1684 2584 Mss.
1711 2553 1776 2585 uice
1799 2553 1875 2594 imp.

1178 2614 1253 2645 quae
1283 2604 1363 2635 lect.
1397 2603 1531 2634 omnino
1568 2602 1784 2643 praeferenda
1809 2608 1875 2635 est.

1179 2654 1349 2695 Intelligit
1377 2653 1466 2684 enim
1496 2654 1638 2684 alteram
1664 2653 1811 2694 imperii,
1839 2660 1876 2686 et

1180 2711 1329 2746 senatus,
1346 2711 1381 2738 et
1393 2706 1566 2737 consulum
1582 2709 1728 2746 partem,
1742 2710 1780 2737 ut
1795 2705 1876 2747 ipsis

1179 2761 1292 2789 essent
1317 2757 1407 2788 vices
1423 2756 1553 2796 imperii
1576 2760 1613 2787 et
1637 2761 1771 2796 partes:
1798 2765 1876 2788 cum

1179 2812 1339 2849 peterent
1356 2807 1472 2848 populi
1486 2807 1572 2838 Latii
1588 2808 1646 2848 jus
1662 2807 1826 2847 civitatis,
1840 2811 1877 2838 et

1181 2859 1325 2890 alterum
1341 2858 1524 2897 consulem,
1539 2863 1575 2888 et
1594 2857 1768 2888 dimidiam
1783 2867 1876 2889 sena-

1181 2914 1234 2940 tus
1256 2913 1399 2949 partem.
1447 2909 1535 2939 Flor.
1551 2917 1575 2938 1.
1592 2911 1643 2939 14.
1668 2909 1677 2925 ‘
1696 2908 1876 2949 Quinnjus

1181 2960 1342 2999 civitatis,
1354 2964 1486 3000 partem
1504 2958 1638 2999 imperii
1651 2967 1690 2990 ac
1702 2958 1876 3000 magistra-
