2101 3419
404 346 518 387 1064
710 355 968 386 RECENSUS
1004 354 1283 384 EDl'rloNUM
1307 354 1519 386 JUSTlNi.

402 456 467 493 .Ιο.
487 453 642 499 νπεῐίἰ,
661 455 723 492 Jo.
744 455 943 500 Schefferi,
964 461 1003 493 et
1034 456 1230 504 excerptis
1263 455 1440 493 aliorum.
1469 455 1639 492 Curante
1666 453 1846 492 Abraha-

403 530 467 554 mo
488 517 703 555 Gronovio,
744 517 925 568 Lugduni
945 520 1031 556 Bat.
1051 518 1156 568 apud
1176 519 1330 556 Theod.
1352 517 1476 555 Haak.

456 583 606 629 (1720).
638 581 800 618 Parisiis.
839 581 898 619 16.
921 582 1061 620 Justini
1081 582 1335 620 Historiarum
1370 595 1417 619 ex
1443 582 1572 630 Trogo
1601 582 1741 631 Pomp.
1760 579 1847 616 libri

403 654 527 681 XLIV.
551 657 638 680 cum
660 643 834 696 Prologis
864 645 1077 683 emendatis
1107 645 1286 696 notisque
1307 644 1514 683 illustratis.
1537 644 1656 682 Paris.
1688 656 1753 693 ap.
1783 643 1846 680 .Ιο.

402 708 519 757 Bapt.
542 708 699 744 Brocas.

459 776 554 814 1721
588 768 767 807 Londini.
789 775 823 808 8.
853 770 968 809 editio
989 772 1094 809 Petr.
1114 772 1193 810 JOS.
1227 771 1362 809 Cantel
1395 771 1433 808 in
1456 785 1565 810 usum
1585 769 1770 820 Delphini
1788 782 1846 806 re-

402 845 511 870 cusa.

460 902 560 939 1722
591 896 884 934 Amstelodami.
910 897 969 936 16.
1002 910 1063 946 ap.
1097 897 1544 946 Janssonio-Waesberg.
1565 896 1692 934 Editio
1709 895 1847 934 ceteris

401 959 639 997 emendatior
650 966 690 997 et
709 959 947 996 variantibus
968 960 1071 997 lectt.
1095 960 1254 997 auctior.
1276 960 1455 1009 Repetita
1477 973 1524 996 ex
1540 959 1657 1009 priori
1680 957 1793 1003 1706.

454 1046 506 1050 —
536 1022 829 1060 Amstelodami.
871 1023 930 1061 16.
961 1022 1102 1060 Justini
1130 1022 1308 1060 Historiae
1340 1022 1580 1072 Philippicae,
1622 1035 1669 1059 ex
1715 1033 1850 1058 recen·

400 1085 505 1122 sione
521 1086 582 1123 .Ιο.
605 1085 765 1135 Georgii
787 1085 944 1122 Graevii.
967 1086 1062 1123 Cum
1086 1084 1220 1122 Indice
1242 1098 1362 1122 rerum
1385 1084 1703 1134 locupletissimo.
1725 1087 1847 1122 Amst.

400 1148 503 1197 apud
527 1149 572 1185 R.
594 1155 634 1186 et
650 1150 700 1186 G.
723 1148 965 1186 Wetstenios.
1023 1148 1114 1186 Sine
1135 1148 1245 1186 notis.
1276 1148 1465 1198 Adjectos
1488 1161 1575 1186 vero
1606 1148 1726 1186 habet
1752 1149 1846 1185 Pro-

401 1211 508 1261 logos
528 1211 563 1248 in
583 1211 759 1261 Trogum
780 1212 919 1262 Pomp.

452 1297 504 1301 —
524 1273 702 1324 Lugduni
723 1275 810 1311 Bat.
836 1281 895 1313 12.
928 1288 1017 1311 cura
1048 1274 1151 1312 Petri
1173 1275 1392 1320 Burmanni,
1424 1288 1512 1312 cum
1546 1287 1643 1312 varr.
1669 1274 1776 1311 lectt.
1809 1279 1848 1311 et

400 1351 484 1374 cum
501 1337 726 1387 praefatione
742 1338 890 1383 eximia,
912 1352 999 1388 quae
1021 1338 1138 1375 habet
1159 1337 1403 1389 disciplinam
1425 1339 1656 1388 scriptorum
1678 1343 1847 1374 veterum

400 1406 504 1438 recte
539 1400 827 1439 tractandorum
859 1408 976 1452 atque
1006 1401 1258 1448 edendorum,
1292 1403 1448 1440 similem
1478 1403 1526 1447 ei,
1559 1414 1647 1452 quae
1682 1399 1849 1438 Phaedro

402 1465 608 1513 praeposita
625 1471 695 1503 est.

459 1533 557 1570 1723
589 1528 766 1565 Londini.
794 1535 852 1566 12.
874 1541 920 1565 ex
942 1529 1004 1566 ed.
1028 1529 1150 1567 Mich.
1173 1529 1365 1567 Maittaire
1387 1534 1501 1572 1713.

451 1613 504 1618 —-—
533 1591 708 1629 Basileae.
732 1598 792 1630 12.
814 1591 947 1629 eadem
968 1605 1116 1630 recusa.

457 1660 554 1699 1725
586 1655 728 1705 Lipsiae
754 1660 813 1693 12.
837 1669 870 1693 c.
894 1670 928 1693 n.
949 1656 1147 1694 Junckeri.

456 1723 555 1761 17⁴2?
587 1718 760 1756 Dublini.
786 1725 845 1757 12.
874 1720 930 1756 Μ.
952 1719 1105 1757 Juuiani
1128 1720 1269 1758 Justini
1290 1720 1471 1757 Historiae
1503 1717 1726 1769 Philippicae
1757 1730 1845 1756 cum

399 1781 501 1820 notis
521 1782 605 1818 Jac.
627 1782 839 1831 Bongarsii.

456 1850 556 1888 1729
588 1844 762 1882 Londini.
790 1852 849 1884 12.
868 1846 1064 1896 Repetitio
1082 1847 1145 1885 ed.
1170 1847 1290 1885 Mich.
1313 1847 1507 1885 Mattaire.

452 1912 555 1950 1730
583 1907 800 1957 Rotomagi.
822 1914 857 1945 8.

450 1992 503 1997 -
533 1970 712 2008 Londini.
743 1978 779 2009 8.
811 1984 900 2008 cum
934 1972 1249 2022 interpretatione
1269 1978 1308 2010 et
1338 1973 1435 2010 notis
1467 1974 1567 2011 Petr.
1593 1977 1675 2013 Jos.
1695 1976 1844 2022 Cantel,

399 2033 436 2069 in
458 2046 568 2070 usum
590 2033 788 2082 Delphini.
820 2033 947 2071 Editio
965 2047 1064 2072 nova
1094 2034 1145 2072 ab
1174 2036 1381 2073 innumeris
1400 2037 1592 2074 erroribus
1626 2039 1844 2077 emendata.

398 2095 579 2142 Londini,
601 2096 780 2146 impensis
801 2099 858 2134 W.
882 2098 1012 2148 Innys.

456 2164 551 2201 1731
586 2160 769 2196 Berolini.
791 2166 825 2197 8.
848 2160 1022 2198 Justinus
1043 2161 1269 2210 explicatus,
1292 2175 1322 2198 s.
1345 2161 1527 2199 Historiae
1547 2162 1777 2215 Philippicae
1798 2179 1844 2203 ex

398 2222 530 2271 Trogo
549 2223 828 2272 Pompeiolibri
850 2234 972 2261 XLIV.
993 2231 1097 2262 recte
1119 2225 1275 2263 tandem
1303 2225 1437 2276 captui
1450 2226 1666 2275 juventutis
1693 2241 1845 2266 accom-

400 2285 579 2331 modatae,
611 2285 733 2323 oder:
763 2286 956 2324 deutliche
978 2288 1053 2325 und
1091 2288 1189 2325 nach
1212 2287 1300 2326 dem
1321 2288 1470 2338 Begriff
1484 2289 1553 2326 der
1580 2291 1731 2340 Jugend
1751 2291 1844 2329 end-

396 2348 472 2385 lich
496 2349 606 2387 recht
625 2349 898 2400 eingei'ichtete
918 2350 1146 2401 Erklaerung
1165 2351 1231 2388 des
1251 2351 1408 2397 Jusfini,
1431 2355 1506 2390 ἃς.
1536 2354 1635 2391 nach
1668 2356 1736 2392 Art
1755 2354 1844 2392 dess

398 2411 522 2449 durch
544 2413 728 2450 Emanuel
749 2414 947 2452 Sincerum
970 2414 1115 2452 edirten
1137 2415 1306 2453 Cornelii
1327 2415 1489 2465 Nepotis
1512 2417 1588 2454 und
1620 2418 1671 2462 Q.
1707 2417 1845 2456 Curtii.

398 2475 536 2519 Berlin,
559 2475 631 2525 bey
648 2476 739 2514 Joh.
760 2476 879 2514 Andr.
903 2477 1084 2527 Rudiger.

456 2544 555 2582 1732
585 2539 809 2589 Edinburgi.
834 2546 896 2578 1⁶2.
1674 2590 1679 2595 θ

451 2624 502 2628 -—
523 2602 700 2641 Londini.
725 2609 759 2641 8.
781 2616 869 2641 cum
890 2605 1059 2643 versione
1079 2605 1243 2656 Anglica
1261 2604 1345 2643 Nic.
1365 2606 1508 2658 Bailey.
1528 2607 1614 2646 Vid.
1645 2606 1845 2645 versiones

398 2664 445 2701 ud
469 2665 506 2701 h.
529 2677 564 2701 a.

451 2750 502 2755 —
519 2727 614 2764 ibid.
637 2734 673 2766 S.
693 2741 780 2766 cum
803 2730 977 2786 vers-ione
998 2731 1166 2781 Anglica
1185 2732 1247 2770 .Ιο.
1270 2731 1424 2770 Clarke.

451 2791 657 2841 —Lipsiae.
685 2798 742 2831 12.
765 2806 800 2830 c.
821 2806 858 2830 n.
879 2793 1082 2831 Junckeri.

459 2859 558 2896 1731
590 2855 770 2893 Berolini.
793 2857 829 2894 8.
847 2870 881 2894 c.
905 2871 942 2894 n.
964 2858 1097 2895 Germ.
1119 2856 1167 2894 ad
1189 2858 1346 2895 modum
1365 2858 1526 2896 Sinceri.

457 2921 554 2959 1735
587 2917 763 2957 Londini.
801 2926 861 2959 12.
883 2921 940 2958 M.
962 2921 1114 2960 Juniani
1133 2922 1276 2960 Justini
1297 2936 1342 2960 ex
1363 2922 1484 2972 Trogi
1516 2921 1689 2973 Pompeii
1712 2921 1843 2960 Histo-
