2174 3424
597 342 791 373 JusTlNi
830 342 918 371 [ΛΠ.

233 442 268 470 at
292 447 358 469 non
382 437 439 468 ille
465 435 600 478 quidem
627 435 767 472 Justini,
791 434 848 465 sed
874 443 928 464 eo-

232 498 303 519 rnm
320 487 390 528 qui,
413 496 487 517 cuin
512 494 646 516 sensum
667 484 850 524 Scriptoris
868 483 929 513 mi·

231 548 292 569 nus
309 536 551 577 intelligerent,
575 539 610 565 et
637 544 785 564 mancam
804 543 841 564 ac
859 543 928 563 mu-

231 588 324 618 tilam
351 596 425 618 esse
449 585 652 615 sententiam
680 584 927 621 existimarent,

227 638 312 668 hanc
329 645 457 674 vocem,
471 636 592 674 agnitm
607 634 834 665 necessariam
851 644 927 664 esse

229 690 406 726 putarunt,
437 685 598 725 illamque
625 683 806 715 bellissime
833 684 927 714 addi-

229 737 370 773 derunt;
395 745 468 776 quae
487 739 599 766 tamen
617 734 693 765 liinc
718 743 853 774 prorsus
869 734 927 764 (le-

230 785 396 817 turbanda
414 789 476 822 est,
499 790 535 816 et
559 785 652 815 locus
680 784 727 814 sic
752 784 927 823 legendus,

227 836 276 866 sic
301 834 546 876 explicandus:
572 835 690 865 Battus
714 833 848 872 virginis
874 843 926 863 no-

225 886 307 917 mine
322 896 362 916 ex
376 885 528 926 responsis
542 884 647 915 urbem
665 885 807 925 Cyrenen
823 884 925 914 condi-

225 937 285 968 dit.
313 937 471 968 Condidit
487 936 600 967 urbem
614 945 656 966 ex
671 935 850 975 responsis,
863 935 881 966 i.
895 944 925 965 e.

226 992 264 1018 ut
280 987 449 1018 oraculum
462 987 623 1027 jusserat,
641 986 758 1016 urbem
775 990 927 1016 exstrux-

226 1037 271 1075 it;
295 1046 405 1078 neque
420 1037 482 1068 hoc
499 1037 617 1068 melius
634 1043 669 1067 et
687 1036 790 1076 magis
805 1036 926 1066 Latine

227 1088 334 1128 possis
361 1088 489 1127 dicere,
522 1097 561 1119 ex
587 1088 752 1126 responsis,
777 1091 813 1118 ut
848 1088 857 1103 ‘
883 1097 925 1117 ex

226 1142 364 1168 senatus
381 1137 560 1177 consult0,’
583 1139 592 1154 ‘
611 1147 654 1168 ex
677 1137 848 1168 sententia
875 1146 926 1167 se-

226 1188 328 1228 num,’
359 1194 394 1219 et
424 1188 491 1219 alia
527 1187 562 1219 id
591 1197 696 1227 genus
735 1197 790 1228 ap.
821 1187 926 1218 bonos

225 1239 419 1279 scriptoreS.
464 1239 595 1270 Urbem
613 1243 724 1269 autem
742 1239 832 1269 illam
849 1248 926 1269 con-

225 1289 326 1329 didit,
349 1289 409 1321 sed
436 1300 514 1331 qno,
549 1294 608 1320 aut
639 1290 735 1329 cujus
766 1289 925 1319 nomine?

226 1339 377 1380 Virginis
392 1340 538 1371 nomine.
584 1339 673 1370 Illud
691 1340 805 1380 itaque
820 1341 927 1378 agnito

228 1389 380 1421 funditus
407 1390 541 1422 delend.
567 1397 632 1422 est.
661 1389 770 1421 Faber.
817 1390 927 1420 Faber

230 1440 324 1471 delet
341 1450 456 1471 vocem
473 1440 592 1479 agnito.
640 1439 803 1479 Suspicor
820 1439 852 1469 in
870 1440 927 1470 illo

228 1500 302 1521 esse
332 1490 501 1530 mendum,
530 1496 566 1521 et
597 1499 658 1530 pro
686 1499 727 1520 eo
757 1489 929 1521 scribend.

229 1541 320 1572 alind
336 1541 427 1582 quid,
450 1541 540 1583 quod
557 1550 645 1572 nunc
671 1550 738 1571 non
761 1540 926 1571 occurrit.

232 1590 337 1628 Schef.

271 1641 405 1682 Battus]
431 1642 532 1683 Cujus
550 1641 679 1682 posteri
697 1649 757 1681 per
772 1643 845 1671 200.
870 1649 927 1670 an-

228 1700 287 1722 nos
302 1691 348 1721 ibi
366 1701 505 1731 regnum
523 1696 721 1730 tenuerunt,
738 1691 826 1732 quod
843 1701 928 1721 sem·

228 1750 291 1782 per
307 1751 327 1771 a
343 1746 443 1782 patre
464 1742 644 1773 descendit
669 1741 711 1772 ad
737 1741 855 1781 filium,
878 1741 926 1771 sic

229 1795 343 1822 tamen
367 1796 404 1822 ut
425 1792 523 1822 Batti
545 1797 580 1823 et
603 1791 772 1823 Arcesilai
790 1792 928 1822 alternis

227 1841 435 1873 dicerentur.
468 1842 548 1873 Vid.
561 1843 677 1873 Vales.
696 1843 736 1873 ad
755 1843 928 1883 Excerpta

226 1891 378 1923 Peiresc.
394 1892 539 1923 Diodori
557 1902 591 1932 p.
608 1895 660 1924 40.
686 1892 785 1923 Gron.

269 1940 357 1973 CAP.
374 1951 455 1973 vm.
489 1943 543 1982 §2
579 1942 694 1973 Odium
721 1942 926 1982 arrogantiae]

226 1991 298 2023 Cic.
316 1991 430 2022 Divin.
445 1992 478 2023 in
501 1992 617 2024 Caecil.
636 1995 686 2023 13.
710 1993 719 2010 ‘
738 1992 856 2023 Omnis
874 2002 926 2023 ar-

225 2041 384 2082 rogantia
399 2041 517 2072 odiosa
534 2041 617 2080 est3’
640 2042 673 2072 in
698 2045 828 2072 tantum
854 2042 926 2082 qni-

225 2091 314 2132 dem,
336 2096 374 2122 nt
388 2101 428 2123 ea
444 2092 540 2123 unica
562 2092 572 2108 ‘
588 2091 858 2123 contubernalis'
882 2092 927 2123 sit

224 2141 233 2158 ‘
250 2141 464 2182 solitudinis,'
486 2141 523 2183 (ἦ
538 2140 680 2172 αὐθάδεια
705 2141 811 2182 ἐρημίᾳ
831 2141 925 2180 ξύνοι-

222 2190 304 2233 κος,)
319 2197 357 2223 ut
373 2203 448 2223 cum
460 2193 607 2224 Platone
624 2197 741 2224 censet
754 2192 841 2233 Imp.
853 2193 926 2223 Ma-

222 2243 300 2274 nnel
317 2243 502 2284 Praecepto
518 2243 654 2274 educat.
669 2252 741 2283 reg.
759 2245 812 2273 52.
846 2242 926 2273 Pul-

224 2293 306 2324 chre
323 2293 467 2325 Latinus
491 2293 643 2324 Pacatus
666 2293 797 2332 Paneg.
813 2295 863 2323 20.
882 2303 926 2323 m.

224 2343 292 2384 Ap.
308 2344 458 2385 Thucyd.
475 2353 502 2375 1.
521 2347 574 2375 22.
590 2347 642 2374 13.
666 2347 780 2374 nostro
797 2342 925 2373 similli-

222 2403 312 2424 mum
328 2397 382 2425 est
398 2394 591 2434 exemplum
608 2393 802 2432 Pausaniae,
828 2392 923 2432 cujus

223 2443 419 2483 arrogantia
434 2444 518 2475 socii
529 2443 774 2484 Spartanorum
791 2441 923 2481 offensi,

221 2493 372 2533 plerique
391 2493 433 2524 ad
448 2492 676 2525 Athenienses
702 2492 924 2523 transierunt.

222 2543 278 2574 De
293 2542 414 2574 Prisco
431 2543 514 2574 item
529 2543 695 2583 Euagrius
710 2551 762 2573 vx.
785 2542 922 2573 Eccles.

222 2592 314 2624 Hist.
328 2596 360 2624 4.
385 2594 484 2624 Rern.
523 2593 565 2623 In
577 2593 663 2624 Mss.
679 2592 807 2633 legitur
822 2592 924 2623 odium

222 2645 252 2673 et
270 2643 466 2682 arrogantia,
489 2642 580 2675 unde
604 2643 754 2674 adducor
780 2647 818 2674 ut
843 2642 923 2674 lect.

223 2701 336 2722 veram
354 2701 410 2732 ap.
424 2693 515 2725 Just.
542 2696 660 2734 putem
677 2702 752 2724 esse
767 2693 869 2723 odium
883 2702 924 2724 ex

227 2743 418 2782 arrogantia.
441 2743 555 2776 Schef.

270 2793 434 2832 Gregatim
445 2794 682 2834 profugiebant]
721 2796 804 2836 Leg.
821 2797 920 2825 certa-

224 2842 294 2884 tim,
329 2852 397 2875 non
426 2846 594 2885 gregatim.
637 2846 692 2878 Sic
731 2855 781 2878 xr.
815 2849 846 2877 6.
872 2848 920 2877 14.

956 342 1064 370 xiil.
1099 342 1202 371 cxiv.
1235 332 1274 372 8.
1583 327 1671 368 851

980 434 989 449 ‘
1006 434 1099 464 Cert.
1118 434 1159 464 ad
1176 434 1356 464 Seleucum
1370 431 1532 463 deficiunt
1547 431 1568 462 :’
1582 441 1678 464 xxii.

980 485 1011 513 8.
1035 484 1150 514 ‘Ccrt.
1167 484 1196 513 ei
1218 493 1252 514 se
1277 482 1439 514 tradunt!
1485 482 1541 514 Sic
1558 484 1678 523 optimi

980 533 1104 573 quique
1127 534 1318 574 loquuntur.
1345 534 1420 564 Fah.

1024 584 1075 622 §3
1103 583 1240 614 Prodere
1267 584 1405 623 partium
1429 583 1596 614 exercitum
1627 595 1678 614 ro-

978 633 1051 672 luit]
1089 633 1178 664 Nob.
1195 634 1384 674 Peyrared.
1403 634 1540 673 legebat
1555 638 1678 673 partem

979 682 1145 722 exercitus,
1184 682 1286 723 idque
1317 693 1335 712 a
1365 692 1457 723 seqq.
1485 683 1677 714 confirmari

979 734 1102 765 aiebat.
1147 734 1288 766 Jndicet
1304 735 1426 765 lector.
1462 734 1547 765 Voss.

1022 786 1038 825 ᾧ
1063 789 1080 815 5
1107 784 1366 825 Polyperchonta]
1410 784 1484 814 Imo
1516 785 1678 816 Crateron.

978 834 1056 865 Vid.
1075 845 1152 866 mox
1169 838 1283 865 notam
1300 834 1339 865 ad
1358 843 1389 865 n.
1405 837 1437 866 7.
1461 834 1561 865 Bern.

1023 884 1252 924 Mnnsionibus]
1277 885 1321 916 G.
1346 884 1456 925 Major
1482 884 1515 915 in
1540 884 1596 916 ed.
1612 885 1676 915 Co-

978 935 1044 965 lon.
1066 934 1303 965 transitionibus
1328 935 1466 965 mallet:
1491 944 1557 965 non
1575 934 1673 966 bene.

978 985 1216 1016 ‘Mansiones'
1246 985 1358 1015 Plinio
1383 994 1451 1016 ΧΠ.
1483 988 1535 1016 14.
1580 985 1676 1016 Suet.

978 1035 1048 1065 Tit.
1065 1038 1114 1066 10.
1131 1038 1161 1066 3.
1186 1035 1361 1075 Lamprid.
1377 1035 1410 1065 in
1423 1034 1525 1067 Alex.
1537 1035 1615 1066 Sev.
1627 1039 1678 1067 48.

978 1087 1040 1116 &cu
1067 1089 1145 1116 sunt
1157 1085 1395 1125 habitationes,
1409 1086 1451 1117 ad
1469 1096 1550 1127 quas
1573 1086 1679 1117 viato-

979 1144 1029 1165 res
1066 1135 1260 1166 interventn
1292 1136 1401 1167 noctis
1430 1146 1463 1167 se
1495 1136 1677 1177 recipiunt.

977 1184 1135 1223 Σταθμοὺς
1158 1186 1216 1222 τῆς
1241 1185 1409 1227 ὁδοιπορίας
1431 1187 1584 1226 appellat
1606 1187 1678 1217 He-

978 1235 1108 1267 roman
1127 1237 1158 1266 in
1182 1237 1249 1267 fine
1273 1237 1331 1269 nb.
1355 1247 1396 1269 11
1421 1228 1679 1301 fluf3spann3

977 1277 1248 1329 Dfltbtlfljer·
1286 1289 1401 1320 Hinc‘
1414 1290 1679 1320 mansionaiins'

978 1346 1031 1377 ap.
1061 1338 1296 1379 Hincmarum,
1322 1340 1378 1381 qui
1407 1340 1676 1371 Graecobarbare

978 1388 1218 1428 δηριγευομονὸς,
1244 1391 1337 1430 quasi
1361 1389 1417 1421 τὰς
1446 1389 1553 1428 μονὰς,
1585 1390 1615 1421 h.
1646 1399 1676 1421 θ.

977 1439 1148 1469 mansiones
1158 1440 1309 1480 dirigens,
1322 1440 1418 1471 nobis
1433 1433 1492 1473 ein
1506 1433 1676 1480 ffsststCF,

978 1492 1121 1520 metator.
1165 1490 1252 1520 Sunt
1268 1491 1324 1531 qni
1349 1491 1406 1521 has
1434 1496 1537 1522 aetate
1564 1497 1678 1532 poste-

979 1538 1059 1569 riori
1074 1540 1259 1571 mutationes
1281 1540 1456 1582 (ἀλλαγὰς)
1483 1541 1592 1572 dictas
1618 1551 1678 1581 pn-

979 1592 1064 1620 tent.
1108 1589 1175 1620 Sed
1193 1589 1368 1631 differunt,
1384 1592 1471 1632 qnod
1486 1592 1584 1622 isthic
1605 1592 1678 1632 qui-

979 1639 1105 1670 escitur
1127 1644 1162 1671 et
1183 1646 1427 1680 pernoctatur:
1452 1642 1505 1673 hic
1522 1642 1600 1682 equi
1618 1647 1677 1672 aut

973 1691 1128 1731 jumenta
1144 1697 1329 1732 mutantur,
1352 1698 1388 1724 ut
1411 1693 1562 1723 ostendit
1578 1693 1618 1723 V.
1636 1693 1675 1723 C.

979 1742 1082 1781 Casp.
1116 1742 1276 1773 Barthins
1304 1742 1449 1773 Advers.
1469 1751 1550 1772 XLV.
1564 1746 1594 1773 5.
1624 1752 1676 1782 pr.

978 1792 1063 1822 Ead.
1081 1797 1134 1823 est
1161 1793 1234 1823 haec
1262 1793 1393 1832 phrasis
1411 1792 1571 1823 Auctoris
1598 1803 1676 1823 cum

978 1841 1050 1871 istis
1067 1842 1137 1872 Liv.
1157 1851 1291 1873 xxvnl.
1310 1845 1359 1874 19.
1372 1846 1402 1874 5.
1426 1844 1434 1860 ‘
1450 1843 1584 1875 Quintis
1608 1852 1677 1873 cas·

980 1892 1040 1922 tris
1067 1892 1108 1923 ad
1136 1892 1317 1932 Illitnrgim
1348 1892 1528 1933 pervenit.’
1578 1893 1675 1924 Cnrt.

978 1950 1029 1973 1v.
1046 1944 1077 1972 9.
1094 1944 1146 1972 24.
1169 1942 1385 1973 ‘Undecimis
1414 1942 1534 1973 castris
1557 1951 1677 1982 perve=

977 1991 1028 2022 nit
1055 1991 1097 2022 ad
1122 1992 1357 2032 Euphratem.'
1402 1993 1530 2023 Lucan.
1549 2001 1582 2022 v.
1600 1994 1674 2023 374.

976 2043 985 2059 ‘
1000 2042 1148 2073 Decimis
1163 2042 1307 2074 castris.'
1333 2044 1382 2075 Id.

1020 2093 1037 2133 ᾧ
1075 2096 1095 2124 6
1128 2092 1192 2124 Sed
1218 2103 1268 2123 res
1295 2094 1453 2124 Eumenen
1483 2103 1541 2124 non
1568 2092 1676 2131 latuit]

977 2144 1104 2175 Nescio
1127 2153 1168 2174 an
1186 2142 1343 2184 praeferri
1369 2144 1503 2182 debeat,
1527 2143 1616 2184 quod
1640 2142 1675 2172 in

977 2194 1044 2224 Ms.
1078 2194 1261 2234 reperitur,
1288 2194 1433 2224 Eumeni.
1478 2193 1557 2225 Vid.
1576 2193 1675 2223 Voss.

977 2244 1019 2275 de
1037 2245 1171 2276 Constr.
1189 2248 1241 2276 35.
1265 2245 1369 2283 Schef.
1412 2246 1513 2285 Sane,
1527 2245 1552 2275 si
1566 2244 1675 2276 ceteri

975 2293 1054 2324 libri
1071 2295 1315 2335 consentirent,
1339 2300 1397 2327 aut
1412 2296 1468 2327 hic
1485 2295 1609 2326 ceteris
1625 2304 1674 2325 es·

977 2347 1031 2374 set
1046 2344 1224 2384 vetustior,
1251 2345 1383 2375 Eumeni
1405 2344 1608 2385 praeferend.
1625 2353 1674 2374 es-

975 2397 1027 2424 set
1043 2394 1219 2426 Eumenem.
1262 2394 1360 2425 Sicut
1380 2395 1468 2425 enin]
1486 2394 1604 2425 Latine
1625 2394 1675 2423 di·

975 2443 1086 2474 citnr:
1112 2443 1201 2474 Haec
1229 2454 1281 2475 res
1306 2449 1405 2484 patet
1429 2444 1518 2485 mihi,
1540 2444 1589 2474 sic
1612 2448 1671 2474 et:

975 2492 1064 2523 Haec
1092 2503 1143 2524 res
1164 2494 1251 2524 latet
1275 2494 1367 2525 mihi.
1413 2495 1458 2525 Et
1482 2494 1530 2524 sic
1545 2493 1672 2523 Tullius

975 2547 1010 2574 et
1025 2543 1143 2583 optimi
1166 2544 1293 2584 quique
1319 2548 1398 2574 sunt
1424 2542 1542 2574 locuti.
1587 2542 1672 2573 Cum

976 2603 1056 2624 vero
1075 2594 1201 2634 legitur
1222 2595 1231 2611 ‘
1244 2594 1318 2625 haec
1336 2603 1388 2624 res
1412 2594 1498 2624 latet
1514 2592 1592 2630 me‚'
1619 2597 1672 2623 est

975 2643 1178 2674 Graecismus
1194 2654 1201 2674 ε
1218 2644 1309 2676 τοῦτο
1321 2641 1463 2675 λανθάνει
1477 2655 1525 2682 με.
1542 2643 1649 2673 Graee.

1017 2693 1143 2724 Securis
1156 2693 1189 2723 in
1204 2694 1327 2733 itinere,
1350 2696 1379 2723 et
1393 2693 1562 2733 pervigilio
1575 2693 1673 2722 noctis

965 2741 1120 2782 fatigatis
1149 2753 1307 2775 occursum
1333 2744 1394 2783 est]
1439 2743 1508 2774 Hic
1536 2752 1669 2783 quoque

974 2794 1138 2824 maculam
1164 2793 1341 2824 eluendam
1365 2792 1485 2824 habeo.
1530 2793 1612 2833 Leg.
1627 2802 1671 2823 se-

973 2843 1056 2874 curis
1069 2844 1120 2885 iis,
1143 2846 1173 2874 et
1195 2843 1306 2875 itinere
1332 2847 1363 2875 et
1386 2844 1552 2884 pervigilio
1574 2846 1671 2874 noctis
