2101 3419
727 356 775 385 ΙΝ
811 356 1084 388 JUS'HNUM.

185 455 217 489 6,
230 456 251 484 9
274 453 383 484 vulnus
398 453 447 496 (id
464 459 520 491 est,
544 454 681 495 cladem)
695 455 717 492 i,
733 459 765 492 8,
782 459 830 487 10.
856 468 884 492 ν,

182 499 214 530 5,
231 499 249 526 3
273 496 501 538 (Contrarium)
514 498 585 528 dare
596 498 716 534 vulnus,
725 498 801 529 ibid.
821 499 887 529 vul-

183 548 255 568 nera
277 539 310 575 ii,
326 542 378 576 11,
392 543 433 572 19
455 541 594 581 accipere
613 541 755 571 nuntium
778 542 800 577 i,
816 545 847 577 9,
864 545 884 571 9

183 590 306 620 parvam
328 592 451 612 manum
474 583 523 623 (id
538 588 595 619 est,
619 594 742 623 parvum
768 585 882 614 exerci-

184 624 265 660 tum)
279 625 299 658 i,
317 627 368 660 10,
384 628 423 656 21
441 625 544 655 Vorst.
567 626 706 667 accipere
717 632 801 667 grate
816 637 882 656 mu-

183 676 240 695 nus
262 667 302 702 xi,
322 670 372 702 10,
389 671 429 699 10
452 667 706 709 acciperejugum
728 669 799 704 xliv,
817 673 847 705 5,
861 671 880 699 8

181 709 334 748 patienter
351 709 461 750 jugum
477 711 627 741 servitutis
649 711 690 746 xi,
715 714 765 747 14,
781 714 801 743 7
834 721 880 741 re-

182 760 327 792 sponsum
339 752 392 788 xii,
407 756 438 788 2,
453 756 472 783 S
494 753 639 783 iracunde
658 753 765 784 laudes
779 758 880 794 pater-

181 803 236 824 nas
259 794 311 831 xii,
337 798 368 831 6,
389 798 409 825 6
441 795 474 825 in
497 795 686 826 deditionem
712 796 764 832 xii,
780 801 811 832 6,
827 799 879 827 18.

181 836 232 871 xii,
249 839 280 873 7,
297 840 336 868 13
374 837 534 877 imperium
568 837 620 874 xii,
646 840 698 873 16,
720 841 741 869 9
774 848 879 868 aurum

180 879 244 915 xiii,
260 883 291 915 5,
307 883 328 910 9
352 886 506 920 praecepta
520 879 638 910 virtutis
655 881 693 910 ab
708 880 811 920 aliquo
826 892 877 917 XV,

180 924 212 957 3,
229 925 249 954 6
272 922 434 962 pecuniam
457 923 519 958 xvi,
531 925 564 958 4,
579 926 600 954 9
614 928 646 953 et
660 926 702 954 20
724 922 878 953 conditio-

178 973 249 994 nem
263 975 316 1004 pro
331 964 492 994 manifesto
508 965 609 995 omine
631 964 716 1002 xviii,
729 970 760 1001 5,
774 969 792 997 3
810 976 878 1005 par-

179 1012 241 1036 tem
257 1007 388 1047 regionis
403 1007 434 1036 in
448 1008 619 1047 portionem
631 1008 704 1038 belli
727 1009 830 1045 xxviii,
847 1012 876 1045 1,

179 1051 196 1078 l
221 1049 353 1090 aliquam
377 1050 409 1079 in
434 1050 656 1080 matrimonium
679 1050 751 1087 xvii,
770 1054 802 1086 2,
827 1054 878 1082 15.

174 1092 278 1128 xxviii,
292 1096 322 1128 3,
333 1096 372 1123 10
384 1092 502 1123 cladem
515 1093 593 1129 xxxi,
605 1096 636 1129 6,
649 1096 669 1124 8
680 1093 878 1134 ignominiam

178 1134 258 1164 bello
281 1136 374 1170 xxxii,
399 1138 431 1170 3,
457 1138 497 1166 16
534 1137 672 1176 accipere
700 1136 878 1176 opinionem

176 1178 287 1208 veteris
302 1177 412 1208 fabulae
435 1178 498 1213 xiii,
513 1180 544 1213 7,
560 1181 580 1209 7
617 1178 792 1218 opinionem
823 1189 877 1218 pa-

176 1223 270 1250 ternae
284 1221 387 1250 mortis
408 1219 481 1256 xliv,
497 1223 528 1256 3,
539 1223 559 1251 2
582 1231 644 1250 non
657 1221 872 1262 accipiendum

175 1261 290 1293 bellum
304 1261 422 1298 statuit,
447 1263 500 1293 sed
523 1262 716 1294 inferendum
744 1264 825 1301 xxxi,
841 1267 873 1300 4,

216 1347 383 1388 Accipitris
396 1347 456 1377 ritu
477 1347 569 1384 xxvii,
582 1350 613 1383 2,
631 1351 650 1379 8

217 1389 329 1421 Accire
357 1390 470 1421 auxilia
501 1401 530 1426 V,
547 1393 578 1427 9,
595 1393 646 1421 14.
668 1390 770 1427 xxxiii,
797 1394 826 1427 1,
851 1394 872 1422 2

173 1434 289 1464 accitus
305 1434 344 1463 ad
370 1434 530 1473 prodenda
553 1433 705 1463 memoriae
727 1439 796 1463 acta
818 1434 870 1469 xii,

172 1479 205 1511 6,
222 1478 261 1507 17
285 1475 401 1507 accitus
423 1476 455 1505 in
476 1476 631 1506 civitatem
654 1476 726 1511 xxii,
749 1480 779 1513 1,
795 1480 815 1507 6
840 1476 870 1506 in

172 1529 299 1559 regnum
321 1519 421 1554 xxxiv,
436 1522 468 1554 4,
480 1521 510 1549 3.
533 1518 573 1554 xl,
591 1522 621 1555 l,
638 1522 657 1550 4

215 1561 395 1592 Acclamare
416 1561 438 1596 i,
452 1563 483 1597 6,
498 1563 529 1591 6.
554 1561 634 1597 xxiv,
651 1565 682 1597 5,
698 1564 718 1592 4

215 1603 354 1634 Acclinis
366 1603 473 1644 parieti
495 1604 598 1639 xxviii,
613 1606 645 1639 4,
659 1607 679 1635 9

214 1646 369 1676 Accusare
383 1646 555 1676 tarditatem
571 1646 701 1686 alicujus
734 1645 766 1681 ii,
784 1648 835 1681 15,
849 1648 870 1677 6

171 1689 382 1719 crudelitatem
408 1688 538 1728 alicujus
561 1689 620 1724 xiv,
636 1692 666 1724 6,
683 1692 703 1719 6
727 1698 869 1719 accusare

170 1731 256 1762 Deos
278 1732 338 1767 xix,
355 1734 386 1767 3,
402 1733 420 1762 3
453 1732 588 1761 accusari
610 1731 792 1772 proditionis
825 1731 868 1766 Vi,

169 1777 201 1808 4.
216 1777 237 1805 7
259 1774 395 1805 affectati
409 1774 495 1814 regni
517 1774 598 1810 xviii,
615 1778 647 1810 7,
670 1777 721 1805 18.
753 1773 814 1810 xxi,
838 1777 870 1810 5,

210 1858 433 1900 (Accusativus
447 1869 515 1890 cum
531 1857 697 1895 infinitivo,
709 1863 743 1888 ut
755 1858 874 1898 aliquid

169 1902 389 1932 subaudiatur:
414 1912 441 1932 e.
457 1912 487 1941 g.
515 1901 593 1937 Quis
616 1912 680 1931 non
708 1902 832 1931 miratur
844 1902 873 1941 ?)

169 1950 286 1974 tantam
314 1945 346 1974 in
371 1955 409 1975 eo
439 1945 580 1974 virtutem
608 1944 701 1973 fuisse
726 1944 758 1979 ii,
783 1947 813 1979 9,
833 1948 873 1975 19

169 1992 284 2017 tantam
300 1986 388 2017 famae
403 1986 597 2021 velocitatem
613 1986 706 2016 fuisse
733 1986 765 2022 ii,
783 1989 835 2022 14,
852 1991 872 2019 9

168 2034 288 2060 tantum
303 2029 334 2059 in
350 2040 412 2059 uno
428 2029 492 2059 viro
507 2029 602 2059 fuisse
616 2029 765 2059 momenti
793 2040 821 2064 V,
838 2032 870 2065 4,

168 2075 209 2105 12
233 2077 351 2102 tantum
366 2072 485 2103 facinus
500 2071 656 2102 admisisse
665 2071 793 2112 ingenia
807 2071 869 2108 viii,

167 2118 200 2151 2,
217 2118 258 2146 12

209 2156 406 2199 (Accusativi
421 2155 539 2197 Graeci)
554 2155 728 2198 Zopyriona
751 2156 783 2193 ii,
805 2159 836 2192 3,
848 2160 868 2188 4

167 2199 264 2230 Ionas
301 2200 335 2235 ii,
364 2203 416 2236 12,
433 2202 449 2231 1
489 2199 714 2229 Lacedaemona
737 2210 766 2234 V,
791 2203 820 2234 1,
847 2202 865 2230 3

164 2241 313 2273 Eleusina
334 2254 364 2279 V,
382 2246 434 2278 10,
449 2245 469 2273 4
493 2242 625 2273 Conona
646 2243 687 2278 vi,
705 2246 734 2277 1,
751 2245 771 2273 9
794 2243 868 2273 Ma·

167 2286 300 2315 cedonas
322 2285 375 2321 vii,
388 2288 420 2321 2,
436 2288 455 2315 7
479 2284 620 2325 Phrygas
641 2285 682 2320 xi,
696 2288 728 2321 7,
740 2288 761 2315 9

208 2327 344 2358 Acerbas
359 2327 465 2357 Elissae
480 2328 604 2357 maritus
627 2337 646 2357 a
661 2327 866 2368 Pygmalione

166 2374 294 2401 necatur
315 2370 399 2406 xviii,
413 2372 444 2404 4,
461 2372 481 2400 9

208 2411 321 2443 Acerbi
348 2412 499 2442 cruciatus
531 2411 612 2448 xviii,
635 2414 668 2447 4,
684 2414 724 2443 14
757 2412 866 2442 acerba

166 2460 198 2486 et
209 2455 348 2485 luctuosa
362 2464 409 2484 res
430 2452 556 2490 xxxviii,
571 2457 603 2490 8,
613 2457 660 2485 Χ14

208 2497 382 2528 Acerrimus
410 2497 489 2526 inter
516 2502 691 2527 recusantes
724 2497 776 2533 xii,
799 2500 830 2532 7,
845 2499 865 2528 2

166 2539 328 2572 acerrimus
343 2549 419 2580 puer
439 2539 492 2575 xii,
505 2541 557 2574 16,
568 2542 587 2569 7

207 2582 364 2613 Acerrime
379 2582 458 2613 ciere
473 2581 587 2612 bellum
608 2580 642 2617 ii,
659 2584 710 2618 12,
725 2583 766 2612 23
783 2591 865 2612 acer-

163 2625 238 2656 rime
250 2634 387 2666 pugnare
409 2623 450 2660 xi,
467 2627 520 2660 14,
536 2629 554 2655 5

206 2668 355 2698 Acesines
370 2667 466 2697 amnis
489 2666 541 2702 xii,
556 2669 588 2702 9,
604 2669 621 2697 1

206 2710 315 2741 Achaei
341 2709 557 2740 Perusinorum
571 2708 744 2740 conditores
767 2720 816 2745 xx,
833 2712 863 2745 1,

165 2756 204 2785 ll
229 2763 248 2783 a
271 2752 419 2794 Philippo
443 2752 483 2782 ad
507 2751 667 2781 Romanos
689 2752 864 2782 desciscunt

161 2795 246 2833 xxix,
261 2798 293 2831 4,
311 2799 350 2827 11
373 2795 489 2825 bellum
509 2800 618 2835 gerunt
644 2805 711 2825 curn
739 2794 863 2825 Nabide

162 2837 246 2874 xxxi,
270 2841 301 2874 3,
318 2841 337 2869 3
374 2848 443 2868 cum
473 2837 637 2868 Messeniis
670 2837 761 2873 xxxii,
785 2840 815 2873 1,
842 2841 863 2869 4

163 2892 234 2912 cum
258 2880 408 2911 Romanis
431 2880 532 2916 xxxiv,
549 2883 581 2915 2,
597 2883 613 2910 1
648 2890 702 2920 per
723 2879 863 2911 civitates

162 2923 259 2956 veluti
271 2934 326 2966 per
340 2924 474 2956 membra
488 2923 578 2955 divisi
593 2928 664 2955 sunt
677 2923 778 2965 xxxiv,
796 2927 826 2962 1,
841 2926 861 2956 2

1584 350 1635 391 iii

936 455 1118 486 Achaeorum
1133 456 1211 486 inter
1225 466 1256 486 se
1275 457 1470 498 conspiratio,
1494 457 1581 494 fides,
1604 463 1635 488 et

935 499 1075 539 potentia
1097 499 1195 534 xxxiv,
1214 502 1243 535 1,
1261 503 1276 530 1

976 540 1094 571 Achaia
1115 541 1158 577 iii,
1174 545 1205 576 6,
1221 544 1258 572 13

976 583 1119 613 Acheron
1132 585 1228 613 amnis
1244 583 1342 613 Italiae
1365 584 1418 620 xii,
1433 587 1464 620 2,
1483 587 1521 616 14
1545 584 1632 626 Epiri

933 625 985 659 xii,
1001 629 1031 661 2,
1058 628 1076 656 3
1101 626 1171 666 (ubi
1192 627 1377 656 Acherusius
1400 628 1497 656 amnis
1521 628 1633 658 dicitur

932 667 1086 706 adjectivo
1109 669 1147 697 ab
1168 667 1345 698 Acheronte
1360 669 1495 699 deducto
1512 682 1517 699 :
1545 672 1630 710 quod

931 720 993 739 non
1013 711 1142 740 advertit
1166 710 1301 741 Ortelius
1322 711 1355 740 in
1379 721 1455 742 voce
1476 712 1632 743 Acheron.

932 751 1087 790 Freinsh.)

973 793 1082 825 Aciem
1098 804 1235 834 rumpere
1258 794 1279 830 i,
1292 797 1324 831 6,
1340 798 1379 826 11
1404 795 1435 825 in
1452 796 1548 835 prima
1563 797 1629 827 acie

930 835 1074 867 dimicare
1096 836 1138 872 iv,
1155 841 1186 872 5,
1200 840 1218 868 7
1234 837 1299 867 acie
1311 838 1475 868 decernere
1491 839 1530 874 vi,
1543 842 1574 875 7,
1589 842 1629 870 10

929 880 1025 909 aciem
1041 879 1189 910 sustinere
1212 880 1253 916 vi,
1269 883 1301 916 7,
1317 883 1337 910 7
1361 880 1501 910 ordinare
1535 882 1575 916 xi,
1597 886 1629 918 9,

929 925 949 953 8
965 923 1133 962 producere
1148 922 1189 957 xi,
1204 925 1255 959 13,
1270 925 1287 953 1
1305 923 1470 952 exercitum
1485 923 1516 953 in
1532 925 1631 954 aciem

929 965 1097 1005 producere
1120 967 1235 1001 xx÷÷,4,
1250 968 1271 996 6
1294 965 1421 1005 primam
1446 966 1542 996 aciem
1568 967 1630 997 telo

928 1007 1123 1048 praefringere
1146 1006 1187 1043 vi,
1203 1010 1234 1044 8,
1250 1010 1270 1039 2
1293 1008 1324 1037 in
1344 1008 1441 1038 aciem
1464 1010 1632 1048 procedere

928 1050 990 1086 xiv,
1005 1053 1036 1085 2,
1054 1054 1069 1081 1
1094 1049 1127 1080 in
1141 1050 1238 1080 aciem
1262 1050 1448 1081 descendere
1481 1051 1542 1086 xiv,
1558 1055 1590 1087 3,
1608 1056 1626 1084 1

928 1092 1007 1122 inter
1029 1093 1105 1122 duas
1120 1093 1201 1122 acies
1221 1092 1255 1128 ii,
1270 1096 1301 1128 9,
1320 1096 1357 1124 11
1382 1093 1414 1122 in
1429 1093 1495 1123 acie
1519 1093 1628 1124 Persa-

928 1145 993 1165 rum
1008 1135 1075 1175 plus
1090 1136 1200 1176 praedae
1214 1145 1305 1175 quam
1321 1135 1448 1175 periculi
1464 1136 1504 1172 xi,
1517 1139 1568 1170 13,
1588 1141 1624 1168 11

970 1178 1089 1208 Acilius
1115 1178 1222 1208 consul
1252 1177 1412 1208 Romanus
1435 1177 1627 1210 Antiochum

928 1220 1026 1251 vincit
1048 1220 1127 1256 xxxi,
1144 1224 1175 1256 6,
1193 1225 1211 1251 5

970 1263 1137 1303 Acquirere
1162 1263 1292 1293 inimicis
1318 1263 1379 1293 suis
1400 1264 1503 1294 hostes
1525 1264 1569 1300 iii,
1591 1267 1625 1300 6,

928 1308 967 1336 11
991 1306 1144 1346 acquirere
1174 1305 1265 1335 alicui
1289 1306 1457 1346 periculum
1484 1317 1520 1336 ex
1549 1307 1627 1336 invi-

926 1348 988 1383 dia,
1008 1348 1162 1378 infamiam
1187 1359 1223 1378 ex
1245 1348 1418 1388 suspicione
1442 1349 1625 1389 proditionis

924 1389 970 1426 iii,
984 1394 1015 1426 7,
1031 1395 1050 1422 8
1074 1390 1228 1431 acquirere
1252 1392 1440 1421 incrementa
1461 1391 1546 1432 regni
1572 1393 1624 1427 vii,

924 1435 955 1468 6,
971 1436 1010 1464 12
1033 1433 1145 1463 viribus
1160 1434 1372 1464 auctoritatem
1387 1434 1499 1474 regiam
1516 1434 1578 1470 xiii,
1592 1439 1624 1471 6,

922 1478 943 1506 4
979 1476 1134 1516 regionem
1167 1475 1311 1512 xvi,2,2
1343 1477 1415 1506 novi
1441 1477 1626 1507 matrimonii
1675 1478 1681 1482 ’

922 1519 1048 1559 gratiam
1071 1519 1172 1554 xxviii,
1192 1522 1222 1554 1,
1237 1521 1255 1549 3
1287 1518 1396 1549 viribus
1413 1519 1473 1549 suis
1494 1530 1623 1559 regnum

921 1561 1023 1596 xxxiX,
1040 1564 1072 1597 7,
1087 1564 1106 1592 2
1139 1561 1280 1601 acquisiti
1304 1560 1369 1590 viro
1390 1561 1477 1602 regni
1501 1561 1624 1592 termini

921 1603 942 1638 i,
963 1606 994 1639 2,
1017 1607 1036 1633 8
1068 1604 1189 1633 habitus
1217 1603 1364 1644 squaloris
1391 1605 1431 1634 ad
1457 1604 1624 1635 misericor-

922 1645 1003 1675 diam
1019 1647 1271 1676 commovendam
1286 1646 1453 1686 acquisitus
1486 1647 1528 1682 iv,
1551 1650 1582 1682 4,
1600 1651 1619 1678 1

922 1689 1079 1728 acquisitae
1095 1689 1205 1719 classes
1228 1699 1257 1725 V,
1273 1691 1304 1724 4,
1322 1692 1360 1720 17
1385 1689 1534 1728 acquisita
1558 1691 1623 1720 hae-

921 1731 1102 1761 reditatibus
1117 1741 1210 1772 regna
1224 1731 1347 1766 xxxviii,
1362 1734 1394 1766 7,
1411 1735 1451 1762 10

968 1773 1049 1804 Acta
1060 1774 1227 1804 Alexandri
1241 1774 1313 1814 (pro
1328 1774 1417 1804 rebus
1432 1774 1541 1814 gestis)
1568 1774 1621 1811 xii,

924 1818 955 1851 6,
972 1819 1009 1847 17
1033 1822 1102 1847 acta
1113 1816 1255 1847 Herculis
1276 1816 1328 1852 xii,
1340 1819 1372 1852 7,
1390 1819 1429 1847 13
1452 1817 1555 1847 Vorst.

966 1859 1064 1888 Actor
1077 1859 1148 1900 (pro
1163 1858 1325 1898 histrione)
1341 1859 1382 1894 vi,
1393 1862 1424 1895 9,
1442 1861 1462 1890 4
1485 1859 1622 1889 Freinsh.

964 1900 1064 1931 Actus
1089 1903 1164 1943 (hoc
1185 1906 1241 1936 est,
1262 1902 1415 1942 actiones)
1441 1902 1520 1937 xxxi,
1547 1906 1577 1937 2,
1601 1906 1618 1933 1

922 1943 989 1983 (Ita
1003 1944 1034 1973 in
1048 1944 1134 1974 Orat.
1151 1954 1219 1984 quae
1234 1943 1329 1973 fertur
1343 1944 1501 1974 Ciceronis
1511 1945 1542 1974 in
1553 1944 1619 1973 Sal-

920 1985 1043 2016 lustium
1059 1997 1142 2016 num.
1157 1990 1188 2017 4.
1212 1987 1284 2016 item
1309 1986 1342 2016 in
1368 1987 1505 2017 secunda
1524 1987 1623 2028 Agra-

919 2029 962 2058 ria
977 2029 1033 2058 sub
1046 2029 1116 2070 fin.)
1132 2029 1268 2059 Freinsh.

959 2071 1056 2101 Acuit
1072 2072 1188 2102 animos
1202 2070 1314 2112 injuria
1329 2076 1361 2101 et
1380 2071 1547 2112 indignitas
1574 2072 1618 2107 iii,

917 2118 949 2150 5,
965 2117 985 2145 -1
1019 2115 1095 2145 vires
1116 2115 1246 2144 militum
1270 2114 1372 2144 labore
1403 2126 1451 2150 xx,
1469 2117 1498 2149 1,
1523 2118 1543 2146 2
1578 2115 1618 2145 ad

916 2157 1071 2187 acuendos
1085 2168 1206 2187 suorum
1224 2157 1341 2187 animos
1365 2157 1446 2193 xxiv,
1462 2160 1494 2194 7,
1512 2160 1552 2189 10

957 2199 1069 2230 Aculei
1084 2201 1260 2240 sagittarum
1282 2199 1323 2235 ix,
1340 2203 1370 2236 2,
1388 2202 1428 2230 13

958 2242 1118 2273 Acuminis
1134 2242 1226 2282 plena
1239 2242 1334 2272 oratio
1357 2243 1398 2277 ix,
1412 2245 1443 2277 8,
1458 2245 1499 2273 10

955 2285 1008 2314 Ad
1023 2286 1116 2315 instar
1131 2285 1209 2325 (vid.
1230 2284 1275 2323 I.)
1299 2286 1338 2314 ad
1361 2285 1518 2315 libidinem
1540 2285 1616 2325 (hoc

914 2331 970 2362 est,
987 2337 1040 2368 pro
1057 2326 1196 2367 arbitrio)
1220 2326 1285 2363 viii,
1313 2330 1344 2363 9,
1365 2330 1385 2358 7
1420 2328 1458 2357 ad
1489 2328 1616 2358 meliora

913 2370 1020 2408 patriae
1044 2375 1182 2410 tempora
1205 2380 1237 2399 se
1258 2380 1412 2399 reservare
1446 2370 1478 2406 ii,
1503 2373 1557 2406 11,
1583 2375 1615 2401 5.

913 2411 1017 2448 xxviii,
1033 2415 1065 2448 4,
1078 2415 1098 2443 9
1121 2414 1159 2442 ad
1177 2416 1363 2453 postremum
1379 2412 1419 2448 vi,
1435 2415 1466 2447 2,
1482 2415 1533 2443 12.
1549 2412 1616 2449 xiii,

914 2456 945 2490 8,
962 2457 1013 2485 10.
1035 2455 1095 2490 xiv,
1112 2457 1143 2490 3,
1160 2458 1189 2485 1.
1224 2455 1286 2491 xvi,
1311 2456 1344 2490 4,
1363 2458 1393 2485 3.
1415 2455 1496 2491 xxiv,
1521 2458 1552 2490 3,
1583 2459 1615 2486 9.

914 2506 984 2533 xxx,
997 2500 1030 2534 3,
1046 2500 1098 2528 13.
1120 2497 1191 2533 xliv,
1213 2499 1277 2532 4,4
1309 2497 1348 2526 ad
1374 2507 1508 2538 pugnam
1538 2498 1615 2531 (hoc

914 2544 970 2575 est,
985 2545 1019 2569 ut
1035 2539 1237 2580 pugnaretur)
1271 2539 1313 2575 xi,
1329 2541 1381 2575 13,
1396 2543 1416 2571 2
1448 2540 1487 2569 ad
1511 2540 1614 2580 sepul-

912 2585 1010 2611 turam
1033 2582 1180 2612 redimere
1214 2582 1246 2617 ii,
1275 2585 1325 2617 15,
1340 2585 1380 2612 19
1414 2592 1469 2612 sua
1497 2583 1614 2612 tuenda

912 2623 1034 2660 xxxviii,
1051 2627 1102 2659 10,
1120 2628 1138 2655 S
1154 2623 1249 2654 dilabi
1263 2623 1296 2659 ii,
1311 2627 1364 2660 12,
1381 2627 1421 2656 19
1437 2625 1502 2665 (Ita
1513 2625 1614 2655 Tacit.

911 2666 953 2696 iv.
978 2667 1062 2696 Ann.
1095 2670 1148 2702 73,
1175 2670 1191 2698 1
1216 2667 1255 2696 ad
1280 2677 1335 2696 sua
1357 2668 1487 2697 tutanda
1510 2667 1611 2707 digre-

912 2709 973 2749 di.)
997 2709 1020 2739 F
1022 2710 1131 2739 reinsh.
1147 2710 1186 2739 ad
1211 2715 1355 2739 terrorem
1371 2710 1506 2739 omnium
1520 2710 1612 2740 inter-

911 2751 1001 2782 ficere
1016 2752 1148 2792 aliquem
1172 2763 1201 2788 V,
1214 2755 1245 2787 9,
1261 2754 1281 2782 2
1304 2752 1343 2782 ad
1358 2757 1474 2782 metum
1493 2757 1609 2783 cetero-

911 2804 976 2824 rum
1008 2805 1058 2833 XV,
1085 2798 1116 2830 3,
1132 2799 1149 2825 5
1189 2795 1227 2824 ad
1258 2799 1456 2834 conspectum
1478 2795 1610 2835 alicujus

911 2836 1001 2878 (dum
1018 2837 1153 2877 aliquem
1166 2836 1336 2878 conspicis)
1357 2848 1407 2873 XV,
1419 2840 1450 2874 3,
1464 2840 1483 2868 8
1506 2837 1609 2868 Vorst.

910 2881 949 2910 ad
966 2879 1114 2910 ultionem
1130 2880 1267 2921 segnitiae
1290 2880 1382 2916 xxxii,
1396 2883 1428 2916 3,
1444 2883 1484 2911 16
1507 2881 1546 2910 ad
1563 2891 1612 2910 sos

909 2922 1017 2955 latium
1055 2922 1177 2955 alterius
1205 2922 1297 2955 alicui
1322 2922 1439 2965 aliquid
1475 2923 1609 2955 adimere
