2101 3419
798 404 846 434 IN
881 403 1147 435 JUSTlNUM.

277 497 394 530 Rector
415 500 538 537 xxxviii,
558 503 588 537 1,
606 503 646 532 10
670 504 800 531 rectores
817 500 941 541 triginta

234 541 366 573 Athonis
393 554 422 578 V,
439 546 469 579 8,
490 547 510 574 9
534 543 662 573 trecenti
675 542 789 573 Thebis
814 542 856 579 ix,
871 545 903 577 4,
920 546 939 573 8

234 590 365 615 rectores
390 585 472 621 xxix,
493 588 522 620 1,
540 588 568 616 8.
595 584 646 621 xli,
658 587 690 620 2,
704 588 723 616 3

278 625 472 657 Recumbere
501 627 532 657 in
563 627 704 657 convivio
731 636 800 657 curn
835 625 937 666 aliquo

236 667 313 703 xliii,
333 671 361 702 1,
377 670 397 698 4

279 708 451 740 Recurrere
474 709 547 746 xxii,
563 713 594 746 8,
611 713 626 740 1

277 749 436 781 Recusare
459 752 480 788 i,
496 755 547 787 10,
566 755 617 782 12.
639 751 679 787 vi,
697 753 728 786 8,
754 754 784 782 7.
819 750 883 787 xiii,
905 753 936 786 2,

237 795 288 823 11.
312 793 372 828 xvi,
391 797 422 828 5,
438 796 468 824 2.
491 794 594 828 xxviii,
611 796 642 830 3,
659 796 711 824 16.
733 793 816 829 xl,2,
831 796 850 824 3

278 833 425 864 Reddere
452 835 617 875 sepulturae
644 845 770 874 corpora
792 835 834 870 ix,
857 837 889 870 4,
916 838 936 866 4

236 876 363 906 reddere
389 876 522 916 aliquem
549 877 713 906 ludibrium
734 877 870 906 omnium
894 877 934 912 ix,

234 920 267 953 6,
283 921 303 948 6
338 918 465 948 reddere
494 924 567 948 vota
592 918 720 948 Herculi
746 919 787 954 xi,
816 922 868 953 10,
895 922 935 949 10

234 960 361 989 reddere
385 960 498 990 soedam
529 961 699 991 mercedem
723 961 814 990 alicui
836 960 888 995 xii,
902 965 934 996 6,

236 1003 274 1031 11
299 1002 426 1031 reddere
440 1002 584 1042 reliquias
609 1002 778 1042 aliquorum
801 1003 934 1041 paternis

231 1043 380 1082 sepulcris
401 1043 453 1079 xii,
467 1047 498 1079 8,
516 1047 556 1076 14
579 1045 706 1074 reddere
732 1044 865 1084 aliquem
887 1045 933 1073 in-

235 1084 343 1120 visum,
360 1091 537 1125 suspectum
558 1086 649 1121 xxxii,
666 1089 697 1122 2,
714 1089 733 1116 8
757 1087 843 1116 reddi
860 1087 932 1126 (pro

233 1125 315 1166 fieri)
338 1127 417 1162 xxix,
434 1129 466 1162 4,
483 1131 501 1158 3
532 1128 669 1158 redditur
683 1129 759 1167 (hoc
774 1133 830 1162 est,
855 1138 932 1168 prae-

233 1172 330 1197 statur
340 1173 372 1198 et
385 1170 598 1210 conservatur)
610 1170 682 1206 xliv,
696 1173 726 1205 1,
740 1172 780 1200 10
794 1169 930 1200 Freinsh.

232 1210 371 1240 redditus
397 1210 488 1240 saluti
509 1211 562 1247 xii,
584 1215 634 1246 10,
652 1215 668 1242 1
702 1212 828 1242 reddere
859 1212 930 1242 rati-

233 1261 324 1281 onem
340 1253 493 1282 servitutis
515 1264 585 1289 xxx,
601 1256 632 1289 3,
644 1257 664 1284 9

274 1293 432 1334 Redigere
447 1295 478 1323 in
495 1300 677 1334 potestatem
701 1295 722 1330 i,
739 1297 770 1330 S,
787 1298 816 1325 1.
838 1295 880 1331 ix,
899 1297 928 1331 1,

231 1336 264 1366 2.
286 1335 339 1371 xli,
356 1339 388 1372 6,
404 1339 424 1366 6
446 1336 479 1366 in
495 1337 620 1366 exilium
635 1337 706 1377 (pro
727 1337 864 1376 exigere)
886 1337 927 1372 ix,

231 1380 264 1413 4,
279 1380 299 1407 7
322 1377 458 1408 Freinsh.
481 1379 579 1419 redigi
595 1379 634 1408 ad
650 1383 765 1408 tantam
791 1378 927 1418 inopiam

230 1428 260 1454 ν,
276 1421 308 1454 6,
323 1423 342 1449 5
367 1419 400 1449 in
415 1420 572 1459 pristinam
588 1425 699 1450 sortem
710 1421 862 1450 servitutis
885 1422 926 1456 vi,

229 1464 261 1496 5,
279 1463 295 1491 1
320 1462 360 1490 ad
375 1472 523 1492 summam
538 1463 783 1502 desperationem
806 1461 846 1497 vi,
858 1467 890 1498 5,
908 1467 925 1494 7

229 1512 267 1532 eo
281 1503 390 1543 redigi,
406 1508 441 1533 ut
461 1504 526 1539 viii,
539 1507 569 1539 4,
585 1508 605 1535 8
628 1505 724 1544 redigi
740 1505 772 1534 in
796 1504 926 1543 captivi-

229 1548 325 1574 tatem
349 1545 412 1580 xiii,
429 1550 459 1582 l,
475 1550 492 1576 5
517 1546 550 1576 in
565 1545 713 1576 ditionem
736 1546 789 1581 xli,
804 1549 835 1581 6,
849 1549 869 1576 8

271 1585 437 1617 Redimere
463 1588 502 1617 ad
524 1588 709 1628 sepulturam
746 1588 779 1624 ii,
811 1591 861 1623 15,
884 1591 925 1619 19

228 1627 310 1658 bella
325 1629 400 1667 (hoc
415 1634 472 1664 est,
488 1630 651 1669 pecuniam
671 1631 743 1660 dare
769 1640 807 1659 ne
831 1629 924 1669 fiant)

229 1669 269 1705 vi,
287 1673 318 1706 1,
333 1673 363 1701 6.
397 1670 447 1706 vii,
463 1675 495 1706 5,
513 1675 542 1702 1.
573 1672 626 1707 vii,
643 1675 674 1707 6,
701 1675 722 1703 4
755 1682 861 1711 pacem
886 1673 924 1702 ab

227 1711 331 1751 aliquo
353 1712 428 1747 xliii,
445 1716 476 1747 5,
493 1716 512 1744 9
535 1713 594 1753 (Et
608 1723 654 1743 res
670 1714 778 1743 eodem
805 1713 924 1749 recidit,

225 1753 289 1783 sive
306 1753 390 1784 dicas
408 1755 573 1784 ‘redimere
600 1755 730 1794 pacem‚'
755 1755 817 1785 sive
840 1756 924 1785 dicas

228 1799 237 1812 ‘
252 1795 364 1825 bellum
402 1796 570 1826 redimere.'
603 1797 716 1827 Sensus
752 1797 834 1826 enim
866 1802 923 1832 est,

228 1837 300 1867 dare
315 1837 449 1877 aliquam
464 1839 639 1877 pecuniam,
655 1844 690 1868 ut
703 1848 764 1879 pax
777 1839 875 1874 detur,
892 1844 924 1869 et

226 1888 266 1908 ne
283 1879 395 1909 bellurn
411 1879 540 1919 amplius
568 1886 696 1918 geratur.
740 1880 789 1910 Ita
815 1881 923 1910 dicunt

225 1925 235 1937 ⁸
244 1921 539 1961 deprecaripacem,'
547 1927 578 1952 et
586 1927 593 1939 ‘
605 1923 759 1961 deprecari
769 1922 921 1962 bellum’).

227 1963 374 1993 redimere
389 1973 514 2003 regnum
531 1964 695 1993 concubitu
720 1964 771 1999 xii,
788 1967 820 1999 7,
833 1968 852 1994 9
875 1975 921 1994 re-

226 2005 341 2034 dimere
366 2015 399 2034 se
422 2015 495 2034 auro
520 2016 538 2034 a
562 2006 758 2045 praedonibus
780 2005 872 2041 xxvii,
889 2010 919 2043 2,

226 2048 268 2076 12
291 2046 394 2076 urbem
409 2056 482 2076 auro
504 2047 608 2083 xxviii,
623 2049 655 2082 2,
671 2051 689 2078 4
717 2047 821 2078 Vorst.

269 2087 383 2118 Redire
405 2088 438 2124 ii,
453 2091 484 2124 3,
501 2092 541 2119 16
563 2089 594 2118 in
611 2089 749 2128 praelium
773 2090 794 2124 i,
819 2091 850 2125 6,
879 2092 917 2120 15

224 2129 349 2159 domum
371 2130 432 2166 xiV,
449 2133 479 2166 3,
495 2134 526 2162 8.
548 2131 648 2167 xxxvi,
663 2134 695 2166 2,
721 2133 760 2162 13
795 2131 826 2161 in
851 2141 918 2172 reg-

224 2181 298 2200 num
319 2182 388 2207 XXV,
404 2175 435 2207 3,
452 2176 471 2203 2

265 2212 399 2244 Reditus
410 2214 442 2243 in
458 2213 586 2253 patriam
608 2214 659 2249 xii,
675 2219 706 2249 4,
719 2217 750 2245 3.
766 2213 818 2250 xii,
834 2216 885 2249 10,
896 2216 917 2245 4

264 2254 427 2286 Reducere
451 2256 615 2286 exercitum
638 2256 680 2291 iii,
696 2261 727 2291 5,
754 2259 774 2287 8
811 2256 917 2296 copias

222 2297 255 2327 in
271 2307 396 2336 regnum
419 2297 452 2332 ii,
470 2300 521 2332 13,
536 2300 556 2328 4

264 2337 474 2368 Redundare:
505 2339 570 2369 haec
595 2339 677 2369 brevi
702 2340 741 2369 ad
765 2338 848 2379 ipsos
872 2349 914 2368 re-

223 2380 397 2410 dundatura
417 2380 488 2415 xxii,
504 2383 535 2417 3,
548 2384 566 2410 5

266 2421 394 2452 Referre
422 2422 495 2462 (pro
523 2422 640 2456 afferre,
675 2420 809 2460 deferre)
845 2432 916 2457 xxv,

221 2466 289 2498 5‚2
327 2465 399 2503 (pro
424 2464 543 2503 dicere)
574 2463 607 2498 ii,
634 2466 685 2498 10,
712 2466 730 2493 3
768 2463 916 2503 (ideoque

220 2505 300 2535 male
324 2506 448 2545 quidam
472 2505 572 2535 locum
593 2503 772 2544 corrigunt).
795 2511 916 2534 contro-

222 2547 348 2577 versiam
374 2548 450 2587 (hoc
475 2552 522 2576 est
543 2546 680 2586 movere)
710 2546 821 2582 xxxvii,
842 2549 874 2581 4,
895 2551 913 2577 5

221 2587 358 2619 Freinsh.
385 2589 494 2618 referre
507 2588 647 2618 nuntium
663 2588 815 2627 trepidum
835 2588 915 2623 xxxi,

221 2633 254 2665 2,
270 2634 290 2661 8
312 2630 467 2660 victoriam
493 2631 532 2660 de
556 2629 716 2665 Romanis,
737 2635 790 2658 aut
811 2639 914 2668 aequas

221 2673 306 2712 pacis
321 2672 513 2702 conditiones
534 2672 616 2707 xxxi,
633 2674 664 2707 3,
680 2675 700 2702 9
715 2671 789 2700 nihil
805 2671 914 2701 referre

219 2715 257 2744 ad
275 2714 408 2754 aliquem
429 2715 509 2752 xxxi,
525 2717 556 2749 4,
571 2718 590 2745 9
606 2713 858 2743 consultationem
874 2713 912 2741 ad

221 2756 335 2786 amicos
356 2756 456 2792 xxxiV,
471 2759 502 2791 3,
519 2759 537 2786 3
570 2761 713 2796 paternos
739 2754 867 2795 majores
894 2764 912 2783 a

223 2798 310 2839 Cyro
332 2797 458 2836 xxxviii,
470 2801 502 2833 7,
517 2801 533 2828 1

262 2839 406 2870 Refertus
428 2839 537 2879 regalis
563 2837 729 2878 opulentiae
751 2836 785 2874 ii,
813 2839 866 2873 14,
893 2839 914 2867 6

223 2882 294 2912 urbs
309 2881 414 2921 spoliis
428 2882 537 2911 referta
559 2882 600 2916 xi,
622 2883 674 2916 14,
700 2883 741 2911 10
772 2890 840 2910 rura
868 2889 914 2910 re-

226 2924 305 2955 ferta
317 2923 534 2955 commeatibus
547 2923 626 2961 xxiv,
638 2925 669 2957 7,
685 2925 704 2953 4

1576 429 1579 430 ⁷
1602 404 1689 431 CXV

1030 497 1172 528 Refice-re
1184 497 1336 537 impensas
1354 495 1423 526 belli
1439 495 1500 525 alio
1514 497 1596 527 bello
1612 498 1691 538 (hoc

990 545 1047 575 est,
1058 540 1236 575 instaurare,
1249 538 1408 578 supplere)
1420 538 1460 573 ix,
1477 541 1504 574 1,
1516 542 1536 570 9
1551 539 1691 572 Freinsh.

990 582 1112 612 reficere
1138 583 1232 612 lassos
1256 580 1358 614 xxviii,
1384 582 1416 615 4,
1438 584 1456 610 5
1493 582 1615 612 donatis
1643 593 1691 613 re-

990 624 1140 663 fectisque
1154 623 1299 653 militibus
1322 623 1362 657 xi,
1381 624 1432 657 14,
1445 625 1464 652 8

1032 664 1176 695 Refixum
1192 675 1301 704 corpus
1316 665 1399 703 (pro,
1416 664 1516 693 soluto
1540 670 1572 694 et
1586 665 1688 697 ablato

989 716 1007 735 a
1022 708 1128 745 cruce)
1152 707 1193 743 ix,
1209 710 1241 742 7,
1258 709 1296 737 11
1323 706 1460 735 Freinsh.

1031 748 1187 789 Refugere
1210 749 1230 784 i,
1247 751 1278 783 8,
1296 751 1336 778 10
1359 748 1390 777 in
1407 749 1510 778 urbem
1535 758 1564 784 v,
1585 752 1619 785 9,
1648 753 1685 782 11

988 790 1020 820 in
1037 796 1137 821 uteros
1151 795 1279 820 matrum
1303 790 1324 824 i,
1340 792 1372 825 6,
1389 792 1429 819 14

1029 831 1165 872 Refugia
1204 831 1353 861 montium
1393 832 1465 870 (pro
1492 831 1617 871 refugiis
1653 833 1686 863 in

987 875 1124 914 montes)
1147 875 1178 910 ii,
1203 877 1234 909 6,
1263 876 1298 903 11
1325 872 1462 902 Freinsh.
1485 874 1686 913 (‘resugium'

985 915 1035 946 hic
1051 917 1172 947 videtur
1185 926 1250 946 esse
1266 915 1332 954 ipse
1349 915 1446 950 locus,
1470 916 1506 943 ad
1529 925 1620 955 quem
1637 927 1685 947 re-

985 957 1110 997 fugitur.
1146 958 1202 988 Ait
1217 959 1309 992 enim,
1325 962 1334 974 ‘
1351 967 1428 997 quos
1453 957 1570 996 refugia
1596 968 1684 988 mon-

985 999 1060 1029 tium
1097 999 1317 1040 receperunt’).
1342 999 1465 1038 refugiis
1491 1002 1682 1038 quorundam

983 1042 1099 1080 aperire
1115 1048 1217 1083 portas
1241 1042 1280 1077 xi,
1296 1044 1327 1077 4,
1343 1044 1364 1071 9
1397 1041 1545 1080 refugium
1576 1043 1683 1073 salutis

982 1083 1113 1124 alicujus
1138 1084 1268 1124 (dicitur
1290 1083 1357 1122 ipse
1381 1084 1490 1121 homo)
1522 1083 1585 1119 xiv‘,
1611 1087 1680 1120 2,νὸ

980 1124 1034 1164 (ut
1047 1131 1055 1144 ‘
1069 1125 1231 1167 refugium'
1247 1127 1284 1156 sit
1299 1125 1365 1165 ipse
1380 1125 1431 1155 ille
1447 1125 1485 1154 ad
1497 1134 1588 1165 quem
1600 1127 1680 1157 refu-

980 1166 1079 1207 gitur)
1096 1169 1200 1198 Vorst.

1026 1209 1157 1250 Regalis
1174 1208 1332 1250 opulentia
1354 1208 1387 1245 ii,
1402 1211 1452 1244 14,
1465 1212 1485 1239 6
1508 1209 1600 1240 vestis
1617 1210 1678 1246 xiv,

978 1255 1010 1287 6,
1040 1255 1060 1283 9
1096 1253 1239 1292 majestas
1260 1263 1309 1286 xv,
1332 1253 1363 1286 3,
1391 1254 1431 1282 14
1467 1252 1679 1282 munificentia

978 1305 1048 1329 xxv,
1065 1297 1094 1329 1,
1111 1299 1129 1325 4
1153 1294 1269 1334 regales
1293 1293 1410 1333 nuptiae
1433 1292 1455 1328 i,
1480 1296 1531 1329 10,
1558 1296 1597 1324 14
1631 1304 1678 1324 re-

978 1337 1045 1376 gale
1074 1336 1304 1366 instrumentum
1335 1335 1420 1370 xxiii,
1446 1338 1479 1370 2,
1505 1339 1526 1366 6
1561 1336 1678 1375 regales

977 1378 1032 1408 Dii
1046 1378 1132 1417 (vide
1148 1377 1231 1417 Dii).
1253 1377 1361 1418 regalis
1377 1376 1477 1416 pudor
1497 1377 1558 1411 xxi,
1574 1382 1606 1412 5,
1623 1382 1644 1409 9

1020 1420 1141 1459 Regere
1157 1420 1228 1460 (pro
1245 1418 1390 1459 dirigere)
1404 1419 1424 1454 i,
1437 1421 1469 1453 9,
1480 1421 1520 1450 23
1537 1419 1674 1450 Freinsh.

976 1462 1195 1501 rempublicam
1212 1471 1315 1500 regere
1338 1472 1368 1496 V,
1386 1463 1437 1496 10,
1453 1463 1473 1490 4
1497 1471 1598 1500 regere
1622 1472 1675 1491 ex-

975 1505 1087 1534 ercitus
1104 1503 1196 1539 xxxii,
1212 1506 1244 1538 4,
1262 1506 1302 1534 12
1317 1512 1431 1543 equum
1446 1512 1549 1541 regere
1562 1504 1674 1539 xxxvii,

974 1549 1006 1581 2,
1022 1550 1040 1576 5
1066 1555 1192 1585 regnum
1208 1555 1310 1585 regere
1333 1544 1446 1579 xxxvii,
1467 1547 1498 1580 3,
1516 1548 1532 1575 1
1571 1555 1674 1586 neque

975 1588 1123 1618 mundum
1149 1597 1241 1627 posse
1266 1587 1386 1617 duobus
1407 1586 1522 1616 solibus
1543 1588 1607 1628 regi
1630 1588 1671 1621 xi,

1017 1670 1118 1711 Regia
1140 1670 1204 1704 xiii,
1227 1672 1258 1704 2,
1281 1673 1313 1701 4.
1335 1670 1417 1705 xxiii,
1437 1672 1471 1705 2,
1497 1673 1548 1700 11.
1582 1681 1670 1706 xxxv,

975 1716 1007 1748 2,
1036 1715 1067 1743 2.
1100 1713 1219 1748 xxxviii,
1244 1715 1275 1748 3,
1304 1714 1344 1743 14
1381 1712 1500 1742 clausus
1527 1712 1559 1742 in
1588 1714 1671 1753 regia

973 1755 1077 1788 xxviii,
1094 1757 1126 1789 3,
1143 1757 1180 1785 11

1015 1796 1138 1836 Regina
1162 1796 1345 1836 Scytharum
1370 1794 1511 1835 Tomyris
1541 1796 1563 1830 i,
1591 1799 1623 1834 8,
1649 1800 1669 1828 2

972 1838 1166 1868 Amazonum
1179 1837 1345 1867 Thalestris
1367 1837 1399 1871 ii,
1415 1840 1447 1872 4,
1461 1840 1512 1867 33.
1526 1837 1578 1872 xii,
1590 1841 1621 1873 3,
1637 1843 1668 1869 5.

970 1880 1036 1915 xlii,
1047 1883 1078 1915 3,
1091 1883 1110 1910 7
1122 1879 1329 1910 Halicarnassi
1339 1879 1501 1908 Artemisia
1514 1879 1546 1915 ii,
1561 1883 1611 1915 12,
1625 1884 1666 1911 23

1014 1921 1115 1962 Regio
1131 1921 1196 1951 aeris
1223 1927 1255 1951 et
1278 1920 1396 1961 plumbi
1422 1921 1572 1950 uberrima
1593 1922 1667 1957 xliv,

971 1967 1002 1999 3,
1031 1967 1051 1995 4
1083 1963 1165 2003 regio
1192 1963 1335 2003 Sophene
1358 1963 1421 1997 xlii,
1445 1965 1476 1999 3,
1493 1966 1512 1993 9
1547 1964 1667 1994 urbium

970 2006 1060 2035 situm
1076 2011 1108 2035 et
1122 2005 1262 2045 regiones
1273 2014 1457 2045 cognoscere
1479 2004 1590 2040 xxxvii,
1604 2009 1634 2041 3,
1645 2009 1666 2037 4

969 2047 1096 2077 diversis
1119 2048 1266 2077 montium
1290 2047 1464 2086 regionibus
1489 2053 1668 2086 pernoctare

969 2090 1079 2125 xxxvii,
1096 2092 1129 2128 2,
1145 2092 1165 2119 8
1187 2089 1304 2118 domini
1324 2089 1482 2127 regionum
1506 2088 1579 2124 xliii,
1596 2091 1627 2125 4,
1643 2093 1662 2119 5

1011 2130 1129 2171 Regius
1145 2141 1209 2161 mos
1221 2130 1342 2166 xxxviii,
1360 2133 1413 2166 10,
1427 2134 1467 2161 10
1483 2130 1564 2171 regia
1579 2141 1663 2170 mag-

968 2173 1126 2203 nificentia.
1159 2173 1212 2209 xii,
1238 2176 1271 2211 3,
1294 2176 1332 2203 ll
1358 2171 1499 2212 majestas
1530 2172 1551 2207 i,
1575 2176 1607 2211 7,
1632 2175 1663 2202 7.

966 2215 1028 2250 xiv,
1043 2218 1108 2254 1,.7
1133 2225 1207 2254 gens
1230 2214 1333 2250 xxviii,
1350 2217 1382 2250 3,
1404 2218 1424 2245 4
1456 2214 1489 2243 in
1515 2214 1662 2243 familiam

966 2258 1078 2297 regiam
1093 2261 1235 2297 receptus
1257 2257 1357 2291 xxxix,
1373 2259 1404 2291 1,
1418 2259 1436 2286 5
1462 2254 1551 2294 regiae
1571 2254 1661 2293 pelli-

966 2308 1018 2328 ces
1039 2299 1060 2334 i,
1075 2302 1105 2334 9,
1123 2302 1174 2330 15.
1197 2299 1249 2333 xii,
1265 2301 1297 2333 4,
1312 2301 1352 2328 10
1376 2307 1450 2336 opes
1475 2306 1522 2334 ιν,
1536 2298 1567 2330 2,
1585 2299 1625 2326 14

1010 2339 1152 2380 Regnare
1174 2340 1270 2376 vii,·6‚
1286 2343 1317 2370 2.
1341 2339 1383 2374 ix,
1395 2342 1427 2373 8,
1441 2340 1488 2368 17.
1505 2337 1565 2372 xxi,
1582 2340 1612 2373 2,
1627 2341 1659 2369 9.

965 2383 1118 2418 xxxvii‚2,
1130 2385 1151 2412 2

1010 2423 1154 2463 Regnum
1183 2422 1316 2452 oblatum
1346 2423 1465 2449 recusat
1493 2418 1658 2450 sosthenes

965 2465 1046 2500 xxiV,
1061 2468 1093 2500 4,
1121 2468 1161 2496 14
1194 2471 1284 2501 regno
1310 2459 1479 2500 periculoso
1506 2466 1572 2490 tuta
1594 2462 1657 2492 vita

966 2506 1067 2545 potior
1098 2507 1196 2540 xxxix,
1220 2507 1252 2537 4,
1278 2506 1296 2533 3
1335 2512 1460 2542 regnum
1487 2502 1560 2542 (pro
1590 2508 1655 2534 toto

964 2547 1132 2577 Alexandri
1146 2544 1288 2584 imperio)
1310 2543 1374 2579 xiii,
1397 2546 1429 2579 6,
1457 2546 1493 2573 ll
1529 2554 1655 2584 regnum

965 2595 1160 2629 tyrannorum
1177 2589 1249 2626 (pro
1262 2591 1414 2625 potestate
1438 2586 1655 2626 tyrannorum)

962 2631 1023 2665 xvi,
1039 2634 1071 2668 5,
1084 2632 1124 2659 18
1147 2628 1283 2657 Freinsh.
1305 2637 1430 2667 regnum
1443 2627 1597 2666 possidere
1620 2629 1654 2665 ii,

962 2675 993 2707 6,
1011 2674 1049 2702 15
1066 2677 1168 2701 tenere
1190 2670 1222 2704 ii,
1237 2673 1268 2705 6,
1285 2672 1324 2700 14
1341 2679 1434 2708 regno
1449 2669 1522 2708 pelli
1538 2669 1571 2705 ii,
1587 2673 1618 2705 9,
1631 2674 1652 2702 6

961 2723 1056 2752 regna
1070 2712 1150 2742 avita
1171 2711 1234 2746 xiii,
1261 2714 1293 2747 7,
1318 2713 1339 2741 9
1375 2715 1462 2741 vetus
1491 2721 1652 2751 regnorum

962 2755 1067 2785 odium
1093 2765 1162 2788 xxx,
1178 2756 1209 2789 1,
1223 2755 1244 2783 4

1005 2794 1141 2835 Regredi
1162 2795 1183 2830 i,
1197 2798 1230 2830 6,
1245 2796 1276 2824 3.
1297 2804 1346 2829 xx,
1362 2796 1394 2829 4,
1409 2795 1440 2824 4.
1466 2793 1545 2830 xxxi,
1561 2797 1593 2831 2,
1609 2798 1629 2826 8

1004 2838 1127 2877 Religio
1151 2836 1351 2866 firmissimum
1375 2835 1475 2875 legum
1496 2836 1651 2867 vinculum

963 2880 1009 2917 iii,
1019 2883 1051 2915 3,
1064 2883 1104 2911 10
1127 2878 1272 2919 religione
1286 2887 1378 2918 quam
1393 2878 1480 2908 armis
1496 2878 1588 2908 tutior
1609 2879 1650 2914 xi,

965 2926 997 2960 7,
1014 2925 1054 2955 14
1074 2921 1221 2963 religione
1235 2920 1380 2962 permixta
1391 2919 1511 2960 justitia
1523 2921 1650 2952 multum
