2174 3424
509 351 595 392 ‘770

507 456 544 486 el.
580 454 726 495 insignis,
754 466 800 488 or.
833 457 981 488 acuminis
1009 461 1040 489 et
1068 459 1203 490 solertiae

503 505 606 544 plena.
641 505 755 546 Longe
772 507 903 549 melius,
918 517 1016 549 quam
1032 509 1120 550 quod
1139 510 1205 540 vul-

506 558 616 594 gatur.
641 554 746 594 Schef.
801 557 888 589 Haec
919 562 955 589 et
984 568 1078 600 seqq.
1106 560 1204 598 longe

506 605 694 636 correctius
709 609 744 637 et
760 607 890 647 plenius
905 618 947 639 ex
969 610 1108 650 antiquo
1129 610 1203 642 cod.

503 653 563 685 iid.
582 654 716 687 Oxonn.
731 656 927 697 ediderunt,
945 659 1122 691 nimirum:
1150 661 1204 691 In-

504 707 553 734 ter
576 704 640 735 haec
661 706 698 736 el.
721 706 869 746 insignis,
891 718 936 739 or.
961 719 1008 740 ac.
1035 713 1065 740 et
1086 711 1138 741 sol.
1158 711 1203 750 pl.

504 757 539 785 ut
554 764 608 785 nec
620 757 743 786 ornatui
752 756 906 798 facilitas,
920 768 974 789 nec
985 758 1143 797 facilitati
1157 761 1204 790 in-

503 805 617 842 ventio,
633 815 686 835 nec
699 807 925 838 inventionibus
938 809 1052 840 deesset
1066 813 1203 841 ornatus.

507 853 591 894 Opt.
607 858 641 885 et
657 856 788 888 certiss.
832 858 955 889 Priora
976 859 1065 890 Inter
1084 861 1148 892 haec
1166 861 1203 891 el.

501 904 703 943 insignis‚or.
718 916 765 938 ac.
781 911 811 938 et
823 908 878 939 sol.
890 910 934 949 pl.
946 908 1058 940 firmat
1071 919 1203 950 quoque

503 954 603 986 Junt.
634 956 774 987 Mallem
805 962 918 988 tamen
950 968 1004 989 nec
1033 959 1204 990 inventioni

503 1006 534 1035 d.
552 1015 579 1035 o.
610 1006 693 1037 Mox
709 1009 857 1047 expunxi
871 1009 946 1040 eod.
963 1009 1037 1041 cod.
1056 1010 1202 1050 jubente

502 1055 538 1085 in
560 1055 612 1086 his
632 1056 740 1087 verbis
767 1057 878 1099 Itaque
899 1059 1038 1090 vincendi
1062 1060 1143 1090 ratio
1165 1059 1202 1090 τὸ

504 1104 626 1145 Itaque.
652 1106 766 1139 Graev.

546 1155 776 1197 Inventionum]
829 1158 1107 1199 Saresberiensis,
1143 1159 1201 1190 nbi

502 1205 576 1235 haec
593 1206 690 1245 citat,
715 1208 737 1237 i.
755 1218 783 1238 e.
800 1218 831 1240 v.
849 1211 899 1239 12.
923 1219 1064 1240 numero
1089 1209 1201 1249 singu-

500 1255 577 1294 lari,
603 1256 801 1298 inventionis,
828 1259 918 1299 quod
942 1264 977 1290 et
1004 1260 1202 1291 concinnius

501 1305 657 1344 videtum
681 1308 758 1348 quia
780 1309 909 1349 aliquot
937 1310 1045 1350 ejusd.
1071 1310 1202 1341 numeri

501 1363 603 1385 voces
618 1357 836 1388 antecedunt.
867 1359 970 1390 Vorst.

546 1407 561 1445 ξ
588 1409 627 1436 12
655 1407 716 1437 Hic
738 1412 854 1448 aperte,
884 1409 936 1440 ille
965 1411 1096 1450 artibus,
1125 1411 1202 1443 bella

501 1455 674 1496 tractabat]
701 1455 922 1498 Antiquiores
940 1459 1018 1491 edd.
1035 1464 1142 1500 aperta
1157 1462 1200 1492 vi.

501 1505 737 1538 Cuiconsonat
750 1508 839 1548 quod
850 1509 950 1540 codd.
965 1510 1100 1550 quidam
1115 1511 1200 1543 Mss.

501 1565 585 1595 quos
612 1557 721 1597 Bong.
750 1558 834 1589 vidit
861 1564 897 1590 et
922 1559 1202 1601 Saresberiensis,

500 1606 638 1646 liabent,
654 1612 772 1648 aperta.
796 1610 908 1642 Vorst.
955 1611 1074 1642 Vorst.
1102 1612 1202 1643 etiam

500 1659 555 1689 hic
587 1669 628 1690 ex
654 1661 727 1692 eod.
756 1662 875 1693 mallet
905 1666 1014 1703 aperta
1040 1665 1081 1694 vi.
1129 1665 1201 1704 Ego

501 1709 654 1750 suspicor
679 1711 761 1741 illud
785 1712 816 1742 ri
840 1721 914 1743 esse
939 1713 1081 1752 glossam
1110 1714 1201 1745 vocis

499 1763 615 1798 aperte.
647 1760 760 1792 Schei'.
806 1761 907 1802 Angl.
936 1763 1000 1793 Hic
1026 1767 1135 1803 aperta
1158 1764 1200 1795 ri.

500 1809 661 1848 Suspicor
685 1809 776 1841 Just.
803 1812 980 1851 scripsisse
998 1813 1064 1844 Hic
1087 1814 1128 1853 ri,
1150 1814 1201 1844 ille

499 1859 631 1897 artibus,
659 1859 687 1890 b.
719 1863 743 1891 t.
791 1861 878 1892 Haec
910 1862 997 1893 euim
1029 1864 1200 1904 oppositio

499 1908 633 1948 idonea,
657 1919 731 1950 quae
761 1915 814 1941 est
838 1912 927 1943 inter
952 1913 1017 1943 vim
1039 1919 1075 1944 et
1100 1919 1199 1946 artes.

500 1957 627 1989 Postea
645 1960 785 1995 venisse,
800 1962 856 2001 qui
870 1971 931 2002 per
945 1963 1085 2003 glossam
1095 1968 1200 2005 aperte

498 2008 580 2039 illud
597 2010 628 2038 vi
648 2015 851 2049 exponeret.
897 2012 972 2044 Qua
996 2017 1201 2045 transsumta

498 2058 532 2089 in
552 2063 694 2098 textum,
717 2069 791 2090 cum
809 2061 953 2101 liqueret
968 2066 1073 2102 aperte
1087 2065 1117 2094 vi
1133 2073 1199 2094 non

500 2108 684 2147 cohaerere,
700 2111 880 2141 accessisse
902 2118 1142 2153 correctorem,
1159 2123 1199 2145 ac

500 2157 621 2189 secisse
637 2163 744 2198 aperta
768 2160 808 2200 ri,
823 2160 911 2201 quod
929 2160 961 2191 in
978 2161 1198 2202 Anglicanam

500 2213 553 2239 est
583 2208 783 2240 derivatum.
822 2211 919 2242 laem.
965 2211 1131 2252 Juntinae,
1161 2218 1199 2245 ut

500 2258 574 2289 aliae
592 2259 805 2296 vetustiores,
827 2269 889 2291 nec
913 2270 979 2291 non
1004 2262 1102 2292 codd.
1126 2263 1200 2293 Bri·

499 2314 592 2339 tann.
618 2314 651 2339 et
679 2309 963 2340 Sarisburiensis:
1000 2311 1063 2341 Hic
1092 2316 1200 2351 aperta

499 2359 544 2399 vi,
559 2359 612 2390 ille
626 2359 760 2398 artibus,
775 2359 803 2390 b.
821 2363 846 2390 t.
884 2360 983 2391 Unde
995 2360 1119 2392 Scheff.
1135 2372 1199 2393 non

500 2409 586 2440 male
602 2409 733 2449 colligit
749 2410 837 2441 Just.
855 2411 1051 2451 scripsisse:
1079 2411 1144 2442 Hic
1157 2413 1199 2452 vi,

498 2459 551 2489 ille
565 2459 696 2498 artibus,
710 2459 785 2490 bella
797 2463 889 2491 tract.
916 2461 985 2492 Sed
997 2471 1062 2492 non
1075 2461 1200 2494 frustra

500 2510 533 2540 in
551 2514 602 2540 tot
617 2510 712 2540 libris
730 2515 837 2550 aperta
864 2512 998 2551 legitur.
1045 2514 1129 2544 Mihi
1153 2514 1200 2544 vi-

500 2559 600 2590 detur
616 2559 741 2591 Justini
767 2570 882 2591 manus
907 2572 979 2592 esse
1002 2563 1068 2592 Hic
1094 2567 1200 2603 aperte

499 2612 530 2639 et
545 2609 587 2648 vi,
600 2609 653 2640 ille
669 2610 801 2649 artibus,
819 2611 897 2641 bella
913 2615 1002 2643 tract.
1048 2614 1057 2630 ‘
1076 2614 1176 2644 Artes
1189 2613 1198 2627 ¹

500 2664 579 2690 sunt
594 2664 850 2700 strategemata,
871 2671 945 2702 ‹111oe
967 2664 975 2679 ‘
994 2661 1083 2694 furta
1102 2663 1199 2694 belli’

500 2708 672 2741 dicuntur.
719 2711 809 2741 Hinc
840 2711 992 2743 ‘furtiva
1033 2713 1197 2744 victoria'

502 2767 554 2789 xi.
586 2761 617 2789 6.
656 2763 707 2790 est
735 2761 863 2791 artibus
888 2768 923 2792 ct
954 2768 1199 2803 strategemate

501 2815 621 2848 parta:
647 2810 700 2840 cui
716 2813 913 2850 opponitur,
931 2823 1005 2853 quae
1027 2819 1146 2853 aperte
1163 2819 1199 2845 et

501 2859 531 2888 vi
551 2863 602 2889 cst
619 2866 725 2898 parta.
773 2862 883 2893 Plaut.
907 2863 1058 2903 Amphit.
1081 2866 1089 2880 ‘
1110 2864 1148 2894 ld
1167 2865 1198 2895 vi

502 2914 603 2950 atquc
624 2910 748 2941 virtute
774 2912 916 2944 militum
945 2913 1069 2946 victum
1095 2920 1197 2955 atquc

964 363 1105 395 NOTAE
1139 364 1401 396 VARIORUM
1436 366 1486 396 {N

1253 464 1483 501 expugnatum
1513 464 1566 492 est
1602 458 1788 501 oppidum!
1842 460 1946 502 Seqq.

1252 510 1379 542 Justini
1405 510 1506 541 verba
1533 511 1606 542 haec
1636 511 1830 552 explicant:
1869 521 1947 542 cum

1252 559 1468 600 decipiuntur
1498 561 1622 600 hostes,
1662 561 1789 592 artibus
1821 560 1948 592 bellum

1252 614 1431 650 tractatur,
1455 620 1481 640 s.
1499 615 1537 642 ut
1551 611 1572 640 l.
1588 619 1639 641 xr.
1654 611 1819 652 loquitur,
1848 611 1857 627 ‘
1872 614 1949 642 astu

1253 659 1388 699 agitur‚’
1403 659 1457 690 cui
1470 660 1557 690 bello
1570 660 1751 691 convenire
1767 660 1848 691 ibid.
1864 660 1949 691 dicit

1252 710 1387 740 occulta
1403 710 1563 748 consilia;
1589 720 1663 741 cum
1676 711 1786 750 palam
1802 709 1948 741 fundun-

1253 763 1307 789 tur
1322 758 1450 799 hostes,
1466 765 1584 800 aperte
1610 765 1646 791 et
1669 760 1701 790 vi
1720 760 1844 791 bellum
1861 759 1949 801 geri·

1253 812 1320 840 tur.
1345 810 1452 841 Groev.

1296 861 1313 900 ς
1338 863 1377 891 14
1401 860 1466 891 Hic
1483 860 1551 900 ubi]
1581 860 1696 893 Probo
1711 865 1748 892 et
1769 861 1823 892 hic
1848 861 1945 894 Junt.

1250 910 1332 941 lect.
1347 911 1418 941 huic
1432 921 1461 942 u.
1491 911 1607 942 Graev.

1295 961 1364 991 Nec
1386 961 1496 992 dilatio
1517 961 1643 992 ultionis
1664 971 1718 992 nec
1739 962 1845 992 modus
1866 962 1949 1003 erat]

1252 1010 1352 1050 Angl.
1377 1021 1434 1041 non
1460 1011 1638 1042 dilationem
1662 1013 1721 1042 ult.
1747 1021 1801 1042 nec
1825 1013 1948 1043 modum

1250 1061 1405 1093 adhibere.
1430 1061 1544 1092 Etiam
1557 1061 1620 1092 hoc
1636 1060 1746 1092 tribuo
1757 1061 1946 1102 glossatori.

1250 1110 1355 1148 Schef.

1293 1162 1310 1201 ξ
1329 1164 1366 1191 15
1386 1160 1478 1191 Patri
1493 1171 1556 1192 mos
1569 1164 1636 1192 erat
1651 1162 1745 1192 etiam
1759 1162 1796 1192 de
1810 1161 1948 1192 convivio

1251 1210 1283 1241 in
1303 1211 1417 1241 hostem
1437 1211 1632 1251 procurrere]
1660 1211 1762 1252 Angl.
1788 1212 1888 1242 Pater
1909 1212 1948 1242 dc

1251 1270 1335 1291 conv.
1361 1261 1395 1291 in
1419 1261 1450 1292 Ιι.
1476 1271 1526 1301 pr.
1566 1260 1718 1303 Praefero
1750 1262 1834 1292 hanc
1863 1262 1946 1293 lect.

1252 1310 1410 1350 vulgatae,
1424 1311 1516 1341 Patri
1532 1321 1595 1341 mos
1618 1314 1684 1342 erat
1705 1311 1805 1342 etiam·
1820 1312 1870 1351 de,
1892 1313 1947 1352 «ξε-ε.

1252 1370 1350 1401 quam
1372 1366 1455 1401 puto
1480 1366 1593 1392 natam
1617 1371 1659 1392 ex
1685 1371 1737 1401 eo,
1761 1361 1849 1403 quod
1873 1362 1947 1403 quis

1252 1410 1409 1442 crederet
1424 1411 1578 1442 mutilum
1594 1411 1677 1442 illud
1699 1413 1707 1429 ‘
1725 1411 1946 1452 procurrere‚’

1252 1466 1287 1492 et
1303 1461 1461 1502 explend.
1480 1471 1540 1502 per
1552 1471 1615 1492 mos
1629 1465 1707 1493 erat.
1730 1461 1837 1493 Idem.
1873 1462 1947 1492 Foe-

1252 1510 1331 1541 dum
1342 1517 1532 1552 centonem,
1544 1521 1641 1552 quem
1658 1512 1712 1542 hic
1727 1511 1820 1542 scioli
1834 1520 1948 1543 assue-

1252 1567 1329 1593 rant
1365 1562 1517 1601 Justino,
1554 1566 1774 1592 resecuerunt
1810 1561 1947 1593 Oxonn.

1252 1612 1454 1652 optimarum
1487 1611 1757 1642 membranarum
1785 1611 1947 1650 subsidio,

1251 1672 1333 1703 quos
1363 1671 1426 1702 ego
1456 1671 1591 1703 sequor,
1615 1666 1650 1692 et
1680 1661 1802 1692 merito
1829 1661 1949 1692 laudat

1249 1709 1373 1742 Scheff.
1409 1711 1466 1742 Sic
1483 1716 1596 1742 autem
1612 1710 1663 1741 illi
1678 1721 1685 1741 :
1702 1711 1801 1741 Pater
1810 1711 1848 1741 de
1861 1719 1947 1741 conv.

1249 1761 1283 1792 in
1298 1762 1329 1791 Ιι.
1343 1771 1393 1802 pr.
1427 1762 1510 1792 Mox
1524 1761 1582 1792 iid.
1593 1761 1772 1792 Alexander
1786 1761 1820 1792 in
1834 1761 1947 1792 amieos

1250 1812 1382 1843 hostium
1395 1822 1476 1843 more
1490 1813 1609 1842 soevire.
1655 1812 1722 1843 Sed
1738 1811 1814 1853 quia
1828 1812 1861 1842 in
1875 1821 1946 1853 seq.

1251 1861 1390 1902 periodo
1406 1861 1550 1892 habetur
1565 1864 1573 1879 ‘
1587 1862 1620 1892 in
1634 1862 1758 1893 amicos
1771 1872 1876 1902 regna
1891 1871 1948 1893 ex-

1252 1911 1418 1950 ercebat‚’
1442 1921 1508 1942 non
1532 1916 1584 1943 est
1608 1921 1689 1942 vero
1712 1912 1820 1942 simile
1846 1912 1946 1943 eand.

1250 1971 1365 1992 vocem
1382 1962 1414 1992 in
1433 1967 1501 1993 tam
1519 1962 1636 2002 paucis
1662 1962 1813 1993 versibus
1831 1961 1948 1994 iterari

1250 2020 1270 2041 a
1299 2012 1465 2051 scriptore
1495 2011 1688 2042 cultissimo.
1748 2010 1871 2052 Itaque
1900 2011 1944 2043 ab

1250 2061 1390 2092 aliorum
1412 2061 1510 2092 codd.
1535 2061 1705 2102 scriptura
1730 2061 1783 2092 hic
1810 2061 1946 2094 minime

1249 2110 1441 2142 discedend.
1458 2111 1538 2141 mihi
1557 2120 1630 2141 esse
1653 2111 1781 2151 putavi.
1826 2111 1948 2142 Soerire

1251 2166 1364 2191 tamen
1395 2161 1511 2201 recepi
1538 2170 1579 2191 ex
1610 2161 1711 2201 Angl.
1742 2161 1838 2192 libris
1869 2171 1946 2193 cum

1251 2210 1386 2241 Oxonn.
1414 2211 1519 2243 Graev.
1557 2212 1643 2242 Saxo
1661 2221 1735 2243 xxv.
1753 2221 1787 2252 p.
1803 2215 1878 2244 342.
1893 2215 1948 2245 51.

1249 2262 1258 2278 ‘
1272 2260 1382 2292 Avide
1399 2261 1432 2291 in
1450 2262 1578 2292 hostem
1596 2261 1825 2302 procurrunt!

1293 2311 1460 2351 Periculis,
1488 2311 1555 2351 ξω]
1601 2311 1788 2352 Hegesipp.
1823 2321 1863 2344 Π.
1892 2316 1946 2347 11.

1247 2363 1257 2379 ‘
1277 2361 1364 2392 Nam
1385 2371 1454 2401 prae
1480 2361 1605 2392 ceteris
1629 2372 1701 2393 sese
1724 2361 1846 2393 offerre
1863 2363 1948 2394 sole·

1249 2411 1308 2442 bat
1325 2411 1483 2451 periculis
1497 2411 1518 2442 :²
1542 2421 1575 2443 v.
1594 2415 1646 2443 12.
1678 2414 1688 2430 ‘
1706 2413 1790 2444 Cum
1808 2414 1880 2454 ipse
1896 2417 1947 2445 to·

1249 2462 1312 2493 ties
1329 2472 1389 2503 pro
1406 2463 1560 2494 exercitu
1585 2463 1747 2504 periculis
1765 2463 1889 2497 offerre
1905 2474 1942 2496 se

1248 2522 1315 2544 non
1331 2513 1581 2544 dubitavisset.'

1292 2563 1309 2603 ξ
1334 2565 1374 2592 16
1404 2562 1580 2593 Amicorum
1609 2563 1804 2605 interfector]
1845 2563 1947 2605 Angl-

1249 2613 1358 2643 amicis
1371 2612 1552 2650 interfectis.
1575 2613 1722 2645 Videtur
1737 2614 1800 2645 hoc
1818 2614 1944 2645 rectius

1250 2663 1456 2703 respondere
1494 2663 1717 2703 praecedenti,
1756 2665 1765 2681 ‘
1792 2664 1948 2695 vulnera·

1249 2713 1344 2745 tum.'
1369 2713 1474 2744 Groev.

1294 2764 1309 2803 ξ
1336 2765 1373 2794 17
1402 2764 1478 2793 Cum
1490 2763 1608 2802 amicis,
1629 2763 1698 2803 ἐξα]
1722 2764 1784 2794 Est
1799 2764 1873 2794 haec
1899 2773 1942 2795 ea

1250 2813 1382 2852 species
1400 2813 1569 2850 amicitiae,
1593 2823 1690 2854 quam
1705 2813 1847 2844 Aristot.
1866 2814 1945 2846 Eth.

1249 2871 1330 2893 vul.
1346 2866 1376 2894 7.
1400 2862 1506 2902 φιλίαν
1524 2863 1588 2893 καθ’
1611 2863 1764 2903 ὑπεροχὴν
1779 2863 1942 2903 appellat,

1250 2914 1358 2953 qualis
1389 2913 1479 2945 inber
1509 2913 1730 2953 imperantem
1763 2923 1800 2944 ac
1832 2911 1945 2944 subdi-
