2101 3419
408 337 520 381 1034

405 453 559 484 dei-atam
587 451 747 484 Romanis
776 455 913 493 gentem
938 452 1102 494 appellat.

407 503 508 533 Rern.
872 519 875 522 ·

448 554 465 593 ᾧ
483 555 522 583 12
544 552 767 593 Legationum]
805 552 1006 593 Legationes
1030 561 1101 582 sus-

404 602 531 643 cipere,
556 608 592 634 et
617 603 659 634 ad
682 603 877 642 Principem
905 602 1101 642 admittere,

404 652 466 683 sub
494 653 708 684 citerioribus
744 653 959 693 Principibus
996 652 1100 683 fuisse

404 712 524 734 munus
541 704 697 744 Magistri
719 702 917 743 officiorum,
932 703 1101 734 interdum

404 752 564 792 Magistri
575 753 1101 793 epistolarum,observavitAuc-

404 806 459 833 tor
475 803 618 835 Notitiae
642 805 818 846 utriusque
838 805 990 845 Imperii.
1034 804 1100 845 Ap.

403 851 526 883 Persas
544 853 579 884 id
605 854 752 886 muneris
775 854 879 895 gessit
900 855 1100 886 chiliarchus

403 911 431 932 s.
461 902 614 934 tribunus
644 904 801 944 militum,
828 905 885 946 qui
912 905 1097 936 secundum

403 951 533 993 imperii
559 953 699 995 gradum
725 955 882 997 tenebat;
907 956 1039 987 Probus
1063 957 1096 987 in

886 1257 1104 1306 LIBER

443 1390 531 1422 CAP.
548 1399 572 1421 ι.
601 1391 617 1431 ξ
642 1393 656 1421 1
683 1389 854 1430 Hispania]
902 1388 957 1421 Cf.
982 1389 1094 1421 Strab.

398 1450 454 1472 ιιι.
483 1442 608 1472 Melam
626 1449 665 1472 11.
683 1443 713 1471 6.
748 1441 836 1471 Pliu.
850 1449 906 1471 ιιι.
924 1443 954 1471 1.
989 1440 1092 1472 Solin.

398 1494 451 1523 26.
495 1491 574 1522 Vid.
591 1496 626 1522 et
644 1491 738 1522 Curt.
756 1499 789 1522 x.
808 1494 835 1521 1.
852 1493 901 1521 18.
945 1490 1093 1521 Iberiam

398 1543 535 1585 quidem
551 1542 594 1574 ab
608 1542 707 1574 Ibero
719 1542 845 1573 dictam
860 1546 992 1582 putant,
1006 1542 1094 1573 Her-

397 1594 480 1624 culis
504 1593 586 1632 filio,
610 1592 715 1624 fratre
738 1593 846 1624 Celti:
880 1593 1037 1624 Eustath.
1059 1592 1093 1622 in

395 1644 535 1684 Dionys.
560 1644 664 1682 Bong.

440 1694 492 1733 §3
525 1694 605 1724 Hoec
625 1695 709 1724 inter
732 1692 875 1731 Africam
897 1696 927 1723 et
955 1692 1094 1723 Galliam

393 1745 506 1784 posita,
522 1744 746 1785 Oceanisreto]
779 1744 969 1785 Improprie
988 1745 1093 1785 ioqui·

397 1799 452 1825 tur
467 1795 550 1825 inter
564 1794 708 1832 Africam
724 1798 754 1824 et
773 1794 922 1825 Galliam.
967 1794 1034 1824 Sed
1051 1794 1093 1824 de

394 1844 549 1876 Sardinia
570 1844 603 1875 id
620 1844 741 1876 verius.
785 1844 955 1875 Caeterum
973 1845 1093 1874 Oceano

395 1896 529 1936 legend.
559 1900 653 1936 puto,
685 1905 724 1926 ac
755 1894 984 1936 distinguend.
1015 1900 1094 1935 post

398 1947 532 1986 Oceano,
555 1950 592 1977 ut
616 1951 683 1976 tres
705 1946 865 1976 terminos
892 1945 995 1976 faciat
1015 1945 1093 1976 His·

395 1997 520 2037 pauiae,
558 2006 577 2027 a
614 1996 848 2037 septentrione.
895 2005 935 2026 ac
972 2005 1093 2026 occasu

395 2046 583 2085 Oceanum,
606 2056 625 2076 a
646 2045 788 2077 meridie
809 2047 945 2076 Fretum
960 2045 1092 2076 Hercu-

394 2098 496 2138 leum,
520 2102 556 2128 et
573 2098 614 2128 ab
629 2102 707 2129 ortu
732 2098 914 2137 Pyrenaeos
940 2097 1090 2136 Montes,

394 2147 683 2188 comprehendens
721 2147 894 2179 Ibericum
930 2147 1027 2178 Mare
1056 2147 1090 2177 in

394 2198 500 2230 verbo
515 2199 524 2215 ⁴
539 2198 650 2230 freto!
676 2198 766 2230 Glar.

436 2248 603 2288 Fertilior]
621 2248 794 2279 Fertilitas
806 2248 983 2288 Hispaniae
1000 2258 1089 2280 com-

392 2298 573 2330 mendatur
584 2299 685 2330 etiam
703 2309 722 2330 a
738 2298 826 2330 Plin.
851 2298 952 2329 Diod.
976 2299 1088 2331 Strab.

391 2348 494 2380 Solin.
520 2349 634 2379 Mela:
656 2347 716 2379 sed
743 2348 899 2379 nimirum
923 2349 1090 2390 ‘quacun-

392 2407 458 2439 que
487 2398 635 2428 ambitur
660 2398 768 2438 mari‚’
810 2402 848 2429 ut
882 2398 930 2430 ait
960 2399 1089 2430 Piinius

393 2456 539 2478 xxxvii.
555 2450 605 2478 13.
621 2446 676 2478 fin.
694 2448 902 2488 quiquidem
920 2449 1088 2480 Baeticam

392 2498 515 2528 ceteris
531 2497 706 2538 Hispaniae
731 2497 881 2538 partibus
898 2499 1087 2538 anteponit.

392 2548 493 2587 Nam,
518 2557 583 2588 qua
618 2551 755 2587 spectat
782 2547 937 2586 Arctum,
965 2557 1089 2588 aspera

392 2602 446 2629 est
462 2602 498 2629 et
515 2597 662 2628 sterilis:
688 2597 772 2628 adeo
796 2601 833 2628 ut
849 2597 985 2638 quidam
1002 2598 1088 2628 exis-

392 2648 514 2679 timent
539 2657 558 2679 a
583 2647 625 2679 D.
646 2647 755 2678 Paulo
778 2648 876 2679 Rom.
898 2655 960 2678 xv.
976 2650 1028 2678 2⁴.
1051 2651 1087 2678 et

391 2698 473 2729 locis
490 2698 562 2728 aliis
580 2707 653 2737 sup.
671 2706 737 2730 xn.
760 2700 811 2728 13.
829 2700 857 2729 l.
873 2698 987 2729 citatis
1004 2701 1087 2730 Σπα-

389 2747 455 2778 νίαν
473 2747 586 2778 vocari
612 2747 660 2778 διὰ
682 2747 719 2777 τὸ
745 2746 872 2779 σπάνιον
893 2749 955 2778 τῶν
983 2749 1086 2786 ἐπιτη·

389 2796 484 2836 δείων,
511 2798 553 2829 ob
579 2807 689 2828 rerum
707 2797 749 2828 ad
767 2798 870 2829 vitam
895 2802 1087 2829 sustentan-

390 2847 466 2878 dam
476 2848 736 2879 necessariarum
746 2848 977 2888 indigentiam.
986 2849 1087 2880 Unde

389 2897 399 2914 ‘
417 2897 509 2929 duraz
527 2898 625 2929 telius
644 2897 767 2929 Iberiae
779 2896 788 2910 '
802 2897 925 2929 dicitur
942 2898 1086 2930 Horatio

872 347 1013 378 NOTAE
1047 347 1313 378 VARIORUM
1347 347 1398 378 IN

1157 450 1308 490 Conone,
1334 453 1370 481 et
1394 448 1516 482 AElian.
1539 449 1621 482 Var.
1648 458 1673 481 1.
1699 452 1753 482 21.
1810 450 1852 482 In

1155 502 1314 541 AEgypto,
1336 501 1543 531 Nicanorem
1560 500 1773 540 excipiendis
1788 501 1854 532 Le·

1155 553 1243 593 gatis
1259 562 1278 582 a
1294 552 1483 583 Ptolemaeo
1500 551 1720 592 praepositum
1736 551 1854 583 scribit

1153 603 1297 643 Joseph.
1315 602 1432 643 Antiq.
1449 611 1515 633 xu.
1532 606 1562 634 2.
1578 612 1622 633 m.
1647 603 1748 634 Bern.

1195 654 1292 685 Anuli
1307 653 1426 693 curam]
1451 654 1559 685 Quam
1577 652 1678 684 etiam
1700 653 1742 684 ab
1762 652 1852 693 Imp.

1154 703 1312 744 Augusto
1338 704 1523 734 Maecenati
1550 709 1651 744 atque
1678 702 1854 744 Agrippae,

1155 759 1190 786 et
1206 755 1364 785 Muciano
1379 764 1396 784 a
1407 754 1618 794 Vespasiano
1633 754 1853 794 commissam,

1156 814 1199 835 ex
1215 805 1324 835 Dione
1347 808 1383 835 et
1408 804 1480 844 ejus
1505 804 1732 844 epitomatore
1752 803 1852 835 docet

1153 856 1196 887 V.
1214 855 1252 886 C.
1277 855 1377 887 Joan.
1393 855 1642 887 Kirchmannus
1663 855 1707 886 de
1733 854 1852 887 Anulis

1153 917 1183 938 c.
1195 909 1226 938 6.
1249 907 1346 938 Idem.

1155 1257 1347 1305 XLIV.

1148 1399 1198 1421 ιν.
1215 1390 1282 1422 Od.
1299 1393 1350 1422 14.
1390 1391 1458 1423 Cur
1475 1395 1587 1423 autem
1602 1391 1702 1423 hodie
1716 1394 1846 1424 tantum

1148 1440 1306 1472 videatur
1320 1452 1339 1473 a
1363 1442 1477 1482 prisca
1502 1441 1682 1474 fertilitate
1701 1442 1846 1484 degene-

1149 1492 1288 1531 ravisse,
1303 1492 1467 1523 rationem
1489 1492 1602 1524 reddit
1625 1492 1753 1524 Ludov.
1778 1493 1849 1524 No·

1147 1541 1220 1572 nius
1236 1542 1268 1572 in
1286 1542 1385 1583 Hisp.
1407 1547 1437 1574 5.
1453 1543 1511 1574 fin.
1535 1544 1632 1574 Bern-

1192 1593 1243 1632 §4
1264 1592 1462 1633 Tempestivis
1481 1592 1642 1633 imbribus]
1678 1591 1781 1634 Apul.
1804 1592 1847 1624 de

1148 1642 1279 1674 Mundo
1310 1653 1341 1684 p.
1365 1647 1418 1674 71.
1457 1643 1510 1674 ed.
1539 1643 1692 1675 Elmenh.
1727 1644 1736 1661 ‘
1754 1642 1847 1674 Hinc

1148 1694 1344 1733 tempestivi
1370 1693 1508 1732 imbres,
1532 1698 1568 1725 et
1593 1693 1732 1734 spiritus
1757 1692 1846 1724 haud

1146 1742 1365 1774 infoecundiz'
1401 1747 1437 1774 et
1453 1743 1597 1784 Apolog.
1614 1752 1647 1783 p.
1664 1745 1739 1774 289.
1767 1743 1776 1759 ‘
1789 1741 1846 1773 Ad

1148 1794 1388 1834 tempestivum
1409 1794 1549 1824 imbrem
1571 1794 1714 1834 agellum
1730 1801 1846 1824 exara-

1147 1843 1227 1875 bat!
1264 1843 1402 1875 Lucret.
1432 1853 1473 1875 11.
1503 1846 1576 1875 877.
1603 1848 1639 1874 et
1661 1846 1736 1875 928.
1768 1843 1848 1875 ‘In-

1147 1893 1341 1933 tempestivi
1368 1892 1514 1924 imbres!
1566 1893 1712 1925 Levitic.
1736 1901 1845 1925 xxvx.

1147 1947 1178 1974 4.
1204 1943 1308 1975 Ὑετὸς
1326 1944 1358 1973 ἐν
1372 1945 1464 1983 καιρῷ
1479 1943 1583 1974 αὐτοῦ.
1610 1943 1715 1975 Deut.
1726 1952 1779 1974 Χῐ.
1793 1945 1844 1975 14.

1146 1994 1248 2025 ‘Te-ros
1282 1994 1349 2024 καθ’
1378 1994 1456 2034 ὥραν
1482 1993 1612 2033 πρώϊμος
1647 1993 1699 2024 καὶ
1727 1994 1844 2032 ὄψιμος.

1147 2047 1266 2087 Neque
1283 2046 1382 2076 aliter
1396 2046 1436 2076 D.
1452 2045 1571 2078 Jacob.
1585 2055 1619 2076 v.
1632 2049 1662 2077 7.
1701 2045 1844 2076 Hesiod.

1140 2096 1232 2136 '‘Ep'y.
1246 2100 1319 2128 410.
1331 2097 1412 2137 ὥριος
1425 2097 1544 2136 ὄμβρος.
1574 2095 1758 2127 Athenaeus
1767 2105 1843 2128 xw.

1145 2148 1308 2187 Deipnos.
1324 2151 1376 2179 20.
1393 2148 1488 2188 ὡραῖα
1503 2147 1609 2178 ὕδατα.
1648 2147 1784 2178 Gronov.

1186 2198 1203 2237 §
1221 2201 1239 2227 5
1265 2197 1404 2228 Mater-ia
1417 2199 1573 2237 proecipua
1588 2197 1648 2237 est]
1672 2196 1747 2227 Hoc
1759 2205 1841 2237 prae·

1143 2247 1232 2287 cipua
1259 2257 1357 2288 quem
1385 2257 1518 2277 sensum
1546 2246 1678 2284 habeat,
1702 2255 1769 2276 non
1792 2246 1841 2277 in-

1144 2297 1262 2337 telligo
1291 2298 1323 2327 h.
1353 2296 1489 2338 quidem
1516 2297 1538 2328 l.
1579 2297 1702 2328 Putem
1727 2296 1841 2337 potius

1144 2348 1233 2380 Just.
1250 2358 1310 2388 pro
1327 2357 1366 2379 eo
1389 2348 1562 2388 scripsisse
1582 2348 1730 2388 preciosa.
1773 2346 1842 2378 Vix

1144 2402 1256 2429 tamen
1268 2398 1347 2439 quid
1361 2398 1558 2429 mutandum
1571 2407 1580 2436 ;
1598 2407 1674 2429 nam
1686 2396 1842 2429 similiter

1142 2458 1219 2488 cap.
1236 2458 1306 2489 seq.
1322 2451 1352 2479 3.
1368 2451 1399 2481 8.
1439 2448 1543 2486 Scltef.

1186 2499 1342 2538 Equorum
1353 2498 1491 2538 pernices
1503 2498 1630 2539 greges]
1658 2498 1736 2530 Vid.
1745 2498 1842 2539 Sym·

1141 2549 1246 2580 mach.
1262 2557 1315 2580 ix.
1335 2549 1398 2589 Ep.
1414 2551 1467 2580 23.
1492 2549 1548 2579 ubi
1565 2549 1662 2589 plura
1684 2549 1840 2583 Juretus.

1141 2599 1241 2630 Bern.

1184 2651 1201 2690 ξ
1212 2652 1232 2680 6
1248 2649 1316 2680 Nec
1324 2659 1442 2680 summa
1453 2651 1575 2679 tantum
1586 2651 1678 2680 ιρι-τω
1687 2650 1840 2682 laudanda

1140 2699 1233 2739 hona]
1273 2699 1382 2730 scrib.
1413 2708 1545 2729 summoe.
1590 2697 1724 2730 Summae
1746 2703 1840 2731 terroe

1142 2751 1219 2782 bona
1246 2754 1334 2786 sunt,
1359 2759 1435 2791 quae
1467 2754 1651 2781 nascuntur
1678 2751 1712 2781 in
1739 2755 1838 2783 terrae

1141 2800 1333 2842 superficie,
1350 2805 1387 2831 ut
1411 2800 1534 2840 oleum,
1550 2800 1676 2841 vinum,
1690 2800 1840 2833 frumen-

1143 2856 1227 2891 tum,
1249 2849 1385 2890 frugem
1407 2854 1510 2891 atque
1532 2854 1748 2890 opponuntur
1769 2860 1838 2882 me-

1142 2901 1243 2941 tanis,
1259 2910 1333 2942 quae
1349 2900 1382 2931 in
1398 2899 1517 2931 mediis
1535 2904 1636 2932 terrae
1653 2900 1836 2933 visceribus
