2101 3419
476 353 672 386 JUSTINI
707 355 801 386 mn.
835 355 1007 387 xxxii.
1038 357 1144 389 GAP.
1174 348 1215 388 4.

133 450 218 481 Mss.
248 452 323 481 erat
349 458 409 489 qua
437 458 453 479 e
492 449 572 479 mari
605 453 825 482 concesserant.

132 499 230 530 Unde
248 498 391 540 conjicio
415 497 578 538 scriptum
604 497 707 530 fuisse
732 510 788 540 quo
808 510 827 530 a

135 549 251 580 Narico
274 551 488 580 concesserant.
535 548 684 579 Naricum
711 559 736 580 s.
759 551 826 581 Na-

133 608 238 629 racum
253 603 307 629 est
322 598 443 629 ostium
458 597 552 638 Istri,
567 598 658 638 quod
679 598 828 630 tradide-

136 653 215 679 runt
230 647 412 689 Apsyrtum
432 648 617 688 ingressum
642 658 728 687 esse,
753 657 828 679 cum

136 697 349 737 Argonautas
373 701 644 738 persequeretur.
691 696 830 738 Νάρηκος

137 746 236 785 στόμα
257 751 308 777 est
320 747 500 787 Apollonio
513 756 564 778 1v.
595 747 688 788 Ἀμφὶ
702 747 735 779 δὲ
754 747 831 779 δοιαὶ

137 796 305 836 Σχίζονται
339 796 479 837 προχοαί·
504 796 563 834 τὴν
594 797 650 836 μὲν
686 798 832 829 καλέουσι

136 846 288 888 Νάρηκος,
302 846 363 883 Τὴν
375 847 398 877 δ’
414 847 471 877 ὑπὸ
482 848 521 889 τῇ
533 846 623 890 νεάτῃ
646 848 743 880 καλὸν
763 848 833 880 στό·

138 910 195 937 μα,
215 899 277 928 &c-
325 897 512 929 Meminere
529 898 602 938 ejus
624 899 701 930 ostii
716 908 831 930 omnes

140 948 349 989 Geograplii.
406 947 475 979 Alii
511 953 625 979 tamen
659 959 721 990 per
752 949 834 980 Pul-

141 999 258 1029 chrum
283 998 405 1029 ostium
430 997 464 1028 in
479 997 604 1029 Istrum
627 1003 744 1030 vectos
761 1007 834 1030 0550

142 1049 284 1080 Colchos
300 1048 404 1079 aiunt.
434 1048 519 1079 Voss.

185 1101 203 1140 ξ
220 1102 260 1130 16
283 1098 380 1138 Daci]
410 1098 462 1129 De
477 1098 584 1130 Dacis
599 1102 634 1130 et
648 1098 747 1130 Getis
769 1099 835 1140 leg.

142 1149 335 1181 Strab.vi1.
374 1149 472 1188 Bong.

189 1200 252 1236 Qui
263 1210 342 1237 cum,
354 1201 446 1230 Orole
457 1209 542 1239 rege,
551 1200 696 1231 adversus
705 1200 838 1231 Bastar-

145 1260 201 1282 nas
225 1252 303 1281 male
331 1250 534 1290 pugnassent]
582 1249 708 1280 Mirum
739 1259 840 1290 quam

146 1301 295 1342 turpiter
317 1301 538 1342 depravatum
561 1301 606 1332 sit
629 1310 752 1332 nomen
777 1300 841 1331 1100

150 1352 270 1382 Dacici
302 1351 404 1391 regis.
460 1351 502 1382 In
532 1350 652 1382 minori
683 1350 842 1390 Epitome

148 1401 256 1441 Trogi
268 1401 392 1433 dicitur
404 1401 413 1418 ‘
432 1399 672 1432 Rubobostes.'
715 1400 761 1430 Et
776 1399 840 1430 hoc

150 1451 250 1482 male.
285 1450 435 1490 Legend.
464 1460 530 1481 cum
554 1450 728 1481 Boerebista
760 1459 844 1489 rege,

151 1502 204 1539 85c.
230 1499 308 1532 Vid.
319 1500 430 1531 Strab.
438 1509 502 1532 vn.
512 1500 566 1531 cui
577 1498 843 1539 051Βοιρεβίστας.

158 1550 243 1581 Voss.
277 1549 374 1581 Junt.
393 1550 505 1580 Orode.
535 1549 652 1580 Graev.
696 1548 845 1579 Notator

154 1599 361 1640 Anglicanus
382 1599 468 1640 legit
489 1599 665 1630 Baroebz'sta
689 1609 732 1630 ex
755 1599 846 1629 Stra-

154 1650 254 1690 bone,
269 1649 355 1691 quod
366 1650 438 1690 jam
459 1654 537 1681 ante
549 1650 687 1681 Vossius
710 1649 848 1681 fecerat.

155 1699 301 1731 Videtur
312 1700 434 1740 juvare
453 1700 543 1740 conj.
557 1699 655 1739 hanc,
670 1699 759 1741 quod
783 1700 848 1731 Ba-

157 1750 308 1781 roebistes
324 1749 455 1781 dicatur
478 1759 556 1781 suos
580 1749 722 1781 Orobris
746 1748 850 1781 afflic-

158 1804 212 1831 tos
227 1799 322 1831 bellis
339 1798 498 1831 refecisse
525 1800 783 1836 exercitatione,
798 1809 851 1830 so-

158 1849 318 1890 brietate,
342 1854 378 1880 et
402 1849 589 1890 diligentia.
642 1850 770 1881 Verum
794 1849 852 1881 ob-

159 1905 240 1941 stat,
254 1899 342 1941 quod
359 1900 522 1931 Getarum
539 1900 662 1941 potius,
673 1909 773 1941 quam
785 1901 853 1931 Da-

160 1962 274 1984 corum
290 1961 350 1983 rex
371 1951 516 1983 dicatur.
561 1950 697 1982 Deinde
721 1960 853 1982 succes-

162 2011 254 2033 sores
293 2000 448 2033 habuisse
493 1999 604 2032 fertur
645 2000 854 2041 temporibus

161 2051 319 2092 Augusti,
346 2055 385 2083 ut
412 2061 477 2082 non
503 2051 571 2082 dici
595 2054 674 2082 ante
701 2050 856 2082 videatur

162 2101 298 2133 vixisse.
340 2102 385 2132 Et
407 2111 527 2132 revera
547 2101 660 2142 Syllae,
682 2099 765 2136 Julii
782 2100 857 2131 Cae-

165 2152 248 2183 saris
263 2150 378 2183 floruit
393 2155 508 2191 aetate,
528 2155 567 2182 ut
586 2161 629 2182 ex
652 2151 726 2192 ipso
742 2149 856 2182 strab.

165 2205 203 2233 et
222 2200 396 2234 Jornande
420 2201 644 2241 cognoscitur.
688 2200 768 2231 Vid.
783 2209 858 2240 quae

168 2252 212 2284 de
240 2261 281 2284 eo
309 2251 434 2283 tradidi
459 2252 493 2282 iu
522 2251 673 2292 Upsaliae
698 2249 860 2291 Antiquae

168 2311 243 2342 cap.
260 2304 312 2333 10.
359 2301 436 2332 Non
451 2305 564 2341 potest
582 2300 685 2340 igitur
700 2300 734 2331 in
750 2300 862 2331 locum

172 2351 284 2383 Orolis
297 2350 466 2390 substitui,
481 2361 568 2392 cum,
583 2351 704 2392 quibus
720 2351 862 2391 impera-

172 2401 222 2432 vit
237 2401 404 2442 quondam
425 2400 559 2441 Oroles,
574 2401 624 2431 illi
650 2400 771 2432 deinde
787 2410 862 2432 cum

172 2452 246 2483 aliis
269 2452 425 2492 gentibus
447 2451 625 2483 militariut
640 2452 781 2490 Perseo,
806 2450 864 2492 qui

173 2501 260 2532 vixit
281 2501 339 2532 diu
355 2505 431 2532 aute
445 2501 684 2533 Boerebistam.
719 2501 822 2539 Schef.

216 2551 268 2583 Aa
288 2551 431 2583 ultionem
444 2551 600 2591 segnitiae]
630 2551 707 2582 Non
725 2549 866 2582 dissimi-

175 2603 226 2633 les
241 2602 275 2632 in
296 2601 475 2642 disciplina
499 2601 634 2632 militari
657 2601 867 2632 animadver-

179 2651 299 2691 siones,
316 2651 391 2692 plus
415 2651 604 2691 ignominiae
623 2660 720 2692 quam
743 2650 869 2681 crucia-

178 2704 232 2731 tus
243 2700 418 2739 habentes,
431 2705 482 2732 est
497 2701 677 2732 observare
691 2711 744 2741 ap.
764 2699 868 2731 Diod.

184 2758 250 2781 xu.
275 2753 328 2781 16.
378 2750 473 2782 Plut.
508 2750 666 2792 Agesilao
697 2754 749 2782 51.
796 2750 868 2782 Liv.

184 2808 304 2831 xxvn.
321 2803 369 2831 15.
387 2803 417 2832 8.
451 2801 530 2832 Tac.
548 2810 629 2833 xm.
646 2804 697 2833 36.
713 2805 744 2832 5.
775 2801 869 2832 Suet.

186 2849 271 2890 Aug.
297 2852 350 2881 24.
384 2851 459 2883 Val.
483 2852 532 2882 M.
559 2861 598 2884 11.
627 2855 659 2882 7.
689 2855 720 2883 9.
758 2856 794 2883 et
819 2854 870 2882 15.

186 2900 335 2932 Frontin.
354 2909 402 2932 xv.
419 2904 447 2933 1.
482 2901 581 2933 Plato
597 2911 727 2944 quoque
745 2910 796 2934 ix.
812 2900 873 2932 sub

1487 346 1574 388 969

875 450 949 482 init.
969 450 1010 481 (10
1027 451 1107 491 Leg.
1124 451 1213 482 inter
1227 450 1370 482 leviores
1386 459 1500 490 poenas
1514 460 1573 481 nu-

875 504 985 532 merat
1001 500 1152 541 ἀμόρφους
1166 500 1251 542 ἕδρας
1271 501 1321 532 καὶ
1338 499 1474 541 στάσεις,
1484 501 1494 518 ‘
1508 509 1574 531 ses-

877 550 987 582 siones
1001 551 1209 582 stationesve
1232 550 1401 582 deformes
1424 555 1460 582 et
1481 551 1574 591 igno-

877 599 1035 631 miniosas
1050 600 1069 632 :’
1084 602 1200 642 quales
1224 601 1326 632 etiam
1343 601 1499 641 Augusto
1514 610 1574 631 suo

878 650 974 681 Livia
985 651 1199 682 commendat
1210 660 1264 692 ap.
1276 652 1378 683 Dion.
1393 661 1449 683 ιν.
1460 654 1576 692 p.642.

880 700 980 731 Bern.

925 750 1003 784 Quoe
1014 749 1091 790 ipsis
1101 753 1192 781 antea
1198 750 1291 791 fieri]
1314 750 1431 781 Malim
1443 751 1480 781 ab
1493 750 1580 791 ipsis.

881 798 1004 832 Faber.

925 850 1072 881 CAP.1v.
1096 850 1113 890 ξ
1130 852 1148 880 3
1171 848 1243 887 Ins.
1254 848 1300 889 v.]
1314 849 1470 881 Vincent.
1486 850 1495 866 ‘
1509 859 1581 880 ver-

883 908 1007 941 susque
1023 900 1056 930 in
1070 898 1106 930 f.’

929 951 1054 981 Cretam
1069 948 1223 990 defertur]
1272 949 1352 980 Vid.
1376 949 1525 980 Probum
1548 950 1582 980 in

885 999 1011 1031 Annib.
1033 999 1105 1031 Vit.
1149 1000 1224 1032 Quo
1247 1004 1439 1031 commento
1463 1000 1584 1030 Eume-

885 1058 962 1080 nem
992 1049 1126 1089 vicerit,
1148 1048 1256 1080 refert
1279 1053 1314 1080 et
1330 1049 1511 1080 Frontinus
1534 1058 1585 1080 iv.

885 1102 918 1131 7.
950 1102 1001 1131 12.
1051 1100 1097 1130 Et
1129 1099 1172 1130 de
1196 1100 1270 1140 ejus
1296 1103 1404 1130 morte
1428 1099 1521 1131 Plut.
1549 1100 1585 1130 in

886 1150 1075 1182 Flaminino
1095 1153 1148 1182 35.
1183 1149 1474 1190 Appian.Syriac.
1512 1150 1587 1181 Liv.

888 1210 1022 1232 xxxlx.
1038 1204 1090 1233 51.
1114 1200 1171 1232 ubi
1197 1205 1232 1231 et
1258 1199 1412 1231 Africani
1441 1204 1586 1231 mortem

889 1254 1143 1282 commemorat.
1202 1250 1276 1281 val.
1306 1251 1358 1281 M.
1390 1258 1444 1280 lx.
1485 1252 1516 1280 2.
1554 1252 1586 1280 2.

889 1301 998 1332 Varro
1035 1300 1101 1342 περὶ
1125 1300 1302 1340 Ἐξαγανγῆς
1331 1309 1386 1340 ap.
1419 1299 1587 1330 Nonium:

890 1351 899 1368 ‘
918 1351 1051 1384 Quaerit
1080 1351 1206 1382 ibidem
1242 1350 1285 1381 ab
1316 1349 1495 1388 Annibale,
1530 1358 1590 1379 cur

890 1401 1017 1432 biberit
1047 1400 1355 1432 medicamentum:
1409 1399 1498 1432 Quia
1522 1400 1590 1430 Ro-

892 1451 1009 1491 manis,
1031 1451 1155 1492 inquit,
1177 1460 1231 1482 me
1257 1450 1436 1482 Prusiades
1456 1450 1592 1481 tradere

892 1500 1054 1532 volebat.'
1082 1502 1187 1540 Bong.

937 1553 954 1592 ς
979 1555 997 1582 5
1029 1551 1119 1582 Velut
1139 1551 1254 1591 pignus
1276 1561 1346 1591 opes
1369 1550 1432 1590 ejus
1454 1550 1593 1590 tenebat]

895 1601 1009 1642 Agell.
1024 1609 1103 1633 xv1.
1122 1605 1175 1633 10.
1211 1603 1220 1618 ‘
1238 1601 1405 1634 Quoniam
1424 1611 1476 1632 res
1492 1611 1594 1642 pecu-

895 1653 1019 1693 niaque
1030 1650 1205 1682 familiaris
1218 1651 1343 1682 obsidis
1354 1652 1462 1682 vicem
1475 1651 1594 1691 pigne-

897 1701 1010 1743 risque
1022 1711 1094 1733 esse
1109 1701 1197 1742 apud
1215 1701 1383 1742 Rempub.
1395 1700 1573 1732 videbatur
1585 1711 1596 1739 ς

900 1752 1087 1793 amorisque
1102 1752 1135 1783 in
1162 1752 1304 1793 patriam
1331 1751 1415 1783 fides
1438 1752 1595 1793 quaedam

900 1802 934 1833 in
960 1811 1001 1833 ea
1024 1802 1341 1843 firmamentumque
1362 1806 1453 1834 erat:
1487 1812 1596 1843 neque

901 1851 1088 1893 proletarii,
1102 1861 1211 1893 neque
1226 1852 1340 1892 capite
1354 1852 1459 1892 censi,
1473 1853 1598 1884 milites

901 1902 966 1933 nisi
977 1902 1011 1932 in
1025 1902 1172 1933 tumultu
1185 1902 1330 1932 maximo
1344 1902 1598 1941 scribebantur;

903 1951 982 1993 quia
993 1951 1118 1983 familia
1131 1951 1339 1992 pecuniaque
1355 1951 1403 1982 his
1419 1956 1477 1983 aut
1490 1952 1600 1983 tenuis

903 2005 961 2033 aut
986 2001 1079 2032 nulla
1102 2000 1212 2032 esset!
1256 2001 1311 2032 Ita
1337 2001 1460 2042 Veget.
1484 2010 1524 2033 11.
1545 2003 1600 2032 20.

903 2051 1045 2091 ‘Miles‚
1073 2051 1130 2092 qui
1158 2054 1287 2082 sumtus
1313 2060 1391 2082 suos
1420 2052 1486 2082 scit
1510 2051 1601 2092 apud

905 2102 1001 2143 signa
1025 2101 1212 2142 depositos,
1234 2101 1277 2132 de
1307 2101 1493 2132 deserendo
1519 2101 1604 2132 nihil

907 2152 1052 2192 cogitat:
1075 2151 1183 2192 magis
1196 2150 1308 2192 diligit
1323 2151 1439 2191 signa:
1463 2160 1523 2192 pro
1536 2151 1602 2182 illis

906 2201 941 2233 in
953 2201 1026 2232 acie
1041 2199 1162 2232 fortius
1177 2199 1317 2232 dimicat
1330 2210 1338 2231 ι
1361 2209 1454 2231 more
1469 2201 1605 2232 humani

908 2250 1048 2292 ingenii,
1072 2254 1109 2281 ut
1124 2259 1184 2291 pro
1200 2249 1264 2280 illis
1281 2249 1408 2281 habeat
1423 2250 1604 2281 maximam

909 2309 1035 2340 curam,
1050 2299 1084 2330 in
1099 2298 1219 2340 quibus
1235 2309 1328 2330 suam
1343 2300 1436 2331 videt
1458 2300 1604 2340 positam

910 2360 983 2382 esse
998 2348 1241 2382 substantiam)
1269 2350 1369 2380 Unde
1381 2349 1495 2381 callidi
1507 2349 1606 2381 Prin-

911 2400 1016 2441 cipes,
1042 2409 1062 2430 a
1075 2399 1138 2430 sibi
1153 2399 1317 2439 suspectis
1339 2403 1487 2430 mutuam
1505 2409 1607 2440 pecu-

912 2450 1000 2481 niam
1032 2448 1253 2489 accipientes,
1280 2457 1393 2479 eorum
1419 2449 1482 2480 sibi
1505 2449 1607 2480 fidem

914 2497 1141 2538 obstringunt.
1198 2497 1239 2528 Id
1263 2496 1352 2538 quod
1379 2496 1527 2528 feliciter
1548 2507 1607 2528 ex-

914 2553 1032 2590 pertus
1048 2551 1101 2578 est
1130 2548 1308 2587 Eumenes,
1328 2552 1487 2578 narrante
1505 2547 1608 2579 Diod.

916 2607 993 2630 11111.
1009 2600 1063 2629 24.
1089 2600 1126 2628 et
1147 2597 1240 2628 Plut.
1265 2597 1362 2628 Eum.
1385 2599 1438 2628 24.
1460 2597 1609 2637 itemque

916 2649 1053 2680 Leucon
1080 2656 1134 2687 ap.
1164 2646 1316 2686 Polyaen.
1338 2654 1388 2677 vx.
1425 2646 1523 2677 Fecit
1543 2647 1608 2677 hoe

918 2698 1095 2729 Eduardus
1107 2706 1146 2727 11.
1158 2696 1301 2736 Anguis,
1317 2700 1403 2727 teste
1416 2696 1587 2728 Cominaeo
1600 2707 1610 2736 3

919 2749 1068 2788 itemque
1080 2747 1190 2786 Reges
1204 2746 1378 2787 Hispaniae
1391 2745 1530 2778 faciunt.
1547 2748 1612 2779 Ra-

922 2799 1047 2830 tionem
1061 2797 1213 2838 explicat
1229 2796 1371 2829 Aristot.
1384 2797 1417 2828 111
1434 2797 1563 2829 Ethicis
1579 2798 1612 2829 in

922 2849 1170 2881 Nicomdxff.
1210 2847 1309 2878 Bern.

937 2935 941 2936 ⁷
965 2899 1050 2931 Auro
1066 2907 1118 2929 sno
1142 2897 1176 2928 in
1195 2897 1321 2938 statuis,
1341 2907 1413 2938 quas
1427 2908 1525 2930 secum
1546 2908 1616 2939 pm·-
