2174 3424
511 351 595 392 846

511 465 577 497 que
594 459 629 486 et
644 454 780 486 dicere:
805 455 814 472 ‘
833 454 961 486 Omnes
983 454 1206 485 restituuntur

510 510 636 546 praeter
665 504 836 536 damnati!
895 504 980 535 Ead.
1018 508 1070 534 est
1106 503 1203 534 ratio.

511 555 675 586 Nimirum
698 555 708 571 ‘
726 553 869 594 praeter’
893 554 1030 594 ponitur
1052 563 1204 584 nonnun-

511 614 608 646 quam
626 614 698 644 pro,
715 607 953 644 praeterquam,
976 608 1015 634 ut
1041 613 1116 643 cap.
1134 612 1204 644 seq.

508 656 518 671 ‘
534 655 581 685 Ut
599 654 680 685 nihil
696 654 800 684 hostis
817 654 924 684 victor
941 663 1074 684 suarum
1092 663 1203 683 rerum

509 709 636 745 praeter
646 704 791 735 incendii
803 704 998 744 spectaculo
1009 701 1202 734 frueretur.’

511 754 618 784 Groev.

552 804 655 835 Caedz‘s
669 804 824 846 damnati]
846 805 891 836 Et
906 803 1069 845 ἱερόσυλοι.
1094 802 1200 835 Diod.

508 855 614 894 Bong-

551 907 568 946 ξ
596 910 615 937 8
648 906 811 937 Heraczeoe
837 906 936 948 urbis]
971 906 1056 938 Cum
1085 904 1201 935 mnltae

507 955 577 986 sint
594 955 786 996 Heracleae‚
807 965 849 986 ue
866 966 930 986 uno
946 955 1081 996 quidem
1099 953 1201 984 verbo

506 1006 574 1046 huj.
600 1006 690 1036 urbis
713 1007 822 1037 locum
844 1006 983 1037 indicat.
1029 1006 1101 1045 Ego
1130 1005 1200 1045 qui-

507 1056 583 1086 dem
601 1056 702 1087 credo
717 1066 792 1087 eum
808 1056 898 1097 loqui
915 1057 957 1087 de
969 1066 1010 1087 ea
1019 1056 1202 1093 Heraclea,

507 1116 581 1146 quae
599 1106 640 1136 ad
656 1107 745 1137 OEtae
762 1106 884 1137 montis
902 1106 1032 1137 radices
1049 1110 1112 1141 est,
1135 1114 1202 1135 non

504 1157 554 1187 ita
570 1157 667 1196 longe
689 1167 708 1187 a
728 1156 972 1196 Thermopylis,
993 1165 1091 1196 quam
1108 1154 1202 1194 oppi-

506 1207 549 1237 do
568 1208 744 1247 eleganter
767 1206 930 1237 describit
952 1206 1025 1236 Liv.
1044 1214 1095 1236 Vl.
1124 1205 1200 1235 dec.

505 1266 553 1288 1v.
598 1258 654 1297 Et,
676 1257 739 1287 nisi
765 1256 873 1296 fallor,
895 1266 968 1286 eam
990 1256 1200 1286 Ptolemaeus

504 1306 710 1337 Phthiotidis
727 1306 927 1336 Heracleam
952 1304 1046 1335 facit.
1091 1303 1200 1335 Eaud.

505 1357 555 1387 Μ.
570 1356 707 1387 Attilius
721 1355 862 1386 Glabrio
878 1366 896 1385 e
912 1355 1062 1385 manibus
1077 1354 1202 1385 AEtolo-

504 1417 575 1437 rum
605 1411 747 1446 ceperat
772 1406 862 1445 olim,
885 1409 962 1445 post
990 1406 1062 1435 136.
1085 1412 1202 1443 annos,

504 1461 562 1487 ant
579 1456 724 1486 circiter.
750 1456 840 1486 Glar.

547 1506 722 1546 Heracleoe]
747 1506 819 1536 Imo
844 1504 983 1545 Lamiae‚
1006 1513 1081 1545 quae
1096 1503 1200 1534 Thes-

503 1557 592 1588 saliae
611 1558 688 1588 urbs
705 1561 767 1587 est.
791 1557 891 1587 Bern.

547 1609 564 1648 ς
585 1610 605 1637 9
628 1606 783 1646 Harpalo]
808 1607 893 1636 Mss.
925 1605 1091 1644 Harpago.
1144 1602 1199 1634 Li-

502 1658 631 1689 brarios
648 1658 681 1688 in
708 1667 856 1688 errorem
882 1656 1014 1687 induxit
1040 1653 1202 1694 Astyagis

502 1709 697 1749 Harpagus,
721 1707 763 1737 de
789 1717 854 1748 quo
882 1716 906 1737 1.
935 1709 966 1737 4.
994 1708 1025 1736 6.
1073 1705 1200 1735 Dehoc

501 1760 568 1799 leg.
585 1769 658 1798 sup.
675 1763 829 1789 notatos:
853 1762 887 1788 et
903 1755 1047 1787 emenda
1061 1754 1200 1786 Eusebii

503 1809 719 1848 Chronicum,
741 1809 773 1838 in
798 1817 862 1848 quo
886 1807 1015 1847 legitur
1038 1807 1046 1823 ‘
1064 1806 1198 1844 Harpa-

502 1861 552 1891 lus
577 1860 663 1900 fugit
689 1861 722 1890 in
746 1859 862 1890 Asiam
874 1858 894 1897 ;’
919 1858 1031 1889 scribe
1055 1866 1094 1888 ex
1108 1857 1197 1887 Asia.

502 1911 553 1941 De
567 1910 803 1941 Demosthenis
820 1909 937 1940 exsilio
954 1908 1089 1939 vidend.
1104 1908 1198 1937 Plut.

502 1961 534 1991 in
551 1961 619 1991 Vit.
634 1964 686 1991 36.
704 1966 739 1991 et
756 1961 858 1990 Paus.
876 1959 908 1989 in
923 1958 1075 1990 Corinth.
1092 1958 1196 1995 Bong.

545 2013 634 2047 Quod
648 2011 821 2050 civitatem]
846 2009 995 2050 Legend.
1018 2020 1087 2049 quo,
1118 2009 1148 2039 h.
1167 2018 1196 2039 e.

502 2066 549 2092 ut.
595 2062 737 2092 Causam
755 2061 843 2091 enim
865 2059 1050 2099 largitionis
1068 2057 1198 2088 Auctor

501 2111 653 2151 exponit.
671 2110 814 2141 Freinsh.
845 2109 911 2139 Vix
927 2107 1105 2139 dubitand.
1119 2107 1197 2147 (quiin

501 2171 577 2192 cum
596 2160 746 2191 Freinsh.
762 2159 894 2199 legend.
919 2160 964 2189 sit
988 2168 1065 2198 quo:
1089 2162 1125 2188 ut
1142 2167 1198 2187 no-

502 2215 593 2241 tetur
615 2210 690 2240 finis
717 2214 858 2249 propter
883 2217 982 2249 quem
1002 2217 1119 2238 aurum
1146 2216 1197 2237 re-

501 2260 631 2299 ceperit
663 2259 704 2290 ab
732 2259 896 2298 Harpalo.
928 2258 1030 2289 Vorst.
1074 2257 1197 2288 Manet

501 2311 652 2341 Freinsh.
664 2310 776 2349 legere
787 2319 854 2349 quo.
875 2308 938 2339 Sed
951 2306 975 2338 f.
986 2308 1030 2337 nil
1044 2306 1194 2338 mutand.

499 2362 641 2393 Terent.
670 2361 703 2391 in
735 2361 869 2391 Phorm.
899 2369 931 2390 v.
957 2362 988 2390 8.
1010 2359 1019 2375 ‘
1035 2357 1113 2389 Vin'
1130 2358 1197 2398 pri·

499 2421 589 2442 mum
600 2411 696 2441 hodie
709 2409 835 2448 facere,
849 2408 934 2449 qnod
947 2417 1009 2448 ego
1021 2407 1198 2447 gaudeam,

502 2462 732 2499 Nausistrata,
757 2461 799 2491 Et
817 2459 905 2500 quod
930 2464 986 2489 tuo
1008 2458 1080 2488 viro
1107 2458 1196 2489 oculi

500 2510 676 2541 doleant?'
722 2511 788 2541 Hic
808 2510 928 2548 facere,
952 2509 1030 2548 quod
1057 2512 1124 2546 est,
1147 2506 1197 2538 fa-

499 2571 576 2591 cere
604 2560 649 2600 id,
673 2560 715 2591 ob
745 2560 853 2600 qnod:
878 2558 1045 2600 quomodo
1076 2562 1112 2589 et
1141 2567 1195 2598 ap.

499 2611 619 2641 Nostr.
642 2611 651 2626 ‘
675 2610 758 2648 auri,
789 2609 894 2650 quod'
921 2614 986 2646 est,
1011 2609 1082 2639 auri
1110 2607 1196 2647 ejus,

499 2660 542 2690 ob
559 2659 659 2700 qnod.
706 2658 795 2689 Add.
813 2658 964 2698 Scioppii
990 2661 1025 2688 et
1049 2656 1196 2687 Marian-

499 2709 568 2749 guli
587 2708 687 2739 Auct.
712 2708 752 2739 ad
769 2709 886 2739 Sauct.
903 2718 936 2748 p.
952 2717 996 2738 m.
1013 2710 1065 2738 45.
1089 2705 1196 2743 Schef.

542 2759 558 2798 ς
578 2761 616 2788 12
644 2759 726 2798 Telo]
744 2760 752 2774 ‘
765 2757 903 2788 Telnm’
921 2767 983 2798 pro
1000 2757 1112 2796 lapide
1128 2757 1159 2787 h.
1173 2757 1194 2786 l.

499 2812 643 2848 usurpat
659 2807 788 2838 Auctor
804 2816 896 2838 more
912 2807 1090 2839 JCtorum.
1117 2805 1195 2838 Vid.

501 2859 534 2888 L
554 2862 606 2890 23.
630 2859 646 2898 ξ
661 2862 691 2889 2.
717 2860 762 2890 D.
785 2858 826 2889 de
840 2858 943 2889 Verb.
956 2855 1072 2897 Signif.
1089 2861 1124 2887 et
1140 2856 1196 2887 In-

500 2909 609 2940 stitut.
627 2918 675 2940 iv.
693 2909 747 2940 tit.
764 2911 813 2941 18.
830 2909 847 2949 ξ
864 2911 896 2940 2.
944 2907 1040 2940 Suid.
1064 2905 1195 2939 Λεωσθέ-

965 360 1105 392 No'rAE
1138 361 1401 392 VARIORUM
1437 361 1486 392 IN

1254 465 1306 491 νης
1321 453 1496 494 στρατηγὸς
1509 455 1570 484 τῶν
1583 451 1756 490 Ἀθηναίων.
1802 450 1900 484 Οὗτος
1916 452 1948 483 ἐν

1254 505 1299 542 τῷ
1311 504 1383 544 πρὸς
1399 503 1574 535 Μακεδόνας
1583 503 1706 543 πολέμῳ
1717 502 1860 544 προθυμίᾳ
1872 514 1950 543 χρη-

1255 552 1383 591 σάμενος
1402 555 1456 584 τοῦ
1476 555 1576 594 καιροῦ
1591 552 1808 594 προθυμοτέρᾳ,
1835 552 1886 584 καὶ
1907 554 1949 594 τῇ

1253 602 1472 645 παραπεσούσῃ
1488 603 1627 645 εὐπραξίᾳ
1637 605 1720 645 (Ms.
1732 604 1814 635 Leid
1822 628 1829 634 .
1841 604 1949 644 εὐπρα-

1253 653 1323 694 γίᾳ)
1345 653 1425 684 κατὰ
1437 656 1499 684 τῶν
1514 655 1666 693 πολεμίων
1689 654 1820 693 ἐπεξιὼν,
1842 652 1899 691 τήν
1912 664 1949 684 τε

1254 704 1389 743 ἐμβολὴν
1413 704 1519 745 ἀφειδῆ
1535 706 1675 745 ποιεῖται,
1697 704 1748 735 καὶ
1767 705 1841 744 λίθῳ
1867 709 1950 741 πλη-

1251 753 1319 792 ’γεὶς
1343 753 1423 785 κατὰ
1444 752 1502 791 τὴν
1524 754 1664 794 κεφαλὴν
1687 753 1871 795 ἀφυλάκτως
1897 752 1949 784 ἐπὶ

1252 807 1309 842 τῆς
1331 804 1524 845 παρατάξεως
1545 805 1659 836 πίπτει.
1714 805 1813 836 Diod.
1837 812 1947 835 XVIII.

1254 858 1306 886 13.
1341 855 1378 886 ‘0
1393 854 1448 894 μὲν
1464 854 1636 892 Λεωσθένης
1659 856 1860 896 παραβοηθῶν
1882 855 1947 885 τοῖς

1253 903 1347 943 ἰδίοις,
1365 904 1415 935 καὶ
1431 903 1561 944 πληγεὶς
1581 904 1623 936 εἷς
1636 904 1695 942 τὴν
1709 904 1847 944 κεφαλὴν
1861 904 1946 944 λίθῳ,

1252 957 1438 995 παραχρῆμα
1454 954 1556 992 ἔπεσε,
1580 954 1631 986 καὶ
1649 954 1879 996 λειποψυχῆσας
1906 953 1949 985 εἷς

1251 1006 1310 1042 τὴν
1332 1006 1527 1046 παρεμβολὴν
1551 1004 1745 1044 ἀπεκομίσθη.
1789 1006 1834 1046 Τῇ
1859 1003 1948 1046 τρίτῃ

1252 1055 1284 1086 δὲ
1299 1054 1394 1097 ἡμέρᾳ
1407 1054 1654 1092 τελευτήσαντος
1663 1056 1756 1086 αὐτοῦ
1769 1054 1819 1085 καὶ
1834 1053 1947 1094 ταφέν-

1251 1119 1305 1138 τος
1319 1107 1461 1147 ἦρωϊκῶς,
1475 1107 1523 1138 διὰ
1537 1107 1594 1144 τὴν
1612 1107 1643 1136 ἐν
1656 1107 1699 1145 τῴ·
1712 1105 1835 1145 πολέμῳ
1846 1105 1946 1145 δόξαν,

1252 1157 1268 1186 ὁ
1283 1156 1338 1195 μὲν
1354 1158 1446 1196 δῆμος
1461 1158 1522 1188 τῶν
1533 1156 1696 1194 Ἀθηναίων
1718 1156 1772 1187 τὸν
1792 1155 1947 1196 ἐπιτάφιον

1252 1205 1374 1237 ἔπαινον
1397 1206 1493 1238 εἰπεῖν
1519 1206 1704 1248 προσέταξεν
1722 1206 1878 1248 Ὑπερείδῃ
1902 1208 1948 1245 τῷ

1250 1256 1434 1297 πρωτεύοντι
1444 1258 1506 1287 τῶν
1515 1257 1647 1297 ῥητόρων
1661 1258 1700 1298 τῇ
1710 1258 1765 1287 τοῦ
1779 1256 1874 1294 λόγου
1889 1258 1946 1287 δει-

1251 1305 1355 1343 νότητι
1370 1306 1420 1337 καὶ
1435 1308 1475 1348 τῇ
1488 1307 1569 1337 κατὰ
1582 1309 1643 1338 τῶν
1658 1305 1838 1338 Μακεδόνων
1853 1306 1948 1338 ἄλλο·

1251 1354 1396 1396 τριότητι.

1293 1407 1365 1446 §14
1390 1406 1538 1446 Equestri
1558 1407 1680 1446 proelio]
1703 1406 1856 1437 Ducibus
1879 1405 1947 1437 An-

1251 1457 1370 1496 tiphilo
1397 1462 1433 1487 et
1457 1457 1604 1487 Menone
1629 1457 1804 1488 Thessalo.
1850 1458 1945 1488 Plut.

1251 1507 1282 1537 in
1315 1507 1478 1539 Phocion.
1514 1509 1565 1538 33.
1613 1507 1714 1539 Diod.
1755 1516 1862 1539 xvm.
1894 1510 1947 1539 15.

1250 1557 1356 1594 Bong.

1295 1606 1380 1637 CAP.
1399 1616 1450 1638 w.
1485 1608 1536 1647 §1
1563 1606 1745 1647 Ariarathi]
1769 1606 1948 1647 Regnabat

1250 1655 1278 1685 is
1307 1655 1340 1685 in
1367 1656 1608 1696 Cappadocia:
1640 1657 1743 1688 Diod.
1766 1666 1876 1687 xvur.
1894 1659 1948 1689 16.

1250 1706 1343 1738 Plut.
1358 1706 1391 1736 in
1409 1708 1559 1738 Eumene
1574 1710 1604 1739 7.
1651 1709 1733 1739 Erat
1753 1708 1842 1738 enim
1859 1708 1947 1748 Cap-

1250 1757 1391 1797 padocia
1431 1758 1573 1788 Eumeni
1613 1757 1718 1796 dicta,
1757 1767 1823 1788 non
1852 1757 1946 1789 data.

1250 1806 1392 1837 Probus.
1438 1808 1523 1840 Quae
1547 1808 1599 1838 hic
1627 1808 1668 1838 de
1685 1807 1947 1848 Cappadocibus

1249 1863 1444 1896 narrantur,
1466 1867 1506 1888 ea
1544 1857 1646 1888 Diod.
1687 1867 1792 1889 xvn1.
1819 1860 1872 1888 22.
1902 1856 1945 1888 de

1249 1907 1386 1938 Isauriis
1404 1906 1526 1938 refert:
1552 1917 1571 1938 a
1587 1917 1652 1948 quo
1669 1912 1703 1937 et
1720 1917 1847 1946 eorum,
1870 1917 1945 1948 quae

1249 1964 1448 1998 sequuntur,
1472 1958 1603 1998 plenior
1628 1957 1776 1988 narratio
1796 1956 1946 1997 petenda

1248 2012 1312 2039 est.
1338 2008 1493 2046 Bongars.
1539 2007 1641 2047 Angl.
1668 2016 1734 2038 una
1758 2010 1842 2038 'voce
1868 2016 1944 2037 auc-

1249 2058 1327 2096 tius,
1361 2057 1434 2088 bello
1461 2057 1587 2087 innoxio
1616 2057 1792 2088 Ariarathi.
1828 2056 1943 2088 Schef.

1246 2108 1337 2139 Just.
1352 2106 1530 2138 confundit
1546 2107 1598 2138 hic
1624 2107 1747 2138 bellum
1764 2107 1943 2147 Cappadoa

1247 2156 1335 2187 cium
1352 2167 1426 2187 cum
1443 2157 1606 2188 Isaurico.
1652 2157 1729 2188 Hoc
1747 2157 1835 2187 enim
1853 2157 1945 2188 Isau-

1247 2207 1351 2237 ricum
1369 2206 1445 2246 fnit,
1456 2213 1492 2237 ut
1509 2211 1643 2237 constat
1659 2216 1701 2237 ex
1714 2206 1817 2237 Diod.
1833 2215 1943 2237 xvlu.

1246 2259 1298 2287 22.
1330 2256 1463 2287 Innoxio
1487 2256 1623 2289 Justino
1648 2266 1781 2298 quoque
1807 2257 1943 2297 legitur.

1249 2305 1356 2336 Groev.

1289 2357 1306 2395 ᾧ
1323 2358 1343 2385 2
1361 2355 1483 2395 Quippe
1497 2355 1609 2394 hostes,
1622 2355 1688 2396 ἐξα]
1713 2356 1791 2387 Νοη
1808 2356 1943 2388 absimi-

1247 2405 1290 2436 lia
1301 2405 1490 2446 desperatoe
1503 2406 1607 2436 rabiei
1621 2406 1687 2446 huj.
1704 2412 1739 2436 et
1754 2407 1943 2438 inhumanae

1246 2456 1460 2487 necessitatis
1486 2456 1645 2495 exempla
1670 2455 1821 2487 referunt
1850 2457 1941 2488 Xen.

1246 2514 1297 2537 ιν.
1321 2506 1410 2545 Exp.
1428 2506 1522 2544 Cyri,
1539 2505 1580 2535 de
1596 2506 1776 2536 'l'aoehoris
1791 2517 1798 2537 :
1822 2506 1944 2546 Polyb.

1248 2563 1326 2586 xvr.
1356 2558 1406 2586 16.
1427 2554 1469 2585 de
1486 2554 1683 2593 Abydenis.-
1710 2556 1782 2586 Liv.
1800 2565 1872 2588 xm.
1890 2559 1942 2588 11.

1245 2607 1276 2634 cl.
1311 2604 1352 2635 de
1384 2604 1503 2634 Istris:
1541 2604 1633 2635 Plut.
1663 2605 1771 2635 Bruto
1810 2608 1864 2636 46.
1899 2605 1942 2636 de

1247 2654 1406 2686 Xanthiis
1423 2655 1456 2684 in
1475 2653 1600 2693 Lycia:
1625 2653 1774 2694 Appian.
1803 2655 1835 2686 in
1862 2655 1943 2696 Illy-

1247 2705 1306 2735 ric.
1334 2704 1376 2735 ‹le
1401 2704 1584 2734 Metulliis:
1615 2704 1689 2735 Liv.
1718 2713 1796 2735 xm.
1825 2708 1875 2737 14.
1899 2705 1942 2736 de

1245 2753 1462 2794 Saguntinis:
1488 2757 1523 2783 et
1548 2761 1684 2783 xxvm.
1706 2756 1759 2784 22.
1783 2753 1826 2784 de
1843 2753 1943 2786 Asta-

1247 2803 1427 2844 pensibus:
1454 2802 1543 2833 Flor.
1571 2811 1612 2832 11.
1638 2806 1695 2833 10:
1714 2805 1766 2835 28.
1791 2804 1833 2834 de
1861 2804 1942 2835 Car-

1247 2852 1531 2893 thaginiensibus:
1556 2857 1591 2882 et
1608 2861 1649 2883 11.
1668 2856 1718 2884 18.
1733 2856 1784 2884 26.
1807 2854 1850 2885 de
1870 2853 1942 2885 Nu-

1246 2904 1415 2937 mantinis.
1459 2903 1599 2936 Judaeos
1623 2913 1755 2946 quoque
1778 2905 1942 2947 templum
