2101 3419
611 395 805 428 JUS'r1N1
842 396 934 426 mn.
966 395 1110 426 xvm.
1141 395 1246 426 cAP.
1276 385 1319 426 4.
1602 384 1687 426 885

249 492 394 524 delenda
408 495 469 524 est.
500 492 625 523 Sensus
638 494 710 522 est:
728 490 795 523 Qui
807 490 941 521 misere-

249 547 342 574 retur
362 542 485 574 domini
509 542 558 572 sui
579 541 623 572 ob
639 540 853 572 clementiam
871 540 941 580 ejus

248 592 435 632 pristinam,
447 596 482 623 et
494 591 554 622 sub
571 600 637 632 quo
652 591 684 621 ei
701 590 790 621 mitis
804 600 842 621 ac
858 589 941 621 libe-

250 641 328 672 ralis
344 640 454 672 fuerat
469 642 623 672 servitus.
661 641 761 672 Gron.

293 695 310 734 ξ
326 697 347 724 9
371 694 449 724 Cum
463 695 546 724 vetut
558 693 669 723 occisos
681 690 858 731 alienasset]
874 691 943 722 No-

250 742 352 773 tanda
368 741 570 781 significatio
587 746 649 780 est,
662 751 735 782 pro,
747 751 766 772 e
780 750 943 780 conspec-

251 795 286 822 tu
314 791 524 831 removisset,
544 792 702 830 celasset,
726 793 791 822 Sec.
828 790 941 822 Faber.

249 842 258 858 ‘
274 839 486 879 Alienasset,’
503 841 536 871 h.
558 850 586 872 e.
602 841 818 881 occuluisset,
833 844 870 871 ut
885 850 943 871 ex-

251 893 393 930 ponunt.
438 889 485 920 At
503 890 625 921 vellem
640 890 720 921 mihi
738 890 845 921 locum
861 890 944 920 alte-

251 940 319 970 rius
332 939 473 980 alicujus
484 940 676 977 monstrari,
689 939 747 970 ubi
767 941 775 956 ‘
784 937 943 970 alienare)

250 988 393 1029 positum
411 989 455 1019 sit
470 998 544 1029 pro,
559 989 743 1020 occultare.
778 989 944 1020 Putabam

251 1039 426 1079 scripsisse
456 1039 499 1070 ali
528 1042 695 1079 curassent,
722 1043 757 1070 at
786 1039 850 1070 hoc
876 1049 945 1070 non

251 1088 386 1119 videtur
401 1089 582 1120 convenire
595 1089 814 1130 praecedenti,
829 1091 838 1107 ‘
852 1090 945 1121 velut

251 1138 403 1171 occisos.’
446 1140 665 1171 Deliberand.
688 1140 789 1180 igitur
812 1144 866 1172 est
879 1150 946 1171 am-

252 1189 354 1229 plius,
370 1192 404 1220 et
426 1189 561 1221 videtur
583 1190 711 1230 aliquid
736 1190 790 1221 hic
815 1190 882 1222 dici
903 1191 946 1222 de

252 1240 343 1280 loco,
358 1239 414 1271 ubi
431 1250 488 1271 eos
505 1240 703 1272 servaverit.
737 1240 842 1278 Schef.

299 1291 397 1326 Quasi
409 1290 651 1331 acceptissimum
667 1289 755 1329 Diis]
787 1291 870 1321 Mss.
883 1291 948 1330 pla-

252 1341 443 1372 citissimum.
475 1341 575 1374 Quod
590 1341 708 1371 merito
726 1340 847 1381 probat
863 1341 949 1372 Gro-

254 1399 331 1422 nov.
373 1391 450 1422 Val.
472 1391 523 1422 Fl.
556 1391 565 1407 ‘
578 1391 795 1431 Placitosque
810 1391 891 1421 Deis
905 1400 947 1421 ne

255 1439 393 1471 deserat
409 1440 526 1472 actus?
560 1440 669 1471 Groev.

300 1491 318 1531 ᾗ
342 1493 379 1521 11
404 1491 444 1521 Id
454 1490 604 1530 primum]
627 1492 665 1521 F.
682 1490 726 1521 Is.
744 1501 795 1531 pr.
831 1491 939 1523 Gron.

300 1540 318 1579 ξ
341 1542 380 1570 13
405 1540 477 1570 Non
491 1540 622 1580 servilis,
634 1541 701 1581 Era]
723 1541 825 1572 Plato
841 1551 889 1572 VI.
906 1541 949 1572 de

258 1589 342 1629 Leg.
369 1589 429 1620 sub
451 1589 553 1621 finem
569 1600 610 1620 ex
626 1590 776 1621 Homero
793 1591 951 1632 producit

258 1639 318 1670 hos
333 1650 387 1672 vv.
405 1640 460 1681 qui
474 1640 572 1671 nobis
588 1644 698 1671 tamen
716 1641 840 1681 Odyss.
858 1651 948 1673 xvn.

259 1693 334 1722 322.
350 1692 449 1731 paulo
463 1691 559 1722 aliter
574 1691 749 1731 leguntur:
766 1691 881 1730 Ἥμισυ
891 1691 951 1733 ’γάρ

259 1753 293 1771 τε
306 1739 375 1771 νόου
388 1740 583 1781 ἀπαμείρεται
593 1740 720 1782 εὐρύοπα
732 1741 802 1773 Ζεὺς
815 1743 952 1784 Ἀνδρῶν,

261 1789 311 1821 οὓς
325 1790 362 1821 ἂν
376 1790 411 1827 δὴ
423 1790 502 1821 κατὰ
515 1789 633 1821 δούλιον
647 1790 727 1832 ἦμαρ
742 1791 841 1834 ἕλῃσι.
868 1795 877 1810 ⁶
890 1794 951 1824 Di-

260 1840 364 1871 midio
380 1840 502 1871 ment1s
516 1840 674 1881 deprivat
689 1842 850 1882 Juppiter
866 1844 954 1883 illos,

258 1890 397 1921 Servilis
410 1899 624 1931 quoscunque
637 1891 724 1922 viros
737 1902 807 1923 sors
822 1893 953 1933 ceperit

260 1940 427 1982 unquam.’
452 1940 578 1971 Contra
592 1950 631 1971 ea
644 1941 787 1982 Dionys.
802 1942 885 1973 Cato
899 1952 952 1974 111.

260 1991 407 2022 Distich.
433 1993 483 2021 11.
517 1991 526 2006 ‘
538 1990 630 2021 Utile
656 1991 855 2032 consilium‚’
888 1995 951 2024 διο.

261 2041 307 2072 Et
322 2041 465 2071 maxime
476 2040 555 2071 Sen.
572 2041 635 2080 Ep.
651 2043 704 2072 47.
727 2041 826 2074 Bern.

303 2092 321 2131 ξ
344 2092 384 2121 14
409 2091 564 2126 Quantum
578 2090 711 2129 ingenua
725 2092 885 2123 servilibus
905 2093 952 2124 in-

257 2142 352 2180 genia
375 2140 572 2181 proestareut]
603 2139 806 2181 Anglicanus
832 2143 899 2174 Ms.
922 2155 951 2184 q.

260 2193 449 2224 dmninorum
462 2192 587 2231 ingenia
601 2202 678 2224 serv.
692 2203 743 2233 pr.
780 2194 846 2225 Sed
868 2195 952 2226 illud

261 2244 449 2275 dominorum
473 2242 651 2274 manifeste
677 2248 731 2275 est
760 2253 802 2274 ex
830 2245 951 2284 glossa.

262 2293 365 2331 Schef.

304 2346 322 2385 ᾗ
339 2347 378 2377 17
391 2344 589 2375 Metuendum
600 2346 780 2385 exemplum,
791 2345 857 2385 δῖα]
871 2347 954 2378 Eod.

263 2405 340 2425 usus
364 2399 562 2434 argumento
585 2395 776 2426 Marcellin.
793 2405 884 2427 xvn.
900 2399 953 2428 28.

262 2444 271 2460 ‘
285 2443 341 2475 Ad
363 2454 478 2475 servos
501 2444 666 2484 rebelles,'
690 2445 811 2486 inquit,
839 2447 953 2477 ‘ocius

265 2494 362 2535 signa
377 2493 565 2534 transferri,
577 2495 704 2525 utilitas
717 2495 850 2535 publica
861 2495 954 2537 fiagi-

265 2544 380 2575 tabat.’
402 2545 499 2575 Rern.

307 2594 324 2633 ξ
348 2596 387 2623 18
412 2591 575 2631 Crucibus]
592 2592 728 2633 Quippe
739 2594 875 2634 proprio
888 2605 956 2626 ser-

268 2653 382 2674 vorum
397 2642 575 2682 supplicio.
607 2642 723 2674 Plaut.
740 2643 771 2673 in
790 2645 901 2675 Milite
915 2655 954 2676 11.

267 2696 297 2724 4.
314 2696 364 2724 19.
400 2694 483 2724 Tac.
500 2693 546 2724 H.
562 2702 601 2724 11.
617 2696 671 2724 72.
687 2697 717 2725 4.
739 2699 773 2725 et
790 2705 838 2727 ιν.
856 2699 906 2727 ll.
922 2700 953 2728 9.

267 2743 441 2773 Vulcatius
465 2743 498 2773 in
521 2742 644 2773 Avidio
666 2744 782 2775 Cassio
798 2747 829 2776 4.
856 2746 956 2787 Capi-

269 2793 364 2824 tolin.
380 2792 413 2822 in
429 2792 583 2823 Macrino
600 2795 651 2823 12.
677 2794 772 2826 Bern-

312 2844 330 2883 ς
344 2844 384 2872 19
409 2842 512 2872 Genus
526 2845 646 2872 tantum
658 2842 816 2875 Stratonis
829 2845 956 2876 iuviola-

272 2898 335 2924 tum
347 2892 494 2932 servavit]
517 2892 619 2923 Diod.
637 2898 755 2933 quarto
771 2894 955 2927 Alexandri

272 2951 358 2973 anno
375 2941 422 2972 ait
445 2941 632 2973 Stratonem
657 2942 698 2973 ob
721 2944 818 2975 Darii
843 2946 956 2978 amici-

990 489 1070 520 tiam
1087 490 1281 530 principatu
1296 490 1453 530 ejectum,
1469 491 1504 520 et
1527 489 1687 529 Ballony-

990 549 1081 570 mum
1111 539 1237 571 factum
1264 549 1389 580 regem.
1419 539 1461 571 Q.
1487 540 1583 570 Curt.
1610 538 1686 570 init.

991 588 1051 620 lib.
1063 598 1114 620 lv.
1135 589 1232 619 eand.
1249 593 1364 619 narrat
1378 588 1688 628 historiam,regem

992 647 1034 668 ex
1062 639 1241 669 hortulano
1271 637 1397 669 factum
1424 637 1686 669 Abdalonimnm

990 688 1155 728 nominat,
1173 693 1277 729 atque
1290 689 1393 719 etiam
1410 688 1458 719 ita
1474 688 1528 718 hic
1546 687 1689 720 Auctor.

992 738 1092 770 Diod.
1116 743 1229 770 tamen
1251 738 1442 778 Tyriorum,
1457 747 1522 768 non
1536 738 1691 769 Sidonio-

993 799 1083 827 rum;
1111 789 1206 820 Curt.
1231 792 1351 819 contra
1375 787 1602 827 Sidoniorum,
1622 798 1690 819 nou

991 838 1182 879 Tyriorum.
1209 839 1303 870 Glar.

1037 888 1125 919 CAP.
1142 897 1192 918 ιν.
1228 888 1246 928 ξ
1271 891 1287 919 1
1308 887 1448 928 Condici]
1472 887 1501 918 Ι.
1521 897 1550 918 e.
1565 887 1691 919 instau-

993 937 1070 978 rati,
1081 937 1267 968 reformati.
1303 940 1446 968 11.15.1.
1483 936 1634 968 ‘Urbem
1647 947 1692 968 ex

994 988 1128 1028 integro
1158 986 1328 1019 condere.'
1380 988 1438 1018 Sic
1465 992 1500 1019 et
1531 988 1691 1019 Graecum

994 1037 1111 1078 κτίζειν
1126 1048 1192 1069 non
1208 1042 1338 1069 tantum
1353 1042 1417 1077 est,
1429 1038 1471 1069 ab
1486 1038 1582 1069 initio
1597 1038 1693 1069 insti-

995 1094 1093 1121 tuere
1116 1094 1175 1121 aut
1199 1093 1389 1128 exstruere,
1413 1089 1472 1120 sed
1495 1093 1543 1130 et,
1566 1089 1692 1121 instau-

996 1149 1084 1180 rare,
1100 1139 1252 1171 reficere.
1281 1140 1384 1172 Vorst.

1054 1189 1256 1230 Convaluere]
1294 1188 1444 1229 Legend.
1482 1187 1506 1219 f.
1543 1189 1695 1219 coaluere.

996 1239 1154 1278 Bongars.
1195 1240 1256 1270 Est
1273 1239 1329 1280 qui
1345 1242 1455 1269 mutat
1469 1240 1618 1279 coaluere,
1633 1239 1693 1269 mi-

996 1290 1084 1321 nime
1108 1290 1149 1321 ad
1175 1290 1302 1322 Justini
1330 1289 1484 1329 genium:
1512 1289 1563 1320 cui
1587 1300 1694 1320 conva-

996 1340 1106 1372 lescere
1118 1341 1298 1381 significat,
1313 1349 1479 1379 crescere,
1495 1350 1522 1370 s.
1540 1340 1694 1379 potentia

997 1401 1193 1431 augescere.
1236 1392 1292 1422 Sic
1309 1400 1366 1422 111.
1387 1393 1419 1421 4.
1449 1394 1477 1421 1.
1503 1395 1538 1421 et
1562 1400 1691 1422 xxxvl.

996 1444 1026 1472 2.
1044 1444 1095 1472 18.
1134 1442 1212 1472 Sen.
1236 1442 1299 1481 Ep.
1322 1444 1372 1472 18.
1397 1444 1427 1471 4.
1465 1441 1580 1471 Pauca
1601 1445 1692 1479 sunt,

997 1501 1072 1532 quae
1103 1491 1280 1522 dicuntur:
1319 1490 1393 1529 sed,
1420 1490 1445 1520 si
1476 1490 1534 1520 illa
1564 1490 1692 1521 animus

999 1540 1085 1571 bene
1102 1540 1290 1580 exceperit,
1315 1540 1556 1571 convalescunt
1580 1545 1615 1571 et
1638 1550 1695 1571 ex-

1000 1589 1163 1629 surgunt.’
1188 1590 1286 1620 Bern.

1043 1641 1060 1680 ᾗ
1084 1642 1103 1670 2
1131 1639 1254 1670 Uticam
1269 1640 1443 1680 condidere]
1468 1640 1599 1671 Graecis
1616 1641 1694 1671 Ἰτύ-

999 1701 1049 1727 κη.
1080 1691 1237 1728 Bongars.
1282 1691 1367 1721 Ead.
1394 1691 1482 1722 Vell.
1506 1700 1530 1722 1.
1552 1695 1583 1724 2.
1608 1695 1638 1724 9.
1659 1696 1695 1723 et

1001 1740 1096 1771 Mela
1111 1749 1135 1770 1.
1151 1742 1183 1770 7.
1210 1740 1309 1771 Bern.

1042 1791 1059 1830 ξ)
1082 1793 1100 1820 3
1125 1790 1196 1820 Rea:
1212 1790 1308 1830 Tyro]
1332 1790 1451 1821 Malim
1471 1792 1560 1832 Tyri.
1592 1792 1696 1823 Dido-

1001 1840 1051 1870 nis
1081 1844 1192 1870 autem
1224 1844 1323 1880 pater
1352 1840 1503 1880 Agenor,
1530 1840 1577 1872 fil.
1610 1842 1696 1873 Beli.

1001 1891 1159 1930 Bongars.
1204 1890 1303 1920 Silius
1322 1899 1345 1921 1.
1367 1890 1439 1921 init.
1455 1891 1498 1921 de
1515 1892 1612 1923 Bello
1627 1893 1696 1924 Pu-

1001 1940 1088 1978 nico,
1103 1939 1160 1970 ubi
1182 1939 1223 1969 de
1250 1938 1329 1970 fano
1350 1940 1493 1971 Didonis
1510 1951 1536 1972 s.
1553 1942 1695 1974 Elissae:

1001 1991 1010 2007 ‘
1029 1990 1130 2021 Stant
1169 1999 1335 2021 marmore
1369 1994 1499 2022 moestae
1543 1990 1696 2031 Effigies,

1001 2041 1170 2081 Belusque
1190 2049 1327 2080 parem,
1343 2040 1519 2082 omnisque
1532 2047 1696 2082 nepotum

1002 2090 1033 2121 A
1047 2091 1131 2121 Belo
1148 2090 1267 2121 series:
1285 2095 1353 2122 stat
1371 2091 1477 2131 gloria
1489 2091 1597 2131 gentis
1609 2091 1698 2132 Age-

1001 2148 1083 2171 nor:
1109 2141 1152 2170 Et
1167 2140 1224 2181 qui
1240 2140 1340 2180 longa
1354 2140 1451 2171 dedit
1465 2140 1563 2171 terris
1577 2150 1698 2181 cogno-

1001 2191 1090 2222 mina
1106 2190 1270 2222 Phoenix:
1316 2192 1439 2221 Lucem
1454 2191 1530 2221 huic
1546 2192 1696 2224 historiae

1002 2241 1065 2273 toti
1076 2240 1331 2272 foenerabantur
1341 2241 1509 2272 scitissimi
1520 2241 1607 2272 illius
1620 2242 1696 2273 Mu-

1003 2301 1113 2323 sarum
1138 2291 1237 2322 Fabri
1260 2292 1442 2322 Semestria
1457 2301 1513 2322 111.
1531 2295 1562 2323 2.
1587 2295 1617 2323 δε
1643 2296 1694 2324 13.

1003 2343 1135 2373 Bernec.
1182 2341 1222 2371 In
1240 2342 1306 2372 Ms.
1327 2341 1505 2380 legebatur
1522 2351 1578 2372 rex
1601 2343 1697 2372 multo

1006 2392 1098 2432 Tyro.
1128 2392 1173 2422 Et
1188 2392 1338 2423 Joannes
1351 2391 1582 2422 Gerundensis
1600 2393 1696 2432 Epis-

1004 2452 1109 2482 copus
1134 2442 1167 2472 in
1201 2441 1350 2481 Paralip.
1378 2441 1467 2472 Hist.
1498 2442 1695 2482 Hispanicae

1004 2492 1089 2522 citat
1103 2490 1228 2521 interim
1249 2499 1305 2520 rex
1327 2490 1439 2521 mulcto
1461 2491 1542 2531 Tyro
1564 2492 1693 2523 decedit.

1004 2542 1070 2572 Vix
1096 2541 1211 2580 itaque
1234 2539 1435 2570 crediderim
1464 2549 1580 2571 sanum
1606 2541 1694 2571 hunc

1004 2600 1078 2622 esse
1095 2591 1216 2621 locum.
1261 2589 1351 2620 Puto
1377 2590 1543 2621 scribend.
1568 2591 1696 2622 interim

1003 2652 1059 2672 rex
1074 2642 1188 2679 IlIutgo
1206 2640 1286 2679 Tyro
1301 2639 1431 2670 decedit.
1454 2640 1566 2678 Mutgo
1580 2641 1696 2680 appel-

1004 2694 1092 2723 latur
1122 2691 1176 2721 hic
1204 2694 1303 2729 pater
1328 2689 1568 2729 Pyginalioni5‚
1594 2700 1694 2730 quem

1005 2743 1061 2774 alii
1081 2743 1090 2758 ‘
1103 2738 1320 2779 Mutgonum'
1337 2744 1372 2769 et
1395 2741 1404 2756 ‘
1417 2740 1624 2779 Matgenum'
1640 2751 1695 2771 vo-

1005 2798 1093 2826 cant.
1127 2790 1249 2827 Μέττην
1262 2790 1288 2820 is
1302 2794 1352 2820 est
1366 2789 1547 2829 Theophila
1564 2790 1622 2821 lib.
1638 2800 1695 2822 111.

1005 2845 1047 2875 ad
1064 2843 1279 2882 Autolycum.
1324 2838 1513 2870 ‘Methres'
1538 2850 1616 2871 vero
1642 2847 1695 2872 est

1006 2895 1133 2926 Servio.
1177 2891 1245 2923 Alii
1282 2894 1317 2920 et
1354 2891 1362 2907 ‘
1381 2889 1521 2920 Belum’
1559 2897 1694 2923 vocant.

1007 2947 1085 2978 Non
1100 2948 1205 2975 recte.
1223 2941 1308 2973 Voss.
1345 2940 1413 2971 Rex
1427 2940 1537 2979 Mutgo
1557 2940 1694 2982 Joscph,
