2101 3419
595 363 789 394 JUSTINI
826 363 919 395 [AB.

253 455 418 496 Sepultura
430 456 521 495 vulgo
535 459 591 487 aut
612 456 714 488 avium
728 459 783 488 aut
798 466 908 488 canum

208 507 344 538 laniatus
378 506 440 546 est]
479 507 664 546 Perperam
703 511 787 547 puto
817 507 907 538 hunc

208 566 334 588 morem
355 556 489 587 Parthis
510 556 665 596 attribui,
681 566 755 587 cum
773 556 799 587 is
816 557 906 597 Hyr-

208 616 368 638 canorum
396 606 550 647 proprius
575 606 630 636 sit.
674 606 752 637 Scio
769 606 905 647 quidem

207 656 253 688 id.
263 656 332 687 fere
346 655 476 687 Herod.
488 664 640 686 asserere
654 655 695 687 de
712 656 845 687 Persis:
870 656 906 687 οὔ

206 705 353 746 πρότερον
369 703 514 736 θάπτεται
525 704 630 744 ἀνδρὸς
639 703 763 745 Πέρσεω
776 706 792 735 ὁ
807 704 905 742 νέκυς,

205 755 276 797 πρὶν
290 756 326 788 ἂν
337 756 384 787 ὑπ’
397 757 506 796 ὄρνιθος
516 755 536 792 ἢ
555 755 643 786 κυνὸς
658 756 803 797 ἑλκυσθῇ.
848 757 904 787 De

205 807 345 839 canibus
371 807 486 837 nescio
512 815 555 836 an
585 815 700 836 verum
729 805 784 837 sit.
850 806 903 837 De

204 857 323 890 avibus
339 861 486 888 constat.
533 856 692 888 Quamvis
707 856 753 888 id.
777 856 904 888 habent

203 912 240 939 et
254 908 324 939 alii.
369 908 476 938 Moris
492 907 580 938 enim
592 916 726 946 semper
739 905 804 937 fuit
820 906 903 937 Per-

203 957 259 996 sis,
270 967 296 988 s.
310 957 509 996 Parthis,ut
524 957 705 987 immatura
720 961 830 988 morte
847 956 904 988 de-

201 1006 329 1038 functis
345 1017 381 1038 os
394 1008 575 1047 oculosque
589 1007 679 1038 lacte
691 1006 901 1038 oblinerent:

200 1055 281 1088 inde
297 1066 384 1098 equo
400 1057 589 1097 impositos,
605 1057 834 1098 instigatoque
849 1067 903 1096 eo,

202 1117 380 1139 corvorum
399 1108 523 1149 praedae
541 1113 764 1148 exponerent.
801 1109 900 1140 Quod

203 1158 231 1189 si
254 1158 297 1189 ab
323 1159 378 1198 iis,
403 1158 524 1200 quibus
551 1158 625 1199 ejus
651 1158 701 1189 rei
726 1159 899 1199 negotium

202 1208 427 1248 incumberet,
456 1208 727 1239 animadversum
763 1208 900 1249 fuisset,

203 1259 361 1290 dextrum
386 1259 460 1299 ejus
484 1259 616 1290 oculum
642 1259 736 1298 prius
759 1269 778 1289 a
793 1260 900 1290 corvis

202 1313 423 1348 maceratum,
447 1308 582 1340 felicem
602 1308 822 1348 judicabant:
849 1310 900 1340 sin

203 1358 390 1398 sinistrum,
404 1364 536 1390 contra.
583 1358 667 1389 Cum
688 1359 822 1390 senibus
839 1359 900 1390 ali-

203 1413 259 1440 ter
275 1410 454 1450 agebatur.
492 1410 559 1441 Eos
575 1410 664 1440 enim
681 1409 724 1440 ad
740 1414 900 1442 montana

202 1458 416 1500 deferebant,
440 1459 596 1501 fameque
623 1460 832 1492 enecabant:
866 1466 901 1493 et

203 1518 329 1549 omneS,
352 1510 408 1550 qui
434 1511 497 1541 boc
513 1509 586 1541 fato
616 1509 900 1552 defungerentur,

201 1558 320 1590 felices
344 1559 636 1591 existimabantur.
681 1560 819 1600 Strabo,
842 1561 899 1602 qui

201 1608 334 1649 Caspiis
348 1609 431 1639 illud
448 1609 580 1647 tribuit,
595 1609 732 1641 videtur
745 1610 817 1641 haec
830 1610 898 1641 duo

200 1658 320 1689 mortis
336 1667 460 1697 genera
480 1657 685 1689 confudisse.
733 1658 793 1690 Ait
807 1660 898 1690 enim

202 1716 257 1739 XI.
281 1706 413 1738 Κάσπιοι
436 1706 468 1738 δὲ
492 1707 564 1739 τοὺς
589 1707 662 1749 ὑπὲρ
686 1708 899 1748 ἑβδομήκοντα

201 1755 256 1794 ἔτη
276 1757 553 1795 λιμοκτονήσαντες
567 1757 609 1789 εἷς
629 1758 687 1795 τὴν
703 1758 828 1798 ἐρημίαν
849 1760 897 1790 ἐκ·

198 1807 345 1839 τιθέασιν.
369 1808 481 1839 ἄποθεν
499 1807 531 1839 δὲ
546 1808 760 1848 σκοπεύοντες,
775 1809 828 1840 ἐὰν
842 1809 898 1848 μὲν

201 1857 250 1889 ὑπ’
271 1858 391 1898 ὀρνίθων
406 1858 662 1897 κατασπωμένους
683 1858 743 1890 ἀπὸ
757 1861 813 1896 τῆς
829 1860 896 1890 κλί-

200 1920 254 1946 νης
276 1909 389 1947 ἴδωσιν,
413 1908 678 1949 εὐδαιμονίζουσιν·
710 1908 763 1939 ἐὰν
781 1908 813 1939 δὲ
839 1909 896 1940 ὑπὸ

199 1959 305 2000 θηρίων
319 1960 338 1996 ἢ
351 1962 457 1998 κυνῶν,
476 1958 580 1995 ἦττον·
604 1959 657 1990 ἐὰν
675 1959 700 1990 δ’
726 1959 783 1989 ὑπὸ
805 1961 895 1998 μηδε-

198 2009 260 2049 νὸς,
274 2008 567 2049 κακοδαιμονίζουσι.
598 2009 734 2040 Videsis
750 2010 894 2042 Petrum

197 2060 400 2092 Teicheram
424 2060 459 2090 in
484 2059 694 2099 Compendio
710 2060 894 2092 Mircondi.

202 2111 286 2142 Voss.

239 2161 257 2200 ᾧ
280 2163 300 2191 6
334 2159 498 2200 Praecipua
524 2158 677 2198 omnibus]
707 2158 895 2199 Insigniter

196 2209 285 2241 bunc
306 2211 328 2241 l.
346 2211 496 2242 restituit
516 2210 721 2250 Gronovius,
737 2210 794 2251 qui
810 2211 894 2250 legit

195 2269 245 2299 pr.
267 2261 419 2300 amnibus,
433 2261 465 2291 h.
489 2270 518 2290 e.
543 2260 714 2299 praecipue
735 2260 894 2300 religiose

195 2320 311 2342 amnes
327 2310 488 2342 etfluvios
498 2315 727 2348 venerantur;
745 2311 834 2352 quod
851 2321 894 2342 ex

197 2361 330 2392 Herod.
362 2361 451 2392 Plin.
480 2361 560 2391 Tac.
591 2360 719 2392 Arnob.
752 2366 787 2392 et
817 2362 893 2392 aliis

196 2410 321 2451 probat
329 2410 552 2450 scriptoribus
563 2419 614 2441 1v.
627 2409 710 2441 Obs.
722 2413 772 2440 10.
786 2410 893 2442 Groev.

196 2460 371 2491 Praeclara
407 2459 571 2491 Gronovii
609 2459 802 2490 emendatio
839 2469 893 2500 ap.

196 2510 319 2548 Voss.;
345 2519 421 2540 narn
437 2516 472 2541 et
489 2509 607 2540 Parthi
633 2513 670 2540 et
695 2509 833 2549 Scythae
857 2515 894 2541 et

197 2569 314 2590 omnes
330 2559 437 2590 ferme
461 2559 752 2600 Septentrionales
774 2560 892 2600 populi

195 2608 315 2641 fluvios
329 2610 592 2641 venerabantur.
610 2609 722 2640 Faber.
748 2609 891 2641 Certiss.

196 2664 249 2691 est
274 2660 466 2690 emendatio
487 2659 665 2691 Gronovii.
711 2659 834 2690 Persas
857 2664 893 2691 et

196 2711 342 2742 Parthos
357 2718 532 2742 veneratos
544 2710 648 2741 fuisse
659 2709 780 2741 fluvios
792 2711 892 2742 variis

196 2762 361 2793 Veterum
384 2762 582 2794 testimoniis
605 2761 755 2793 ostendit
769 2762 825 2793 ille
842 2771 892 2794 lv.

199 2811 284 2842 Obs.
312 2815 363 2844 10.
409 2813 573 2844 Ceterum
610 2812 729 2852 inepta
755 2821 890 2853 quoque

196 2863 324 2895 locutio
339 2868 440 2905 esset,
459 2864 487 2896 si
509 2863 666 2904 dixisset,
682 2864 890 2906 praecipuam

953 364 1059 394 xm.
1094 365 1200 397 cAP.
1229 355 1272 394 4.
1547 354 1659 397 1015

957 457 1112 489 omnibus
1126 457 1381 489 venerationem
1394 466 1480 498 esse,
1493 457 1514 490 i.
1526 467 1556 490 e.
1571 468 1659 499 pra-e

957 507 1090 548 cipuam
1117 517 1231 538 omnes
1257 508 1513 540 venerationem
1533 509 1658 540 habere

956 556 988 587 in
1011 558 1311 597 superstitionibus
1335 564 1371 590 et
1390 569 1470 590 cura
1494 560 1657 591 Deorum.

957 606 1047 638 Quid
1062 607 1144 637 illud
1161 612 1227 645 est,
1240 608 1492 640 venerationem
1511 618 1586 640 esse
1601 610 1659 640 ali-

956 656 1011 687 cui
1034 657 1068 687 in
1086 658 1396 697 superstitionibus,
1412 658 1446 689 iu
1463 669 1547 690 cura
1567 660 1658 691 Deo-

956 705 1052 736 rum?
1086 707 1273 738 Veneratio
1300 709 1454 739 Deorum
1478 710 1580 748 enim,
1603 719 1657 740 su-

955 756 1129 796 perstitio,
1145 761 1181 787 et
1197 767 1278 788 cura
1300 758 1468 797 Deorum,
1492 768 1595 790 unum
1619 762 1656 790 et

953 803 999 835 id.
1017 809 1107 836 sunt.
1152 805 1201 837 At
1226 811 1323 837 recte
1339 811 1375 837 et
1391 807 1558 838 concinne
1585 808 1656 839 dic-

953 860 1025 887 tum
1049 855 1165 897 fuerit,
1191 857 1224 889 in
1247 859 1519 899 superstitionibus
1535 864 1566 891 et
1580 870 1656 892 cura

953 906 1094 937 Deorum
1107 908 1295 948 praecipuam
1318 908 1460 940 amnibus
1481 911 1656 941 veneratio-

951 967 1021 988 nem
1036 967 1111 997 esse,
1137 958 1158 990 i.
1183 968 1213 990 e.
1237 959 1326 990 inter
1341 960 1604 1000 superstitiones
1619 966 1656 993 et

951 1007 1104 1038 culturas
1119 1007 1269 1039 Deorum
1287 1018 1341 1049 ap.
1358 1009 1520 1049 Parthos,
1537 1011 1657 1050 praeci-

951 1066 1051 1097 puam
1077 1067 1190 1089 amnes
1211 1068 1237 1090 s.
1253 1057 1375 1090 fluvios
1396 1059 1654 1092 venerationem

949 1107 1090 1147 habere,
1116 1118 1142 1141 s.
1163 1109 1336 1150 praecipua
1352 1110 1574 1141 veneratione
1595 1121 1654 1142 eos

949 1156 1026 1189 frui.
1054 1158 1158 1190 Vorst.
1202 1159 1329 1191 Veriss.
1359 1160 1441 1191 lect.
1475 1165 1530 1191 est
1555 1162 1655 1193 amni-

950 1206 1016 1247 bus,
1032 1207 1122 1248 quod
1149 1209 1192 1240 cl.
1217 1209 1369 1242 Gronov.
1386 1211 1516 1251 primus
1538 1217 1654 1244 osten-

949 1257 1010 1289 dit.
1035 1259 1139 1297 Schef.

993 1309 1010 1349 ς
1033 1311 1053 1339 8
1076 1309 1129 1339 Ad
1143 1309 1338 1350 faciendum,
1353 1321 1455 1351 quam,
1475 1312 1542 1353 ξω]
1568 1313 1651 1345 Sall.

950 1357 1026 1390 Cat.
1053 1361 1083 1389 8.
1106 1362 1137 1390 6.
1166 1359 1209 1390 de
1234 1361 1416 1392 Romanis:
1452 1362 1462 1378 ‘
1480 1362 1652 1403 Optumus

949 1408 1088 1449 quisque
1100 1408 1216 1440 facere
1232 1419 1330 1451 quam
1347 1410 1463 1442 dicere
1479 1412 1652 1445 malebat!

948 1458 1140 1490 Marcellin.
1158 1468 1237 1490 xxi.
1253 1463 1284 1491 8.
1300 1461 1308 1477 ‘
1324 1460 1407 1491 Plus
1421 1462 1539 1493 audire
1551 1472 1652 1504 quam

946 1508 1037 1549 loqui
1054 1509 1195 1540 militem
1213 1509 1326 1549 decet,
1337 1510 1470 1542 actibus
1487 1512 1649 1544 coalitum

949 1559 1126 1599 gloriosis.’
1160 1559 1252 1591 Add.
1284 1566 1401 1592 notam
1432 1570 1474 1593 11.
1505 1565 1557 1593 10.
1594 1566 1648 1594 23.

947 1609 1048 1642 Bern.

991 1660 1008 1700 ᾧ
1023 1662 1043 1690 9
1059 1659 1274 1700 Principibus,
1285 1659 1354 1700 ξω]
1369 1660 1497 1693 Sarisb.
1511 1661 1521 1679 ‘
1534 1662 1651 1695 Princ.

947 1718 992 1740 m.
1010 1719 1041 1740 n.
1059 1719 1092 1749 p.
1110 1711 1163 1740 vel
1178 1711 1340 1750 religione
1357 1713 1441 1750 par.’

991 1761 1031 1791 In
1045 1761 1202 1792 libidinem
1214 1762 1361 1802 projecti]
1378 1763 1455 1795 Quo
1472 1773 1650 1804 argumen-

948 1813 984 1840 to
1003 1810 1236 1843 dissuaserunt
1261 1813 1359 1843 amici
1377 1813 1544 1854 Pompeio
1561 1813 1650 1854 fugi-

948 1861 1019 1891 enti
1035 1862 1227 1892 Corneliam
1254 1872 1392 1893 uxorem
1408 1862 1589 1894 formosam
1606 1864 1648 1894 ad

947 1911 1092 1942 Parthos
1120 1911 1258 1944 ducere.
1305 1913 1400 1944 Plut.
1426 1913 1548 1953 Pomp.
1575 1915 1649 1944 126.

945 1966 981 1992 et
997 1961 1148 2001 Appian.
1166 1962 1239 1992 Civ.
1255 1971 1298 1994 n.
1321 1963 1421 1994 Bern.

989 2012 1007 2052 ς
1031 2014 1072 2042 10
1107 2011 1269 2046 Quatenus
1295 2013 1438 2053 expedit]
1474 2013 1647 2044 Pestilens

945 2061 1111 2101 Lysandri
1149 2061 1278 2093 dictum
1308 2072 1363 2103 ap.
1390 2063 1482 2095 Plut.
1511 2063 1647 2105 Apoph.

944 2111 1072 2143 Lacon.
1087 2114 1141 2144 94.
1163 2113 1172 2129 ‘
1189 2113 1382 2145 Veritatem
1404 2115 1508 2146 nihilo
1529 2117 1647 2148 melio-

944 2172 1015 2193 rem
1039 2172 1115 2194 esse.
1131 2163 1334 2195 mendacio:
1374 2166 1434 2196 sed
1465 2167 1645 2208 utriusque

944 2211 1144 2252 dignitatem
1170 2217 1206 2244 et
1232 2214 1379 2254 pretium
1406 2225 1466 2246 usu
1488 2216 1645 2250 definiri.’

945 2264 1043 2296 Idem.

988 2314 1076 2344 CAP.
1108 2322 1159 2344 1v.
1202 2315 1219 2355 ᾗ
1255 2316 1271 2345 1
1295 2314 1462 2356 Stagnori]
1493 2318 1644 2358 Legend.

944 2362 1119 2401 Statanori,
1143 2367 1181 2394 ut
1207 2373 1294 2396 xnl.
1314 2368 1346 2397 4.
1371 2369 1426 2397 22.
1453 2368 1508 2398 cui
1530 2373 1644 2399 tamen

943 2412 1101 2444 Drancas
1111 2418 1146 2444 et
1159 2413 1268 2445 Areos
1279 2415 1414 2455 tribuit,
1425 2415 1479 2457 (ut
1492 2423 1528 2448 et
1541 2418 1644 2449 Diod.

944 2471 1054 2494 xv111.
1079 2463 1129 2503 3.)
1153 2464 1299 2496 Parthos
1329 2471 1443 2497 autem
1478 2467 1644 2498 Nicanori

944 2513 1139 2553 assignavit.
1195 2515 1369 2545 Diodorus
1400 2516 1575 2548 Parthiam
1607 2523 1642 2550 et

943 2562 1155 2603 Hyrcaniam
1180 2563 1395 2595 Phrataferni
1415 2566 1569 2597 evenisse
1592 2576 1641 2598 re—

942 2611 1031 2643 fert:
1056 2618 1091 2644 et
1106 2614 1228 2644 Strabo
1252 2624 1270 2644 a
1286 2615 1534 2647 Macedonibus
1550 2617 1640 2658 Hyr·

943 2664 1072 2694 caniam
1083 2664 1233 2695 Parthiae
1247 2665 1397 2704 junctam
1405 2667 1535 2698 scribit.
1550 2668 1640 2700 Bon·

939 2723 1025 2753 gar-3.
1050 2715 1117 2746 Ms.
1132 2714 1317 2754 Staganori.
1340 2716 1361 2748 J
1366 2721 1438 2747 unt.
1460 2716 1640 2751 Stasanori:

942 2764 1081 2804 optime,
1097 2769 1135 2794 ut
1152 2772 1236 2795 xm.
1252 2767 1283 2796 4.
1322 2765 1429 2797 Graev.
1472 2766 1639 2800 Statanori

941 2814 1137 2844 emendavit
1152 2814 1258 2854 Bong.
1283 2824 1344 2855 pro
1370 2815 1503 2855 Stagan.
1525 2819 1583 2850 sed
1600 2825 1637 2850 et

940 2864 1102 2896 Stasanor-i
1119 2865 1261 2906 probum
1276 2870 1341 2907 est,
1366 2871 1402 2898 et
1423 2876 1464 2898 ex
1481 2870 1635 2910 analogia
