2101 3419
603 339 797 371 JUSTiNl
832 338 925 369 [AB.

225 435 484 477 thaginiensium
520 434 672 466 ordinem
709 433 918 465 dominatum

225 487 322 526 esse‚'
352 487 384 518 11.
410 496 441 517 e.
471 494 589 525 magna
618 483 722 515 fuisse
753 483 918 523 potentia,

224 547 290 578 qua
311 535 533 567 immoderate
549 535 617 565 sint
632 534 692 564 usi.
725 533 831 564 Groev.

265 587 283 627 ξ
296 589 316 617 6
331 587 467 625 Imperia
481 584 668 624 cogitarent]
694 584 737 615 G.
754 583 866 624 Major
881 581 916 612 in

223 636 278 667 ed.
297 636 415 674 veteri,
432 635 597 675 probante
618 635 650 664 in
667 634 779 665 Variis
801 634 915 664 Lectt.

221 686 420 726 Bongarsio,
431 685 546 716 mallet
556 684 715 724 agitarent
724 695 734 715 .·
751 683 916 724 quomodo

223 737 351 768 Noster
363 745 386 766 1.
398 739 428 767 5.
442 739 473 767 5.
494 735 580 765 dixit
593 736 602 751 ‘
613 735 742 774 agitare
755 733 917 774 regnum‚’

221 787 254 818 h.
280 795 310 818 e.
346 795 510 827 regnare:
556 789 592 816 et
625 786 704 816 Seu.
741 785 805 825 Ep.
841 787 914 815 120.

220 837 230 853 ‘
247 837 378 876 agitare
408 834 604 877 publicum,'

220 895 394 925 exercere,
411 886 625 926 publicanum
642 895 727 916 esse.
751 885 835 916 Mihi
849 895 914 916 non

220 935 377 976 displicet
391 937 577 975 cogitarent,
590 945 629 966 eo
640 945 741 966 sensu
753 945 818 976 quo
828 935 913 966 Tac.

220 994 289 1016 ΧΗ.
321 988 371 1017 11.
401 989 432 1017 2.
465 986 474 1002 ‘
492 986 570 1017 Non
591 986 853 1017 dominationem
879 989 915 1017 et

218 1046 345 1076 servos,
362 1037 419 1068 sed
437 1042 605 1068 rectorem
630 1042 664 1068 et
681 1037 770 1068 cives
786 1037 914 1078 cogita-

218 1086 296 1118 ret.’
335 1088 461 1119 Noster
475 1088 595 1119 iterum
610 1097 698 1119 xul.
711 1091 742 1119 4.
755 1091 786 1120 4,
809 1090 818 1105 ‘
832 1088 914 1118 Plus

216 1137 348 1168 hostem
398 1148 497 1180 quam
547 1137 688 1169 fratrem
736 1137 914 1178 cogitans!

217 1187 401 1219 Berneccer.
438 1188 580 1220 Rectius
597 1189 730 1220 videtur
741 1189 911 1228 agitarent.

217 1239 306 1270 Nam
323 1239 357 1269 in
375 1249 473 1280 praec.
491 1249 623 1281 qnoque
638 1249 728 1270 num.
744 1243 775 1270 5.
806 1240 815 1257 ‘
831 1239 913 1270 Om-

216 1288 338 1330 niaque
355 1289 419 1329 ipsi
433 1288 597 1330 age1·ent‚’
607 1292 671 1321 ἃς.
695 1290 793 1321 Idem.
824 1290 911 1321 Aiiae

217 1339 327 1370 Editt.
340 1340 508 1378 agitarent.
553 1339 688 1371 Melius.
711 1340 824 1372 Faber.
854 1339 913 1371 Ait

216 1388 325 1429 Bong.
359 1390 519 1430 quosdam
555 1390 750 1428 emendare,
782 1391 912 1431 imperia

215 1439 376 1478 agitarent
387 1450 398 1476 ,·
430 1440 530 1482 idque
559 1450 624 1471 nou
654 1441 741 1472 male
775 1441 817 1471 ab
848 1440 912 1471 illis

215 1488 292 1520 fieri
322 1490 467 1530 judicat.
534 1491 579 1522 Et
617 1490 737 1531 probat
776 1500 911 1531 quoque

215 1539 379 1571 Bernecc.
395 1541 426 1570 in
445 1541 545 1571 Notis
562 1541 817 1582 posterioribus.
849 1542 910 1572 Es-

216 1594 270 1620 set
295 1599 373 1630 ergo
400 1590 434 1621 id
461 1591 567 1622 simile
593 1591 624 1621 ei
651 1591 740 1632 quod
774 1601 801 1622 1.
821 1595 853 1622 5.
877 1594 910 1622 5.

215 1639 341 1680 legitur
362 1642 371 1658 ‘
387 1641 512 1681 agitato
528 1640 657 1681 regno!
700 1642 770 1672 Vor.

259 1691 276 1730 ξ
292 1693 311 1721 7
326 1691 450 1730 Imilco]
484 1691 640 1722 Diodoro
657 1700 734 1722 xw.
751 1694 803 1722 51.
817 1690 910 1729 Ἰμίλ-

211 1751 283 1772 κων.
328 1741 362 1772 Is
379 1746 482 1772 totam
495 1740 600 1772 ferme
613 1741 774 1779 Siciliam,
784 1751 910 1782 excep-

216 1792 259 1822 tis
273 1791 462 1832 Syracusis,
479 1795 720 1831 occupaverat.
745 1792 852 1830 Bong.

257 1842 439 1872 pestilentis
452 1841 564 1872 sideris
584 1841 631 1881 υἱ]
669 1841 808 1871 Pestem
834 1850 910 1871 eam

213 1890 376 1923 describit
390 1891 493 1922 Diod.
506 1900 580 1923 xw.
595 1894 647 1922 71.
664 1895 700 1922 et
713 1894 766 1922 72.
789 1891 889 1922 Rern.

256 1944 274 1983 ξ
291 1945 322 1974 8.
337 1945 368 1973 9.
384 1941 450 1982 10.]
473 1941 623 1972 Similem
646 1940 775 1982 publici
797 1941 909 1971 luctus

212 1992 439 2034 hypotyposin
457 1991 523 2022 vid.
541 2001 575 2021 v.
588 1994 619 2021 7.
633 1993 665 2021 4.
680 1992 745 2021 &e.
772 1990 823 2021 Id.

256 2043 273 2082 ᾗ
303 2044 324 2072 9
349 2041 476 2079 Omnia,
503 2040 572 2081 ἐξα]
615 2041 717 2072 Oros.
750 2040 759 2057 ‘
779 2041 910 2071 Cuncta

212 2092 348 2133 privata
364 2091 566 2132 publicaque
582 2089 693 2122 officia
717 2090 876 2121 damnata
889 2091 908 2122 ε’

211 2152 275 2174 nec
299 2142 398 2173 aliter
420 2142 518 2173 Frec.
535 2151 585 2172 ιν.
609 2145 640 2172 2.
665 2151 720 2182 ap.
744 2151 842 2181 quem
865 2150 909 2171 ex

213 2193 313 2224 Oros.
331 2197 367 2223 et
383 2192 449 2223 Ms.
467 2191 563 2222 Leid.
584 2194 694 2222 cuncta
714 2201 774 2232 pro
791 2194 908 2222 cuncta

212 2241 397 2282 reponenti.
440 2242 599 2272 vincent.
631 2242 640 2259 ‘
666 2242 799 2272 Cuncta
825 2241 908 2282 pub-

210 2292 278 2323 lica
294 2292 494 2332 privataque
509 2291 619 2322 officia
632 2291 792 2323 damnata
804 2291 907 2323 sunt.’

211 2341 277 2372 Iid.
297 2341 329 2372 in
345 2343 362 2382 §
376 2345 427 2373 10.
452 2351 515 2383 pro
537 2342 546 2359 ‘
564 2352 583 2373 e
599 2341 758 2374 navibus’
782 2342 908 2373 habent

210 2392 220 2408 ‘
238 2391 281 2423 de
297 2391 339 2423 n.’

253 2443 270 2482 ς
287 2445 327 2474 10
340 2441 488 2482 Portum]
505 2442 595 2473 Edili
609 2442 762 2483 plerique
774 2444 906 2481 portam,

210 2492 300 2534 quod
316 2492 510 2523 mendosum
527 2502 601 2523 esse
618 2497 690 2524 tota
706 2492 908 2524 narrationis

210 2543 313 2574 series
329 2542 450 2582 arguit.
474 2543 575 2574 Bern.

255 2594 273 2633 ξ
298 2595 336 2625 11
357 2593 399 2623 Ut
415 2603 485 2624 vero
499 2593 607 2634 dubia]
636 2592 811 2624 Simillima
825 2592 905 2624 Tac.

211 2651 264 2674 xv.
280 2645 333 2673 63.
349 2645 381 2673 3.
405 2643 475 2674 Liv.
495 2652 590 2674 xxii.
602 2647 654 2674 54.
671 2646 702 2674 8.
728 2644 778 2675 Id.

256 2692 342 2724 CAP.
356 2702 411 2724 111.
436 2695 453 2734 ξ
480 2696 497 2725 1
523 2693 656 2725 Sordida
677 2694 838 2733 servilique
858 2697 907 2725 tu·

209 2742 279 2773 nica
293 2742 474 2784 discinctus]
512 2744 722 2775 Vocabulum
738 2745 908 2775 discinctus

211 2796 379 2824 commate
402 2794 553 2833 separari
569 2794 674 2825 debet
697 2804 716 2825 a
732 2794 906 2834 praecedd.

211 2852 275 2874 nec
300 2842 390 2873 enim
412 2843 582 2875 cohaerent
604 2844 770 2876 discinctus
791 2844 908 2884 tunica,

213 2892 272 2925 sed
296 2892 461 2925 discinctus
485 2894 635 2934 procedit,
667 2893 757 2936 quod
786 2893 828 2925 de
866 2903 904 2925 co

640 835 672 866 h.
700 845 730 866 e.
768 834 938 875 vectigal¹

958 338 1068 369 xix.
1101 338 1207 369 GAP.
1236 328 1280 370 3.
1579 327 1666 369 895

968 432 1106 472 dicitur,
1121 432 1179 473 qui
1204 432 1336 464 cinctus
1358 441 1424 464 non
1444 436 1509 471 est,
1525 431 1613 473 quod
1629 431 1664 463 in

967 483 1062 513 luctu
1084 482 1226 522 ingenti,
1253 493 1314 523 per
1342 483 1533 523 neglectum
1556 481 1665 514 omnis

968 539 1121 573 ornatus,
1136 532 1209 563 fieri
1227 534 1368 564 solebat.
1390 532 1492 569 Sches.

1009 584 1061 615 Ad
1083 583 1181 623 cajus,
1205 583 1274 623 ξιτ]
1311 584 1409 614 Frec.
1432 584 1441 600 ‘
1459 582 1664 623 Plangentia

958 634 1151 675 junguntur
1175 633 1275 674 agm.’
1319 634 1446 664 Verum
1467 634 1477 651 ‘
1494 633 1664 674 Plangen-

966 684 1048 714 tium
1067 684 1096 724 j.
1112 683 1156 715 a.'
1179 683 1304 714 rectius
1329 683 1454 724 legitur
1479 692 1535 723 ap.
1561 682 1662 715 Oros.

966 738 1003 766 et
1017 735 1177 765 Vincent.

1009 785 1026 824 ς
1055 786 1075 815 4
1102 783 1249 823 Deferre]
1280 782 1421 814 Rectius
1437 780 1460 812 f.
1476 781 1534 820 ref.
1558 781 1663 813 Bern.

1008 836 1025 875 ς
1048 838 1068 866 6
1100 835 1202 870 Quam
1235 834 1424 875 possessione
1459 842 1565 871 vacua,
1590 832 1661 872 ξω]

963 885 1071 916 Scrib.
1092 895 1218 916 vacuam
1232 884 1266 922 f.
1286 885 1317 916 d.
1339 894 1381 914 m.
1404 883 1496 914 sicuti
1518 883 1663 913 caducam

963 935 1142 975 occuparint
1153 945 1163 965 .·
1185 939 1222 965 et
1235 935 1334 975 paulo
1351 938 1428 975 post
1435 932 1588 973 pertineat
1599 941 1661 973 pro

962 985 1108 1025 pertinet.
1134 984 1242 1015 Gron.

1006 1038 1023 1078 ς
1042 1039 1083 1068 10
1099 1037 1251 1076 Relictos]
1288 1036 1373 1067 Mss.
1386 1035 1520 1076 quidam
1537 1033 1662 1065 habent

962 1088 1092 1126 legatos.
1135 1086 1190 1118 An
1206 1087 1286 1118 lect.
1302 1095 1382 1117 vera
1403 1084 1468 1116 fuit
1483 1081 1662 1123 relegatos?

962 1137 1019 1169 Sic
1047 1137 1169 1168 relictos
1199 1135 1392 1177 glossatoris
1430 1135 1533 1167 foret.
1586 1134 1661 1166 Nec

962 1187 1041 1218 mihi
1057 1186 1229 1228 displicet.
1251 1185 1356 1224 Schef.

1004 1237 1173 1278 Proderet]
1197 1237 1242 1269 H.
1252 1247 1282 1268 e.
1296 1237 1485 1275 desereret,
1498 1234 1661 1266 destitue-

962 1292 1027 1319 ret.
1071 1288 1126 1319 Sic
1140 1297 1236 1319 xxn.
1252 1290 1282 1318 8.
1295 1290 1346 1319 14.
1369 1288 1379 1304 ‘
1397 1287 1504 1317 Pater
1516 1285 1661 1316 filiorum

962 1337 1139 1378 proditor!
1165 1338 1317 1369 Martial.
1334 1346 1387 1368 lx.
1399 1339 1452 1368 73.
1472 1337 1482 1353 ‘
1495 1336 1662 1367 Proditor

962 1388 1106 1428 Helles‚'
1142 1388 1347 1420 emendante
1384 1387 1548 1427 Grutero,
1581 1396 1660 1418 cum

961 1439 1094 1479 legatur
1123 1439 1224 1479 vulgo
1254 1438 1409 1469 Portitor.
1454 1437 1530 1468 Liv.
1556 1444 1660 1469 xxvi.

961 1493 1054 1522 369.
1074 1491 1084 1507 ⁴
1098 1490 1243 1521 Publica
1256 1489 1442 1529 prodendo,
1452 1493 1509 1519 tua
1521 1488 1663 1528 nequic-

962 1550 1062 1581 quam
1075 1543 1209 1571 serves.’
1237 1539 1315 1570 Hoc
1330 1548 1430 1570 sensu
1446 1538 1566 1578 Virgil.
1581 1537 1659 1570 AEn.

962 1600 998 1622 x.
1013 1593 1087 1621 593.
1132 1589 1246 1621 Graeci
1262 1598 1394 1631 quoqne
1410 1589 1460 1619 ita
1473 1586 1660 1628 προδιδόναιε

961 1647 999 1671 ut
1023 1639 1210 1671 Herodian.
1227 1649 1278 1671 vr.
1302 1649 1333 1678 p.
1350 1641 1423 1670 138.
1458 1638 1502 1669 Τὰ
1518 1637 1576 1668 ὑπὸ
1589 1638 1661 1669 ταῖς

959 1690 1123 1721 ἀνατολαῖς
1137 1691 1174 1720 δι’
1184 1688 1327 1728 ἀμέλειαν
1336 1688 1536 1730 προδεδωκῶς.
1557 1687 1659 1721 Quod

959 1740 1162 1779 Politianus,
1188 1743 1226 1770 ut
1251 1740 1348 1778 solet,
1373 1738 1501 1778 optime
1529 1737 1658 1768 vertit:

960 1791 970 1808 ‘
986 1790 1052 1822 Qui
1072 1799 1124 1820 res
1140 1789 1174 1820 in
1192 1789 1324 1820 oriente
1341 1798 1403 1829 per
1418 1788 1659 1828 negligentiam

960 1839 1137 1881 prodidit.’
1188 1839 1256 1870 Ubi
1279 1838 1415 1878 perdidit
1447 1836 1656 1869 rescribend.

959 1889 1046 1920 male
1083 1892 1224 1919 censent
1260 1888 1506 1926 emendatores,
1535 1886 1592 1927 qui
1621 1890 1659 1918 et

959 1938 1178 1970 eruditissimi
1211 1937 1376 1978 Xylandri
1406 1937 1595 1968 versionem
1624 1936 1659 1967 in

959 1989 1069 2019 Dione
1088 1997 1251 2019 xxxvnr.
1274 1997 1340 2018 non
1366 1986 1450 2018 bene
1465 1986 1656 2026 castigant:

958 2039 968 2056 ‘
986 2038 1194 2069 Praestiterit
1211 2046 1380 2078 nunquam
1396 2036 1572 2076 suscipere
1585 2035 1655 2067 bel-

957 2089 1039 2128 lum,
1055 2099 1154 2130 quam
1180 2094 1376 2129 susceptum
1394 2087 1564 2128 p1·odere‚’
1581 2087 1658 2118 snb-

959 2140 1171 2180 stituuntqne
1193 2140 1342 2170 deserere.
1387 2137 1495 2168 Nobis
1520 2137 1656 2177 proprie

958 2192 1021 2223 hoe
1044 2192 1169 2223 dicitu·-
1193 2180 1502 2231 netmahtlnscn,
1517 2180 1656 2221 uerliez

958 2233 1172 2284 Dsstfitbssii·
1217 2244 1403 2275 Bernecccr.
1448 2243 1458 2259 ‘
1477 2241 1632 2273 Prodere
1645 2240 1655 2254 '

957 2294 1011 2325 hic
1028 2298 1093 2333 est,
1109 2294 1280 2332 deserere,
1295 2293 1447 2334 periculo
1469 2300 1656 2333 exponere,

958 2343 1114 2383 perdere.
1158 2345 1207 2375 Ut
1227 2345 1261 2374 in
1277 2344 1334 2374 iilo
1357 2343 1511 2374 Terentii
1528 2343 1656 2374 Heaut.

957 2401 1013 2424 111.
1025 2396 1054 2426 1.
1068 2395 1121 2424 69.
1144 2394 1153 2410 ⁴
1170 2393 1269 2424 Prius
1284 2398 1319 2425 te
1334 2393 1546 2434 proditurum
1561 2397 1654 2423 tuam

956 2442 1062 2474 vitam
1085 2447 1120 2473 et
1150 2443 1261 2483 potius
1291 2443 1471 2484 pecuniam
1501 2443 1657 2473 omnem-³

958 2493 1004 2523 Et
1030 2493 1064 2523 in
1088 2493 1146 2524 illo
1173 2493 1279 2534 ejusd.
1309 2493 1454 2533 Adelph.
1470 2502 1520 2524 1v.
1545 2496 1577 2525 6.
1600 2496 1653 2523 58.

956 2543 966 2560 ‘
984 2542 1167 2574 Prodidisti
1184 2548 1219 2574 et
1247 2548 1294 2583 te,
1310 2547 1346 2574 et
1368 2543 1460 2574 illam
1485 2543 1655 2581 miseram,

957 2598 993 2624 et
1010 2597 1161 2634 gnatum,
1177 2592 1266 2635 quod
1290 2592 1425 2634 quidem
1446 2593 1480 2624 in
1504 2597 1540 2624 te
1562 2591 1653 2624 fuit.’

958 2644 1071 2675 Caesar
1094 2653 1228 2685 quoque
1245 2643 1293 2673 sic
1315 2647 1455 2683 usurpat
1478 2643 1521 2673 Β.
1538 2642 1611 2673 Civ.
1629 2651 1653 2673 1.

957 2696 1009 2725 30.
1035 2693 1124 2734 qnod
1151 2692 1283 2733 scribit,
1303 2692 1313 2710 ⁴
1330 2692 1496 2725 Queritur
1518 2691 1552 2721 in
1573 2700 1653 2722 con-

957 2743 1053 2774 cione
1077 2751 1150 2773 sese
1165 2743 1358 2783 projectum
1380 2751 1420 2773 ac
1444 2740 1616 2783 proditum
1633 2751 1653 2772 a

956 2791 1146 2832 Pompei0‚'
1160 2794 1222 2822 Sec.
1254 2791 1327 2822 Vor.

999 2843 1017 2882 ἕ
1034 2845 1069 2873 11
1090 2841 1381 2882 Prosecutu111‚.5·c.]
1404 2841 1503 2872 Oros.
1518 2840 1528 2858 ⁴
1541 2839 1653 2871 Cunc-

957 2898 1020 2933 tos,
1036 2894 1094 2934 qui
1107 2894 1333 2934 lacrymantes
1346 2890 1651 2933 prosequebantur,
