2174 3424
541 337 739 369 Jus'rmr
775 338 869 369 me.
904 337 975 367 111.
1006 338 1110 367 GAP.
1140 326 1180 367 52.
1492 323 1576 364 695

143 434 248 468 millia
259 443 278 466 e
288 432 388 475 plebe
402 431 637 464 robustissimae
643 430 835 472 juventutis

144 484 291 525 undique
308 483 433 523 elegit!
456 483 547 513 Flor.
563 482 710 513 Prooem.
727 482 735 498 ‘
749 481 835 512 Haec

139 534 214 574 jam
238 534 309 574 ipsa
334 533 480 573 juventa
507 531 650 572 imperii,
679 536 714 562 et
741 532 836 572 quasi

146 583 299 626 quaedam
318 583 458 614 robusta
474 582 669 613 maturitas)
693 582 793 612 Gron.

186 634 240 674 §3
265 634 313 664 De
335 632 529 671 Artaxerxe]
564 631 624 662 Cui
652 640 837 671 cognomen

144 683 154 701 ‘
171 682 397 722 Longimano.’
443 681 537 713 Alius
553 686 604 712 est
617 680 679 712 inf.
697 691 727 713 v.
739 684 788 712 11.
807 683 837 712 1.

146 736 210 766 &c.
234 735 333 765 Bern.

188 785 206 825 ᾗ
222 787 241 815 7
265 784 419 814 Paratum
433 792 496 815 esse
506 786 658 814 armatum
672 782 840 813 exercitum

138 833 242 873 jubet]
266 833 352 864 Mihi
368 833 475 872 magis
502 833 616 872 placet
641 832 730 873 quod
753 833 839 863 anti·

149 883 283 924 quiores
310 883 387 914 edd.
411 882 539 913 habent
561 892 595 922 p.
622 891 649 914 e.
673 892 725 913 ex.
740 892 841 913 arma·

149 933 310 974 tumquej.
331 935 449 965 Vorst.

191 985 209 1025 ᾧ
227 987 246 1015 8
271 983 377 1021 Jubet,
391 982 458 1023 ἐξα]
489 982 578 1014 Saxo
595 992 645 1013 xv.
670 992 703 1023 p.
717 986 771 1014 66.
787 986 841 1015 27.

149 1036 159 1052 ⁸
175 1035 256 1065 Tum
273 1034 458 1074 Frogerum
474 1033 599 1064 Frotho
621 1043 714 1064 arma
727 1044 842 1065 secum

151 1091 345 1126 permutare
357 1085 483 1126 jubet)

194 1137 246 1176 §9
270 1137 313 1167 Et
329 1137 440 1167 coedem
452 1136 568 1176 patris]
597 1134 654 1166 Τὸν
675 1134 769 1175 φονέα
789 1136 844 1166 τοῦ

152 1184 277 1226 πατρός.
293 1186 394 1217 Diod.
430 1186 518 1217 Nam
535 1186 592 1217 illa
607 1189 637 1217 et
658 1196 759 1217 necem
773 1186 845 1224 sra-

151 1235 212 1265 tris
227 1235 347 1266 absunt
365 1244 383 1266 a
400 1240 485 1266 vett.
508 1236 612 1274 Bong.

199 1285 392 1325 Vindicat-it]
416 1286 564 1317 Notand.
578 1290 690 1317 autem
701 1285 756 1317 hic
773 1295 845 1317 ver-

153 1334 232 1365 bum
253 1335 262 1351 ‘
280 1335 452 1366 vindicare
464 1335 472 1349 '
487 1336 529 1366 ad
547 1335 612 1367 duo
630 1337 695 1367 ista
710 1337 719 1353 ‘
733 1341 768 1367 et
784 1346 847 1367 cae-

153 1384 230 1415 dem
247 1385 352 1424 patris
370 1389 404 1416 et
418 1395 453 1416 se
464 1384 471 1397 ’
489 1385 620 1416 diverso
634 1387 733 1425 plane
748 1396 847 1416 sensu

155 1433 276 1465 referri
289 1445 307 1479 :¹
324 1435 488 1476 quomodo
499 1436 600 1466 etiam
611 1435 672 1466 inf.
685 1445 737 1466 XI.
750 1439 781 1466 9.
794 1439 846 1468 14.

155 1484 164 1500 ‘
184 1484 261 1515 Non
275 1490 428 1521 mortem,
445 1485 503 1516 sed
515 1485 708 1516 dilationem
719 1486 849 1527 mortis,

157 1533 405 1574 deprecantur.'
428 1535 524 1566 Bern.

203 1584 247 1613 Et
264 1585 375 1614 coedem
395 1585 497 1624 patris
511 1587 542 1615 et
560 1594 591 1614 se
603 1583 640 1615 ab
656 1584 778 1616 insidiis
791 1585 850 1616 Ar-

159 1633 263 1664 tabani
277 1634 461 1674 vindicavit]
484 1634 550 1665 Ms.
566 1638 596 1665 et
612 1645 636 1664 c.
648 1635 760 1674 patris,
782 1645 850 1666 ene-

158 1694 206 1715 ces
215 1684 342 1722 fratris.
365 1685 461 1718 Junt.
482 1686 523 1715 Et
536 1696 562 1717 c.
574 1686 688 1725 patris,
705 1690 733 1717 et
749 1697 851 1718 necem

152 1734 282 1773 fratris,
309 1738 338 1766 et
353 1745 394 1766 se.
439 1735 538 1767 Quod
563 1745 638 1766 cum
663 1742 698 1767 et
720 1737 752 1767 in
779 1738 850 1768 aliis

159 1783 237 1814 edd.
254 1785 397 1825 antiquis
421 1786 661 1825 conspiciatur,
686 1796 750 1818 non
767 1793 850 1827 puto

160 1843 234 1864 esse
265 1834 441 1874 rejiciend.
479 1835 586 1865 Groev.
632 1835 851 1877 Antiquiores

161 1883 240 1915 edd.
265 1889 301 1915 et
326 1884 414 1916 inter
443 1889 524 1916 cett.
549 1885 646 1917 Junt.
673 1891 711 1917 ut
737 1887 851 1919 Graev.

161 1938 320 1974 testatur,
343 1935 386 1965 Et
401 1945 428 1966 c.
441 1945 474 1975 p.
501 1939 532 1966 et
546 1946 648 1967 necem
664 1936 796 1974 fratris,
821 1941 852 1969 et

160 1993 202 2013 se.
247 1983 348 2024 Cujus
373 1984 452 2015 lect.
481 1985 623 2026 vestigia
656 1991 691 2017 et
726 1987 760 2017 in
788 1997 852 2018 uno

161 2041 261 2063 manu
285 2038 503 2065 exaratorum
532 2034 609 2075 fuit,
635 2045 716 2076 quos
742 2037 851 2078 Bong.

163 2082 261 2114 vidit.
309 2083 468 2115 Ceterum
496 2084 602 2115 verbo
634 2085 643 2101 ‘
662 2085 834 2117 vindicare
846 2087 854 2101 '

163 2131 288 2173 duplex
302 2133 349 2163 vis
359 2137 394 2164 et
402 2134 491 2164 notio
505 2134 661 2175 subjecta
672 2141 741 2175 est3
766 2137 854 2178 quod

161 2183 263 2213 semel
278 2183 367 2213 idem
385 2188 438 2214 est
453 2184 541 2225 quod
556 2186 565 2201 ‘
580 2186 717 2226 ulcisci:
732 2187 855 2219 deinde

163 2231 252 2263 idem
269 2233 356 2273 quod
378 2234 387 2250 ‘
403 2233 571 2266 liberare!
617 2236 719 2276 Cujus
735 2238 783 2268 rei
798 2248 855 2269 ex-

164 2284 310 2324 emplum
326 2294 417 2324 supr.
435 2293 460 2316 1.
480 2287 511 2316 9.
528 2288 578 2317 12.
596 2285 669 2326 jam
685 2288 855 2328 apparuit,

165 2338 202 2365 et
229 2333 288 2366 inf.
321 2344 372 2366 Χι.
397 2338 428 2366 9.
454 2338 504 2367 14.
531 2335 638 2368 adhuc
665 2339 856 2379 apparebit.

168 2383 271 2415 Vorst.
314 2385 381 2416 Ms.
395 2394 496 2416 eneces
511 2386 642 2426 fratris,
666 2397 730 2419 nou
745 2390 857 2420 coedem

162 2435 276 2475 patris.
320 2435 436 2467 Juntae
453 2436 551 2476 liber,
575 2441 605 2468 et
625 2440 735 2469 coedem
755 2441 858 2479 patris

165 2487 196 2515 et
209 2494 309 2515 necem
315 2484 443 2523 fratris.
486 2486 575 2516 Illud
587 2489 699 2519 coedem
714 2492 743 2520 et
756 2499 858 2521 necem

167 2544 307 2576 pravum
324 2539 388 2566 est.
433 2536 501 2567 Cur
517 2536 614 2567 enim·
630 2544 766 2579 repetat
787 2549 857 2571 rem

167 2584 329 2615 eandem?
362 2584 483 2626 Itaque
500 2585 686 2619 Glossatori
703 2589 858 2630 alterum,

168 2642 233 2664 non
256 2633 408 2672 Justino,
431 2634 586 2676 debetur,
609 2638 664 2678 qui
688 2639 859 2671 sententia

168 2692 244 2714 mea
268 2682 316 2714 ita
339 2683 496 2724 scripsit:
528 2685 632 2726 Atque
651 2687 697 2718 ita
716 2690 859 2729 egregius

167 2733 338 2764 adolescens
353 2736 383 2764 et
398 2744 484 2765 neces
506 2736 609 2775 patris
629 2740 660 2767 et
673 2737 805 2779 fratris,
828 2744 859 2771 et

168 2791 200 2813 se
214 2782 251 2813 ab
264 2782 387 2813 insidiis
397 2783 562 2825 Artabani,
573 2787 753 2820 vindicavit.
775 2791 859 2821 Sen-

172 2841 249 2863 sus:
274 2832 470 2864 Vindicavit
481 2839 516 2865 et
531 2844 567 2866 se
583 2842 617 2867 et
632 2846 746 2869 neces.
768 2840 859 2872 Quo-

172 2891 244 2914 rum
259 2883 378 2915 neces?
411 2884 518 2925 patris
542 2889 577 2917 et
590 2884 717 2919 fratris.
754 2888 857 2928 Schef.

887 430 988 472 Angl.
1010 431 1120 461 caedem
1131 429 1232 470 patris
1247 432 1277 460 et
1292 438 1392 459 necem
1400 427 1531 467 fratris,
1547 431 1577 458 et

884 492 927 512 se.
973 481 1029 512 Ita
1042 480 1168 511 habent
1183 484 1219 511 et
1234 479 1304 519 alii,
1318 479 1361 510 de
1377 489 1443 520 quo
1456 479 1526 510 dixi
1543 479 1577 510 in

888 532 997 564 Notis.
1022 532 1119 562 Idem.

930 582 1016 612 CAP.
1033 590 1074 611 11.
1118 581 1135 620 ᾧ
1152 582 1170 610 3
1196 578 1337 619 Propriis
1356 578 1473 609 viribus
1488 579 1581 620 confi-

886 632 1012 672 debant]
1034 631 1075 661 In
1092 630 1158 661 Ms.
1182 629 1306 669 legitur
1321 628 1446 659 urbibus
1461 638 1520 668 pro
1535 630 1581 659 ci-

887 681 982 712 ribus.
1028 682 1073 711 Et
1097 689 1178 710 sane
1202 679 1318 709 viribus
1341 679 1393 709 hic
1418 689 1582 719 usurpare

888 733 1029 763 voluisse
1043 731 1130 762 haud
1148 730 1292 768 videtur,
1314 739 1389 760 cum
1407 730 1585 770 praecedat

889 783 987 823 paulo
1016 787 1096 812 ante
1132 783 1142 799 ‘
1161 780 1203 811 ad
1236 779 1322 810 vires
1351 778 1448 810 suas!
1491 779 1584 812 Quid

889 832 1004 872 igitur,
1028 831 1055 861 si
1072 840 1131 871 pro
1146 829 1270 861 urbibus
1293 833 1350 859 aut
1364 829 1481 859 viribus
1496 829 1585 869 lega-

864 910 866 913 .
889 891 962 913 mus
978 878 1119 911 civibus?
1164 880 1208 909 Et
1223 882 1336 919 potest
1353 878 1470 908 vitium
1487 887 1528 908 ex
1545 888 1584 908 eo

891 940 962 963 esse
977 935 1109 968 natum,
1125 929 1214 970 quod
1231 938 1290 969 pro
1305 928 1422 959 civibus
1447 929 1585 969 antique

890 982 1006 1013 cibibus
1021 985 1107 1012 esset
1122 980 1284 1019 scriptum
1307 979 1341 1009 in
1367 978 1443 1009 cod.
1462 978 1586 1017 veteri,

892 1042 935 1064 ex
953 1042 1018 1073 quo
1036 1034 1154 1071 postea
1169 1029 1291 1059 urbibus
1305 1028 1420 1059 fecere
1435 1028 1503 1067 alii,
1529 1029 1586 1059 alii

892 1087 1064 1114 mutarunt
1094 1081 1128 1111 in
1158 1080 1286 1111 viribus.
1325 1078 1433 1109 Idem.
1493 1079 1587 1109 Nihil

893 1138 1032 1163 mutem.
1079 1131 1165 1162 Nam
1193 1130 1251 1160 illa
1274 1129 1346 1170 ipsa
1368 1128 1516 1160 ἀντίθεσις
1531 1139 1587 1160 ve—

893 1189 1007 1221 nusta,
1032 1182 1041 1199 ‘
1057 1179 1304 1213 Lacedaemonii
1327 1180 1518 1210 communia
1545 1179 1591 1210 ci-

895 1233 1052 1265 vitatium
1067 1231 1194 1262 auxilia
1217 1230 1259 1260 ad
1276 1229 1363 1260 vires
1386 1238 1462 1259 suas
1481 1229 1590 1260 trahe-

894 1284 989 1322 bant,
1005 1281 1247 1314 Athenienses'
1263 1290 1343 1312 vero
1360 1280 1369 1297 ‘
1383 1280 1450 1311 suis
1463 1280 1589 1311 viribus

896 1334 1136 1372 confidebant‚’
1150 1332 1231 1363 satis
1247 1330 1359 1370 arguit
1375 1339 1487 1360 veram
1504 1339 1592 1368 esse,

896 1394 970 1426 quae
987 1384 1020 1413 in
1037 1382 1180 1422 vulgatis
1196 1381 1338 1418 obtinet,
1354 1380 1429 1410 lect.
1462 1380 1569 1410 Groev.

939 1435 956 1474 ξ
972 1437 989 1464 5
1017 1433 1156 1472 Namque
1168 1432 1331 1471 Lycurgus
1343 1429 1522 1467 cumfratre
1537 1440 1591 1459 suo

899 1483 1058 1524 Polybite]
1080 1483 1122 1513 In
1144 1480 1274 1512 Herod.
1293 1484 1327 1511 et
1349 1480 1449 1510 Paus.
1467 1480 1591 1510 Eches-

898 1539 1007 1565 tratus
1019 1539 1052 1563 et
1065 1533 1239 1573 Lycurgus
1252 1529 1376 1560 fratres
1388 1530 1592 1570 produntur.

900 1582 1093 1617 Echestrati
1105 1580 1153 1612 fil.
1164 1580 1310 1611 Labotas
1322 1579 1354 1609 in
1371 1579 1458 1609 linea
1471 1580 1593 1619 Eurys-

899 1634 1022 1665 thenis.
1068 1634 1135 1664 Pro
1162 1631 1306 1672 Polybite
1330 1631 1434 1671 igitur
1458 1631 1593 1670 legend.

899 1684 1035 1715 videtur
1062 1683 1257 1721 Echestrato,
1291 1690 1330 1711 ac
1357 1689 1418 1720 pro
1448 1680 1594 1711 Charilao

900 1734 1038 1770 Labota;
1061 1743 1080 1763 a
1096 1733 1188 1763 Plut.
1208 1736 1322 1762 tamen
1338 1730 1440 1760 etiam
1466 1730 1594 1760 variata

900 1790 978 1815 suut
994 1783 1140 1814 nomina.
1185 1781 1337 1821 Ideoque
1351 1783 1386 1810 et
1402 1789 1460 1810 nos
1477 1779 1511 1810 iu
1526 1789 1593 1810 τηεἮ

901 1834 957 1865 dio
973 1832 1200 1873 relinquimus,
1227 1831 1319 1861 Glar.

946 1885 1088 1924 Namque
1102 1880 1278 1923 Lycurgus]
1302 1881 1359 1911 De
1379 1889 1446 1921 quo
1470 1880 1504 1910 in
1519 1879 1594 1920 ejus

900 1935 981 1966 Vita
998 1935 1089 1965 Plut.
1106 1938 1141 1964 et
1156 1931 1288 1962 Herod.
1304 1940 1329 1962 1.
1351 1933 1405 1961 65.
1421 1936 1457 1961 et
1473 1931 1595 1962 Strabo

902 1986 959 2018 lib.
974 1995 1009 2017 x.
1025 1989 1059 2015 et
1074 1984 1178 2014 Paus.
1195 1981 1381 2013 Laconicis.
1406 1981 1508 2019 Bong.

947 2033 1116 2076 Potybz'tae]
1140 2033 1196 2064 Ita
1210 2032 1367 2063 Veteres.
1398 2031 1513 2062 Graeei
1537 2035 1596 2061 Πο-

902 2083 1062 2121 λυδέκτης.
1115 2082 1164 2113 At
1189 2082 1198 2099 ‘
1216 2079 1404 2120 Charillus,’
1431 2080 1597 2121 quomodo

904 2142 942 2168 et
965 2132 1178 2173 Heraclides,
1210 2132 1276 2162 illis
1298 2134 1351 2162 est
1374 2131 1384 2147 ‘
1401 2129 1598 2161 Charilaus.y

906 2186 1037 2218 Herod.
1066 2194 1091 2217 1.
1122 2186 1176 2214 65.
1219 2180 1395 2218 Λεωβώτης.
1439 2180 1597 2219 Bongars.

904 2237 925 2269 J
930 2241 1020 2268 untae
1036 2245 1110 2267 cum
1127 2232 1258 2266 Graecis
1274 2233 1461 2273 Pvlydectae,
1485 2235 1520 2262 et
1536 2240 1599 2271 pro

909 2287 1055 2322 Charilto,
1068 2285 1225 2322 Charilam
1236 2293 1319 2324 quos
1333 2291 1467 2322 sequor.
1493 2281 1599 2311 Graev.

949 2334 1143 2377 Polydectae]
1188 2332 1360 2364 Revocavi
1400 2332 1479 2362 lect.
1519 2340 1601 2371 quo-

907 2388 1017 2419 rumd.
1031 2387 1283 2427 impressorum,
1297 2384 1329 2414 in
1347 2383 1437 2423 queis
1453 2382 1503 2412 ita
1518 2381 1600 2421 legi-

907 2443 984 2476 tur3
1008 2446 1085 2468 nam
1109 2436 1167 2467 illa
1190 2434 1297 2465 altera
1320 2431 1472 2472 Polybitae
1499 2431 1600 2470 plane

907 2487 1030 2519 vitiosa
1063 2491 1128 2517 est.
1167 2483 1279 2515 Faber.
1324 2481 1439 2512 Graeci
1477 2484 1600 2510 vocant

908 2539 1112 2578 Polydecten.
1169 2535 1297 2574 Estque.
1331 2532 1380 2562 ita
1408 2528 1602 2568 manifeste,

908 2588 959 2618 nti
989 2587 1104 2618 Graev.
1134 2588 1294 2622 testatur,
1330 2582 1365 2612 in
1394 2579 1473 2611 edd.
1501 2580 1599 2612 Junt.

910 2636 1041 2668 Nostri.
1088 2634 1190 2666 Vorst.
1254 2631 1429 2672 Polydectoe
1458 2633 1493 2659 et
1522 2637 1601 2659 mox

911 2687 1055 2718 Charilao
1071 2684 1176 2725 probo
1192 2692 1266 2714 cum
1280 2682 1395 2712 Vorst.
1419 2678 1521 2717 Schef.

954 2738 1152 2776 Regnumque
1176 2733 1236 2764 sibi
1257 2731 1414 2762 vindicare
1435 2729 1603 2769 potuisset]

910 2787 964 2819 An
990 2787 1024 2817 in
1051 2784 1265 2817 successione
1300 2781 1397 2822 regni
1422 2789 1528 2820 nepos
1558 2789 1600 2810 ex

910 2838 979 2868 filio
997 2836 1107 2877 priore
1131 2834 1200 2865 filio
1216 2831 1395 2874 posteriori
1419 2830 1463 2860 sit
1479 2828 1601 2870 praefe-

911 2888 1048 2928 temdus,
1070 2886 1231 2926 breviter,
1250 2893 1289 2915 ac
1304 2891 1458 2921 nervose,
1480 2881 1600 2912 solide-
