2174 3424
464 356 549 397 746

506 467 546 498 In
561 468 646 498 domo
665 463 898 506 Epaminondae]
921 464 1021 496 Diod.
1036 473 1116 496 XVI.
1131 468 1162 496 2.

461 516 626 555 Thebani,
642 515 763 556 inquit,
776 516 820 553 τῷ
834 515 1057 554 Ἐπαμινώνδου
1070 515 1162 556 πατρὶ

462 566 625 609 παρέθεντο
639 566 693 597 τὸν
704 565 871 597 νεανίσκον.
902 566 933 597 Α
951 577 1017 608 quo
1033 567 1161 598 dissen-

462 620 507 650 tit
531 619 624 649 Plut.
649 618 681 648 in
705 616 871 657 Pelopida
894 626 968 657 cap.
993 619 1047 648 47.
1081 617 1159 648 Vid.

462 672 588 709 praeter
604 667 662 697 lios
676 666 876 697 Gemistum.
901 667 1006 705 Bong.

505 720 522 759 ᾗ
546 721 565 749 4
590 717 718 748 Insidiis
738 716 921 757 Eurydices]
950 715 1158 747 Interfectus

462 780 482 801 a
507 770 696 800 Ptolemaeo
723 767 868 804 Alorite‚
893 767 948 807 qui
978 771 1056 806 post
1082 776 1158 797 eum

460 819 616 860 regnavit
638 827 742 848 annos
766 819 798 847 3.
823 817 991 847 Diodorus
1016 813 1076 847 xv.
1105 819 1158 847 77.

460 870 622 901 mendose
637 869 739 899 habet
756 867 810 904 ἔτη
830 865 1004 907 τριάκοντα,
1025 867 1158 907 legend.

459 920 548 950 enim
572 918 627 956 ἔτη
651 917 731 959 τρία.
776 918 860 948 Eum
886 916 1008 948 deinde
1033 917 1158 947 intere-

459 970 523 1001 mit
536 969 721 1000 Perdicca:
738 967 802 1007 cui,
813 977 886 997 cum
901 967 1061 997 adversus
1078 967 1158 1008 Illy-

460 1020 526 1051 n'os
554 1019 745 1057 cecidisset,
776 1018 940 1048 successit
969 1018 1158 1058 Philippus,

459 1079 534 1101 cum
557 1069 665 1100 adhuc
680 1067 801 1099 Thebis
815 1072 917 1107 esset,
929 1072 965 1098 ut
977 1068 1159 1100 Diodorus.

456 1119 546 1152 Just.
563 1120 663 1158 enim,
682 1128 780 1160 quem
805 1118 959 1159 sequitur
983 1118 1080 1149 Oros.
1097 1128 1156 1149 111.

459 1173 511 1202 12.
528 1170 710 1201 triennium
727 1173 857 1200 tantum
881 1168 1031 1199 obsidem
1054 1168 1157 1199 fuisse

457 1220 585 1252 scribit.
607 1219 861 1250 Accuratehaec
872 1218 1058 1249 Geniistus.
1076 1218 1156 1248 Bon.

500 1271 518 1311 ξ
541 1273 559 1301 7
583 1269 754 1308 Scelerum]
778 1268 885 1300 Sebis.
910 1267 1114 1307 emendavit,
1138 1279 1157 1299 a

455 1321 610 1351 scelerum.
647 1320 742 1349 Bene
759 1318 909 1359 quidem,
925 1318 984 1348 sed
1002 1318 1080 1349 nihil
1098 1328 1155 1349 ne-

457 1380 552 1402 cesse
581 1369 647 1400 fuit
675 1375 806 1400 mutare
834 1368 1028 1409 quidquam.
1088 1369 1155 1401 Qui

457 1420 545 1452 enim
570 1420 687 1450 dicunt
718 1420 726 1436 ‘
743 1418 878 1449 liberari
903 1419 1090 1459 supplicio’
1119 1424 1155 1450 et

454 1470 614 1501 ‘liberari
638 1480 658 1500 a
681 1468 872 1509 supplici0‚’
896 1472 963 1499 tam
989 1469 1074 1499 bene
1095 1468 1155 1509 illi,

455 1531 554 1562 quarn
579 1520 639 1556 illi,
657 1520 847 1560 loquuntur.
881 1519 994 1551 Faber.
1039 1519 1153 1551 Probo

455 1571 579 1603 Sebisii
595 1571 838 1611 conjecturam,
852 1571 1007 1611 quoniam
1024 1575 1060 1602 et
1073 1571 1154 1602 alias

453 1622 666 1662 nicScriptor
675 1622 895 1653 nostersolet.
911 1621 1028 1662 Scheff.
1053 1621 1153 1663 Angl.

453 1674 644 1704 ascelerum.
679 1673 823 1704 Rectiss.
862 1673 977 1714 Atque
1000 1673 1047 1704 sic
1074 1682 1153 1704 con-

448 1724 595 1765 jiciebat
609 1723 776 1764 quondam
793 1723 899 1754 Sebis.
923 1723 974 1755 Id.

498 1775 515 1815 ᾗ
539 1777 559 1804 9
584 1774 657 1804 Non
679 1782 794 1813 regem,
819 1774 871 1803 sed
887 1776 1032 1811 tutorem,
1044 1771 1154 1813 pupilli

453 1824 534 1865 egit]
572 1824 763 1864 Impressus
780 1823 913 1863 quidam
929 1822 1033 1854 habet
1048 1832 1107 1853 non
1122 1832 1154 1852 se

452 1885 568 1915 regem.
612 1874 773 1914 Suspicor
795 1873 886 1905 Just.
908 1872 1078 1912 scripsisse
1094 1881 1154 1902 non

452 1935 557 1965 regem
571 1935 615 1964 se,
630 1925 695 1963 sed,
711 1924 810 1964 idque
825 1933 856 1954 se
879 1932 942 1963 per
961 1921 1152 1953 similitudi-

452 1985 529 2006 nem
543 1975 733 2005 litterarum
748 1973 906 2014 subseqq.
923 1977 1083 2013 tanquam
1099 1982 1153 2003 sn-

452 2035 671 2067 pervacuum,
701 2023 863 2054 deletum.
891 2022 1007 2063 Scheffi
1046 2023 1151 2053 Male.

450 2075 461 2092 ‘
476 2074 628 2115 Regem,’
662 2076 671 2092 ‘
687 2073 843 2114 patrem,'
875 2073 884 2089 ‘
902 2073 1090 2113 principem
1121 2083 1153 2104 a-

453 2124 557 2166 gere‚’
572 2123 846 2165 frequentissima
863 2127 942 2153 sunt
956 2123 1034 2154 Tac.
1056 2123 1150 2154 Suet.

451 2176 542 2208 Just.
560 2174 711 2214 aliisque.
737 2173 844 2203 Graev.

496 2226 584 2256 CAP.
603 2234 654 2255 w.
681 2225 698 2264 ξ
723 2226 739 2254 1
768 2223 810 2254 Ut
826 2225 871 2253 est
886 2222 1042 2261 ingressus
1057 2221 1151 2262 impe-

449 2277 546 2317 rium]
560 2275 690 2314 Ingredi
702 2283 774 2314 pro,
783 2273 946 2312 incipere,
955 2271 1152 2312 frequenter

452 2328 526 2359 Cic.
542 2326 604 2356 fuit
620 2326 652 2356 in
668 2335 740 2364 usu,
755 2329 793 2354 ut
814 2324 914 2354 Orat.
939 2332 1000 2363 pro
1024 2322 1151 2353 Caeciu.

451 2382 505 2410 28.
520 2379 529 2395 ‘
541 2378 625 2409 Cum
636 2377 735 2407 istam
746 2373 1009 2415 disputationem
1021 2383 1150 2404 mecum

449 2429 620 2469 ingressus
637 2424 757 2457 esset:’
781 2431 816 2455 et
831 2424 947 2464 Topic.
965 2433 990 2455 1.
1021 2423 1030 2439 ‘
1045 2424 1152 2464 Majo-

449 2489 504 2510 res
534 2487 593 2509 nos
624 2486 676 2507 res
700 2475 848 2506 scribere
876 2474 1080 2514 ingressos:’
1116 2479 1152 2505 et

451 2530 545 2561 Suet.
562 2528 685 2559 Octav.
697 2529 749 2557 92.
771 2527 779 2542 ‘
793 2525 1013 2565 Ingrediente
1030 2535 1066 2556 se
1082 2525 1151 2556 lon-

450 2579 609 2621 ginquam
626 2577 933 2618 peregrinationem
946 2578 965 2606 :’
983 2586 1083 2617 quum
1100 2580 1151 2608 ta-

449 2639 528 2661 men
545 2628 677 2660 Auctor
693 2627 734 2658 B.
752 2625 824 2657 Afr.
837 2629 890 2658 22.
907 2626 1024 2657 addita
1040 2636 1148 2667 praep.

450 2681 579 2712 dixerit
616 2680 624 2696 ‘
642 2678 775 2719 ingredi
811 2678 845 2708 in
882 2677 1150 2718 rempublicam!

453 2733 554 2763 Gron.

493 2785 511 2824 ξ
535 2785 554 2813 2
580 2780 639 2812 Cui
653 2780 729 2820 spei,
741 2778 808 2819 fisa]
824 2779 914 2810 Saxo
928 2788 960 2810 v.
977 2788 1010 2819 p.
1025 2780 1078 2809 93.
1095 2781 1147 2810 48.

450 2834 459 2851 ‘
474 2833 583 2865 Quem
599 2831 705 2861 solum
723 2840 764 2860 ex
788 2834 884 2860 tanto
905 2830 1072 2860 sociorum
1090 2839 1146 2870 ag-

448 2884 538 2915 mine
555 2881 693 2912 fortuna
709 2879 880 2910 residuum
894 2877 1001 2910 fecit!

494 2936 511 2974 ς
535 2935 553 2963 3
577 2934 607 2962 &
632 2931 667 2971 4]
694 2931 823 2960 Planus
848 2929 1026 2960 intellectu
1043 2928 1149 2968 locus,

449 2993 547 3026 quem
559 2983 593 3014 in
605 2982 694 3022 vulg.
704 2980 782 3012 edd.
793 2979 1024 3012 interstinctio
1034 2989 1150 3021 prava,

917 363 1058 394 NOTAE
1092 364 1357 396 VARIORUM
1390 366 1441 395 IN

1214 464 1249 491 et
1272 461 1406 501 bellaque
1427 471 1488 501 pro
1504 461 1579 494 bella
1595 471 1662 502 quoe
1678 460 1837 502 positum,
1851 461 1909 493 ob-

1211 512 1370 542 scuravit.
1397 513 1492 543 Bern-

1247 563 1367 603 Regnz']
1382 564 1465 593 Mss.
1476 573 1587 594 rerum.
1603 563 1692 600 Ergo
1705 563 1907 593 alterutrum

1211 617 1264 643 est
1291 614 1494 652 glossatoris,
1520 623 1586 644 non
1609 613 1749 645 Justini.
1795 611 1908 652 Magis

1210 669 1322 695 autem
1347 665 1470 695 inclino
1486 674 1541 703 eo,
1557 669 1595 695 ut
1614 665 1697 695 lect.
1715 673 1830 695 veram
1846 673 1908 704 pu-

1209 718 1278 744 tem
1294 724 1406 745 rerum.
1430 713 1543 744 Schef.

1252 765 1363 805 Inopia
1378 764 1513 795 continui
1529 762 1613 802 belli]
1638 763 1673 793 F.
1688 762 1822 803 legend.
1839 771 1908 793 con-

1208 815 1306 845 tinnis
1322 815 1408 845 bellis
1423 814 1566 844 exhausti
1586 814 1687 852 regni,
1709 814 1907 844 immaturam

1208 868 1331 896 oetatem
1342 865 1459 906 tyronis
1471 868 1629 904 urgerent,
1639 867 1669 895 et
1682 864 1758 895 bella
1767 873 1844 904 quoe,
1855 864 1909 903 ᾇτ’.

1208 917 1317 957 Bong.

1253 969 1269 1009 ξ
1294 971 1313 999 4
1337 967 1569 1007 Dis-pensanda]
1591 967 1673 1006 Sup.
1698 966 1782 996 Not.
1799 963 1841 995 ad
1857 973 1907 996 vr.

1210 1020 1239 1049 1.
1265 1022 1296 1049 2.
1334 1019 1463 1049 Bernec.
1508 1019 1557 1049 Ut
1584 1027 1650 1048 non
1682 1016 1793 1047 omnia
1818 1015 1908 1046 bella

1208 1077 1274 1099 uno
1309 1068 1437 1109 impetu
1475 1078 1513 1099 ac
1544 1072 1725 1106 momento,
1753 1066 1813 1097 sed
1844 1074 1906 1106 per

1209 1124 1325 1158 partes
1356 1128 1396 1150 ac
1424 1119 1529 1158 vices,
1559 1121 1704 1158 gereret.
1758 1115 1905 1156 Proprie

1207 1170 1293 1199 enim
1309 1170 1372 1200 hoc
1387 1169 1525 1200 verbum
1541 1172 1722 1208 usurpatur
1737 1166 1778 1197 de
1797 1170 1906 1205 patre-

1206 1217 1365 1257 familias,
1388 1219 1457 1260 qui,
1481 1225 1519 1250 ut
1542 1218 1604 1249 sibi
1626 1220 1796 1249 constaret
1818 1216 1905 1247 ratio

1205 1271 1338 1309 accepti
1356 1276 1390 1300 et
1402 1270 1553 1310 expensi,
1566 1274 1694 1299 sumtus
1706 1267 1905 1308 dispensare

1204 1320 1302 1359 solet,
1315 1330 1378 1351 nec
1390 1320 1501 1350 onmia
1514 1329 1578 1350 uno
1594 1325 1747 1358 tempore
1759 1317 1856 1348 simul
1869 1321 1905 1348 et

1205 1371 1307 1401 semel
1325 1370 1480 1402 effundit.
1512 1371 1586 1401 Liv.
1604 1378 1720 1400 xxvu.
1735 1372 1765 1398 5.
1803 1367 1905 1398 ‘Dis-

1203 1421 1405 1461 pensarique
1435 1421 1556 1451 laetitia
1582 1420 1670 1450 inter
1696 1419 1903 1458 impotentes

1203 1470 1274 1510 ejus
1301 1470 1429 1500 animos
1454 1468 1597 1509 potuitz’
1621 1473 1657 1499 et
1682 1468 1748 1500 Ov.
1770 1476 1822 1498 vt.
1850 1467 1901 1498 Μ.

1202 1523 1276 1551 279.
1300 1520 1309 1537 ‘
1327 1520 1456 1550 Ordine
1479 1520 1571 1550 nullo
1587 1519 1712 1550 Oscula
1728 1519 1903 1559 dispensat

1202 1570 1321 1601 natis:’
1345 1575 1379 1601 et
1396 1571 1482 1602 Stat.
1499 1579 1548 1601 vi.
1565 1570 1627 1602 Th.
1643 1572 1716 1600 766.
1739 1570 1748 1586 ‘
1761 1569 1903 1600 Doctior

1202 1621 1256 1652 hic
1282 1620 1395 1652 differt
1418 1622 1577 1661 animum,
1602 1626 1824 1663 metuensque
1850 1620 1902 1652 fu-

1204 1671 1272 1702 turi
1290 1672 1476 1702 Cunctatus
1492 1673 1578 1703 vires
1591 1671 1788 1712 dispensat!
1824 1671 1903 1703 Sen.

1203 1722 1267 1762 Ep.
1285 1724 1337 1754 88.
1383 1722 1646 1763 ‘Temperantia
1668 1721 1901 1761 voluptatibus

1203 1771 1366 1812 imperat3
1385 1773 1464 1803 alias
1481 1773 1551 1804 edit
1567 1777 1669 1813 atque
1685 1772 1803 1811 abigit,
1819 1772 1902 1803 alias

1203 1822 1402 1863 ‹lispensat.’
1428 1823 1478 1854 Id.
1496 1832 1545 1853 νι.
1562 1821 1684 1853 Benef.
1702 1825 1754 1854 16.
1792 1823 1801 1839 ‘
1814 1823 1899 1853 Tum

1201 1872 1372 1912 ingenium
1398 1872 1508 1902 latens
1535 1876 1571 1902 et
1597 1872 1742 1912 pigrum,
1771 1871 1902 1912 injecta

1200 1923 1256 1963 (ut
1272 1922 1321 1953 ita
1343 1921 1469 1963 dicam)
1495 1931 1607 1961 manu,
1632 1920 1802 1952 extraxit:
1826 1930 1902 1961 nec,

1201 1983 1277 2014 quae
1293 1972 1435 2010 sciebat,
1448 1973 1591 2011 maligue
1604 1970 1846 2012 dispensavitz’
1863 1975 1899 2002 et

1201 2033 1256 2055 111.
1279 2024 1324 2056 N.
1349 2024 1390 2056 Q.
1413 2027 1466 2055 27.
1498 2027 1507 2041 ‘
1522 2023 1576 2054 Ad
1600 2023 1764 2063 originem
1788 2032 1899 2053 rerum

1202 2084 1305 2115 parce
1341 2075 1450 2106 utitur
1484 2074 1624 2113 viribus,
1655 2073 1900 2114 dispensatque

1201 2134 1236 2155 se
1263 2124 1479 2156 incrementis
1503 2122 1727 2155 fallentibus!
1760 2123 1899 2153 Gronov.

1200 2176 1210 2192 ‘
1224 2174 1442 2214 Dispensare’
1457 2183 1526 2215 pro,
1539 2174 1671 2214 partiri,
1684 2173 1906 2205 distribuere:

1201 2229 1239 2256 ut
1263 2224 1350 2255 bella
1374 2225 1440 2255 alia
1463 2224 1613 2265 gerenda
1635 2224 1811 2264 suscipias,
1833 2224 1901 2255 alia

1200 2286 1400 2317 quoeunque
1411 2276 1508 2307 modo
1520 2276 1681 2307 declines.
1706 2276 1791 2308 Quae
1805 2274 1901 2306 verbi

1199 2326 1402 2367 significatio
1419 2331 1454 2357 et
1471 2326 1644 2367 praecipua
1659 2330 1723 2357 est.
1752 2325 1841 2356 Vors.

1243 2379 1259 2417 ᾧ
1287 2381 1304 2408 5
1330 2377 1417 2416 Atia,
1433 2378 1500 2418 Sym]
1522 2378 1612 2407 Saxo
1630 2385 1679 2407 vt.
1705 2386 1738 2416 p.
1757 2379 1830 2407 104.
1846 2377 1899 2407 14.

1198 2427 1207 2444 ‘
1223 2428 1343 2468 Nuper
1366 2437 1401 2458 se
1429 2428 1500 2468 ejus
1526 2426 1696 2466 societati,
1718 2427 1841 2466 interp.
1865 2435 1900 2466 p.

1200 2477 1442 2509 subduxerat?
1465 2486 1500 2508 x.
1519 2487 1552 2518 p.
1572 2480 1643 2509 187.
1660 2480 1714 2508 45.
1744 2477 1832 2508 ‘Ter
1848 2486 1900 2507 re-

1199 2537 1272 2568 gem
1291 2537 1310 2558 a
1331 2527 1447 2568 piratis
1471 2527 1659 2567 captivum,
1679 2527 1806 2567 interp.
1829 2535 1901 2557 mu-

1199 2587 1314 2609 nerum
1333 2588 1365 2618 p.
1383 2577 1586 2617 receperat!

1244 2629 1441 2658 Contemtum
1453 2627 1527 2666 sibi,
1540 2626 1607 2667 ssa]
1625 2627 1744 2657 Malim
1758 2629 1837 2658 cont.
1852 2625 1902 2657 sui

1196 2679 1333 2710 hostibus
1348 2680 1426 2710 dem.
1449 2679 1614 2715 Bongars.
1651 2676 1706 2708 Ad
1720 2686 1818 2718 quem
1831 2687 1902 2708 mo-

1197 2729 1275 2760 dum
1294 2729 1368 2760 Liv.
1387 2737 1474 2759 xxv.
1492 2730 1544 2758 37.
1579 2727 1588 2744 ‘
1603 2727 1703 2758 Ultro
1721 2726 1900 2759 inferendo

1197 2788 1290 2810 arma
1300 2782 1506 2810 contemtum
1519 2777 1570 2809 sui
1581 2776 1798 2808 demturum.‘
1826 2777 1900 2809 Vor.

1195 2832 1226 2861 δε
1245 2830 1342 2860 Rern.

1250 2880 1268 2919 ς
1298 2882 1318 2910 6
1354 2879 1432 2909 Cum
1461 2877 1701 2909 Atheniensibus
1728 2874 1900 2916 certamen]

1196 2928 1302 2961 Diod.
1332 2936 1410 2959 xvt.
1438 2930 1470 2959 2.
1523 2928 1653 2968 Regem
1684 2927 1899 2958 Macedoniae

1200 2979 1362 3021 Argaeum
1371 2978 1486 3011 facere
1497 2978 1655 3010 volebant
1663 2977 1903 3018 Athenienses,
