2101 3419
385 351 470 393 900

383 458 465 496 post
478 454 612 487 attritas
624 455 723 488 bellis
737 455 972 498 frequentibus
985 457 1087 498 vires,

386 505 456 536 vid.
481 506 620 538 Petron.
645 507 678 538 in
708 508 876 548 Satyrico,
903 519 957 549 ap.
985 518 1084 550 quem

386 565 448 597 pro
462 567 578 597 scenas,
595 567 638 588 ne
654 557 744 589 idem
760 558 811 589 bis
827 559 932 599 dicat,
948 559 1083 600 legend.

387 607 535 638 arbitror
550 619 661 639 coenas.
704 610 886 651 ‘Quisquis
914 621 991 641 suos
1017 611 1083 641 hae-

385 657 483 689 redes
498 658 626 698 habet,'
650 660 771 700 inquit,
793 660 802 677 ‘
820 670 883 691 nec
900 661 940 691 ad
959 671 1082 700 coenas,

385 718 451 740 nec
477 709 518 740 ad
544 711 739 750 spectacula
761 711 973 743 admittitur!
995 713 1083 743 Bon-

382 768 472 798 gars.
517 760 697 792 Dubitanti
712 761 828 792 dehac
845 762 1082 792 emendatione

385 810 592 841 Petroniana
614 811 767 843 Freinsh.
795 818 911 843 noster
935 812 1084 843 ostendit

383 860 496 891 locum
516 860 615 900 Livii,
630 871 763 892 scenam
778 872 797 893 a
809 863 1003 903 spectaculo
1017 862 1084 893 dis-

386 910 585 951 tinguentis,
615 921 680 944 Ul.
709 915 740 943 2.
763 916 795 943 2.
818 914 827 929 ‘
844 913 932 943 Ludi
951 922 1082 954 quoque

386 961 526 999 scenici,
558 971 644 992 nova
676 972 728 992 res
763 963 926 993 bellicoso
956 964 1083 1003 populo

386 1011 479 1050 (nam
511 1011 594 1041 circi
625 1011 725 1042 modo
750 1013 981 1052 spectaculum
1011 1011 1084 1043 fue·

386 1059 467 1100 rat),
491 1060 640 1092 instituti
657 1061 838 1092 dicuntur!
861 1063 962 1094 Beru.

430 1112 447 1151 ξ
463 1113 482 1142 2
509 1112 662 1151 Oderunt,
678 1113 748 1152 δῖα]
786 1113 922 1144 Saresb.
939 1115 947 1129 ‘
963 1114 1084 1144 Fortu-

385 1169 439 1191 nae
455 1161 621 1202 siquidem
641 1163 858 1203 indignantes
875 1163 1017 1194 oderant
1032 1174 1083 1194 ar-

385 1219 452 1250 ma,
469 1221 543 1252 quae
560 1211 721 1243 adversus
739 1213 926 1244 Locrenses
943 1212 1085 1245 infelici-

385 1266 440 1293 ter
453 1263 665 1295 sumserant.'

429 1313 649 1354 Pythagoras]
677 1314 756 1345 Vid.
775 1313 949 1345 La'e'rtium
964 1314 995 1344 in
1010 1314 1083 1354 ejus

385 1363 456 1395 vit.
476 1363 548 1394 Cic.
570 1364 672 1395 Tusc.
686 1373 720 1395 v.
736 1367 766 1395 4.
790 1364 948 1403 Bongars.
992 1363 1084 1395 Add.

387 1414 458 1446 Cic.
475 1414 516 1445 de
544 1414 693 1445 Oratore
719 1423 775 1445 111.
802 1416 853 1444 34.
880 1414 955 1445 Liv.
980 1423 1005 1445 1.
1035 1417 1085 1445 18.

385 1463 626 1503 Jamblichum,
641 1463 742 1504 Apul.
760 1474 811 1504 pr.
826 1464 955 1495 Florid.
971 1464 1071 1495 Bern.
1101 1462 1114 1469 ⁸

429 1516 481 1555 §3
506 1514 692 1554 Demarato]
752 1515 856 1545 Certe
885 1524 951 1545 non
981 1515 1085 1555 magis

387 1564 599 1605 Pythagoras
632 1564 807 1595 Demarati
848 1563 949 1604 filius,
985 1574 1086 1605 quam

385 1615 587 1655 Tarquinius
617 1614 824 1645 Mnesarchi.
881 1614 919 1644 F.
947 1614 1086 1654 scripsit

385 1664 475 1696 Just.
515 1665 676 1695 Mar-muco
693 1674 753 1705 pro
769 1665 950 1695 Demarato.
995 1665 1089 1695 Mar·

385 1723 519 1745 macum
543 1724 686 1755 namque
711 1714 815 1755 aliqui
842 1714 1003 1744 dixerunt
1031 1724 1089 1754 ap-

387 1765 552 1804 pellatum
577 1764 678 1795 fuisse
704 1765 913 1805 Pytliagorae
943 1769 1087 1804 patrem.

387 1815 492 1855 Diog.
510 1815 626 1846 Laert.
650 1813 827 1854 Πυθαγόραν
843 1814 911 1845 ἔνιοι
925 1813 980 1852 μέν
995 1820 1088 1854 φασιν

388 1864 452 1894 vibit
473 1863 547 1895 εἶναι
572 1863 740 1905 Μαρμάκου
762 1865 819 1895 τοῦ
842 1864 1004 1904 Ἱππάσου,
1031 1865 1088 1895 τοῦ

392 1915 594 1955 Εὐθύφρονος,
617 1916 673 1945 τοῦ
690 1914 885 1953 Κλεωνύμου,
901 1914 1038 1954 φυγάδος
1054 1915 1088 1945 ἐκ

387 1967 565 1997 Φλιοῦντος.
595 1967 682 1998 Voss.
728 1966 835 2007 Atqui
866 1967 1087 1997 Mnesarchus

389 2016 580 2053 dicebatur,
609 2025 674 2047 nou
703 2017 920 2047 Demaratus.
972 2016 1087 2047 Quare

388 2067 436 2097 ill.
455 2067 567 2097 Vossii
584 2067 671 2107 conj.
686 2066 766 2096 mibi
782 2066 998 2097 veliementer
1012 2075 1086 2106 pro-

389 2116 514 2155 batur3
550 2127 640 2155 narn,
663 2117 819 2157 Diogene
843 2116 956 2147 Latii-t.
986 2121 1089 2156 teste,

389 2165 487 2197 fuere
504 2167 559 2207 qui
577 2167 779 2207 Pythagorae
798 2171 928 2206 patrem
941 2166 1087 2197 Marma-

391 2226 466 2247 cum
482 2220 656 2247 vocarunt.
702 2216 792 2248 Quin
816 2220 852 2246 et
874 2216 943 2246 scio
968 2225 1020 2246 me
1045 2216 1089 2245 le-

389 2267 475 2307 gisse
491 2267 523 2297 in
539 2267 703 2297 Veterum
717 2266 855 2306 scriptis
865 2265 941 2296 cod.
954 2265 1089 2296 nomine

391 2316 601 2357 Pythagorae
617 2316 721 2346 silium
743 2316 950 2356 appellatum
972 2314 1088 2346 fuisse.

390 2366 438 2398 At
456 2377 510 2407 ap.
527 2367 666 2398 Graeeos
678 2367 731 2397 avi
748 2376 868 2397 nomen
885 2367 1000 2406 nepoti
1017 2365 1089 2396 fere

390 2419 588 2458 plerumque
605 2416 851 2457 imponebatur.
897 2417 982 2449 Quae
999 2422 1090 2446 utra—

392 2478 455 2509 que
481 2477 533 2497 rcs
559 2467 648 2508 conj.
673 2466 784 2497 Vossii
811 2467 944 2497 omuino
968 2466 1090 2498 confir—

391 2523 474 2549 mat.
502 2518 579 2549 fab.

435 2569 620 2608 BIagmquue
636 2568 799 2608 sapientiae
823 2567 1022 2598 incrementis
1041 2576 1089 2597 or-

393 2618 498 2657 natus]
537 2617 627 2651 Quid
645 2623 698 2648 est
712 2617 872 2657 sapientioe
894 2617 1092 2648 incrementis

392 2667 524 2701 ornari?
569 2668 765 2699 Abliorrent
783 2667 903 2698 abhoc
932 2667 1090 2708 loquendi

393 2728 519 2760 genere
536 2719 665 2750 Latinae
688 2728 799 2749 aureS.
845 2718 929 2759 Leg.
946 2728 989 2749 ex
1006 2719 1090 2750 Mss.

393 2779 469 2801 cum
487 2769 637 2801 Gronov.
661 2769 783 2808 magnis
805 2778 871 2808 sap.
893 2768 954 2799 inc.
968 2768 1090 2805 sorma-

395 2823 455 2858 tus,
471 2819 502 2851 h.
518 2828 546 2850 e.
565 2829 641 2850 cum
663 2819 710 2850 sic
735 2823 824 2850 esset
850 2819 1026 2850 institutus
1054 2822 1091 2850 et

394 2869 559 2900 formatus
586 2879 605 2899 a
630 2869 807 2910 magistris,
833 2873 871 2900 ut
896 2878 1034 2910 magnos
1055 2869 1089 2900 in

395 2920 570 2960 sapientia:
578 2919 698 2951 studiis
712 2917 851 2951 fecisset
869 2928 1088 2960 progressus3

837 363 978 393 NOTAE
1011 362 1279 395 VARlORUM
1313 365 1364 396 IN

1135 467 1240 491 xvnr.
1257 463 1289 491 3.
1312 459 1387 492 ‘Ab
1413 470 1452 492 eo
1469 459 1646 500 formatus,
1670 470 1745 492 cum
1762 471 1830 493 me-

1133 510 1188 541 dio
1204 510 1314 541 noctis
1341 520 1456 542 omnes
1483 511 1516 542 in
1542 521 1644 542 unum
1673 520 1830 553 campum

1133 562 1401 600 processissent!
1433 572 1511 594 vm.
1527 565 1558 593 2.
1581 562 1746 603 ‘Ingenia
1762 573 1830 594 om-

1133 611 1168 641 ni
1185 610 1341 642 doctrina
1357 613 1506 651 exculta,
1532 612 1766 652 pulcherrimis
1782 613 1831 644 le-

1133 660 1230 699 gibus
1248 661 1478 702 institutisque
1493 660 1662 692 formata.'
1696 661 1760 692 Ov.
1774 671 1831 693 111.

1132 711 1184 741 M.
1200 711 1209 727 ‘
1223 711 1360 742 Talibus
1377 711 1526 750 ignaram
1538 712 1627 743 Juno
1644 711 1831 743 Cadmeida

1133 759 1232 791 dictis
1261 761 1459 792 Formarat.’
1514 763 1637 793 Horat.
1669 763 1830 795 ‘Tenerae

1132 810 1267 842 Mentes
1283 811 1481 842 Formandae
1499 812 1644 843 studiis!
1659 813 1766 844 Groev.
1790 813 1831 844 In

1132 861 1199 892 Ms.
1227 862 1336 903 Bong.
1365 862 1543 903 legebatur
1569 863 1747 904 magnisque
1768 873 1793 895 s.
1809 864 1832 895 i.

1125 910 1304 949 formatus;
1342 916 1443 953 atque
1482 912 1532 943 ita
1561 913 1663 943 scribi
1700 913 1830 944 curavi.

1134 961 1221 992 Nam
1240 961 1327 1002 vulg.
1345 962 1427 992 lect.
1444 965 1568 992 ornatus
1585 962 1703 993 vitiosa
1719 967 1771 993 est
1795 968 1831 994 et

1132 1010 1263 1051 inepta.
1319 1011 1359 1042 In
1386 1011 1542 1052 quibusd.
1571 1012 1677 1052 Impr.
1705 1012 1831 1053 legitur

1121 1060 1285 1100 firmatus,
1310 1071 1375 1092 non
1401 1062 1500 1102 longe
1532 1072 1550 1092 a
1576 1062 1658 1093 Msti
1687 1062 1832 1093 auctori-

1134 1114 1217 1140 tate.
1237 1111 1349 1142 Faber.
1374 1111 1481 1142 Codd.
1497 1111 1632 1152 quidam
1649 1113 1732 1144 Mss.
1745 1117 1832 1144 teste

1133 1160 1243 1200 Bong.
1270 1170 1332 1200 pro
1359 1165 1486 1192 ornatus
1515 1161 1643 1193 habent
1661 1162 1831 1201 formatus.

1133 1211 1259 1251 Estque
1276 1211 1323 1241 ita
1345 1216 1381 1242 et
1407 1211 1441 1242 in
1472 1212 1718 1252 antiquioribus
1742 1213 1832 1254 typis

1133 1270 1229 1300 expr.
1256 1261 1398 1293 Bechar.
1432 1266 1468 1292 et
1491 1262 1577 1302 Maj.
1634 1261 1834 1303 Amplector

1133 1320 1214 1350 ergo
1227 1310 1310 1341 illud
1325 1321 1401 1343 cum
1419 1312 1591 1343 Gronovio
1608 1322 1617 1351 ;
1642 1312 1833 1352 praesertim

1134 1370 1209 1391 cum
1224 1365 1259 1391 et
1276 1370 1384 1392 xvm.
1401 1364 1431 1392 3.
1448 1365 1501 1393 10.
1513 1363 1610 1393 eand.
1627 1372 1745 1393 vocem
1758 1362 1834 1394 ead.

1133 1410 1205 1442 fere
1217 1411 1463 1451 significatione
1477 1417 1672 1453 usurpatam
1688 1413 1834 1445 videam.

1139 1462 1241 1493 Vorst.
1288 1463 1394 1503 Bong.
1411 1464 1494 1494 Mss.
1521 1468 1556 1495 et
1574 1464 1671 1496 Juut.
1689 1465 1834 1504 proban-

1135 1510 1225 1542 tibus
1240 1511 1350 1542 doctis
1366 1522 1391 1543 s.
1409 1512 1610 1550 i.sormatus.
1632 1512 1746 1545 Schef.

1177 1561 1230 1592 Ad
1258 1562 1491 1602 perdiscendos]
1533 1562 1717 1601 Φιλομαθίας
1745 1562 1836 1604 χάριν

1137 1612 1350 1651 tyrannidem
1364 1611 1508 1653 fugiens.
1526 1613 1834 1654 Strab.xw.Bong.

1179 1663 1231 1702 §4
1259 1663 1402 1704 Cretam]
1436 1663 1546 1695 Quam
1570 1663 1692 1703 priscis
1708 1667 1837 1705 tempo-

1137 1712 1228 1743 ribus
1244 1713 1375 1753 legibus
1401 1714 1538 1754 optimis
1564 1713 1669 1745 fuisse
1698 1723 1835 1755 compo-

1137 1762 1249 1803 sitam,
1284 1763 1429 1805 ideoque
1457 1764 1499 1795 ad
1527 1765 1575 1796 sui
1613 1765 1836 1796 imitationem

1137 1814 1281 1844 traxisse
1304 1814 1503 1845 Graecorum
1529 1816 1836 1856 praestantissimos,

1137 1863 1185 1893 ait
1209 1863 1323 1894 Strab.
1343 1873 1379 1895 x.
1408 1874 1441 1904 p.
1456 1868 1529 1896 328.
1545 1868 1598 1896 50.
1642 1864 1733 1896 Add.
1756 1866 1834 1897 Tac.

1137 1921 1193 1943 111.
1208 1916 1259 1944 26.
1273 1917 1304 1944 5.
1328 1914 1429 1944 Rern.

1192 1964 1207 2002 ξ
1225 1967 1242 1993 5
1282 1963 1464 2003 Crotonam]
1509 1964 1708 2004 Elegantius
1746 1969 1837 1997 esset

1139 2012 1298 2050 Crotona5
1340 2023 1531 2054 quanquam
1562 2014 1642 2045 alibi
1669 2014 1678 2030 ‘
1697 2014 1836 2046 Salami-

1137 2063 1228 2093 nam'
1255 2073 1327 2103 pro,
1341 2063 1518 2094 Salamiua.
1545 2063 1620 2095 Fab.

1181 2115 1198 2154 ς
1214 2116 1232 2144 7
1260 2114 1449 2153 Tantumque
1463 2113 1600 2144 studium
1616 2114 1655 2144 ad
1662 2112 1836 2153 frugalita-

1137 2168 1199 2195 tem
1212 2164 1421 2196 multitudinis
1436 2164 1618 2205 concitavit]
1639 2165 1837 2205 Transposi·

1139 2219 1175 2245 ta
1204 2224 1277 2246 esse
1305 2214 1410 2245 verba
1440 2219 1533 2255 puto.
1579 2215 1634 2245 Sic
1663 2215 1834 2255 legerem:

1139 2268 1315 2305 tantumque
1330 2268 1370 2295 st.
1386 2265 1475 2295 mult.
1489 2263 1567 2302 ads.
1584 2274 1610 2295 c.
1633 2263 1685 2295 Id.

1182 2316 1197 2356 ξ
1222 2318 1242 2346 9
1269 2314 1426 2355 Docebat]
1471 2316 1479 2332 ‘
1504 2315 1543 2345 D.
1583 2314 1719 2346 autem'
1754 2315 1836 2346 vin-

1137 2371 1230 2397 cent.

1183 2417 1200 2457 ς
1226 2419 1265 2447 10
1291 2415 1536 2456 Frugalitatem]
1559 2414 1838 2447 Commendatam

1140 2467 1281 2498 Senecae
1299 2466 1341 2498 de
1357 2467 1546 2508 Tranquill.
1575 2465 1690 2497 Animi
1708 2469 1737 2497 l.
1755 2471 1790 2498 et
1804 2469 1838 2498 9.

1141 2522 1177 2547 et
1190 2517 1255 2557 Ep.
1273 2519 1324 2547 17.
1352 2516 1465 2548 Plinio
1490 2517 1556 2557 Ep.
1575 2525 1615 2547 11.
1631 2518 1661 2546 4.
1689 2521 1723 2546 et
1740 2525 1790 2547 vl.
1805 2519 1837 2548 8.

1145 2567 1240 2599 Bern.

1184 2618 1367 2658 Ingerebat]
1400 2617 1487 2648 Saxo
1516 2626 1598 2648 viu.
1622 2626 1655 2657 p.
1680 2619 1753 2647 165.
1782 2618 1839 2647 46.

1139 2669 1148 2685 ‘
1164 2669 1249 2709 Regi
1274 2667 1516 2708 cognoscenda>
1535 2667 1716 2708 legationis
1733 2665 1839 2697 avidi-

1141 2723 1246 2750 tatem
1276 2717 1441 2759 ingessit.’
1493 2717 1628 2749 Saresb.
1657 2725 1722 2748 vu.
1748 2720 1779 2748 6.
1805 2726 1837 2758 p.

1139 2773 1214 2802 419.
1236 2771 1245 2788 ‘
1261 2771 1336 2802 Nisi
1358 2770 1515 2801 Socrates
1535 2779 1623 2800 verae
1639 2768 1750 2800 laudis
1771 2768 1841 2809 glo-

1139 2821 1222 2852 riam
1239 2821 1269 2852 ei
1285 2825 1435 2852 curasset
1455 2818 1634 2860 ingerere!
1677 2818 1837 2850 Vincent.

1138 2871 1147 2888 ‘
1165 2871 1267 2912 Frug.
1280 2880 1346 2902 om.
1361 2869 1573 2901 disserebat!

1182 2921 1200 2961 ᾗ
1226 2923 1263 2952 11
1291 2920 1543 2961 consecutusque,
1567 2919 1637 2961 ssa]
1678 2918 1837 2952 Vincent.
