2101 3419
571 329 768 361 JUS'rlNl
806 330 897 360 [AB.
931 330 1084 360 xxm.
1116 331 1222 361 cm).
1253 319 1297 361 2.

209 439 278 461 ram
308 428 465 461 omissum
491 426 699 468 conspicitur
735 426 839 457 etiam
865 425 899 456 in

208 480 306 512 Junt.
332 479 438 509 Groev.

251 529 302 568 §5
325 528 447 558 Bellum
471 526 551 556 inter
569 525 678 566 filium
706 528 900 565 nepotemque

209 577 274 616 ejus
287 577 398 616 oritur]
423 575 546 606 Mirum
562 575 594 605 li.
610 575 631 606 1.
658 585 767 616 neque
783 575 900 614 filium,

210 636 319 667 neque
341 631 497 665 nepotem
514 625 741 663 nominatum3
766 629 800 655 et
814 624 901 655 filios

210 676 244 707 in
261 675 377 706 Africa
392 675 559 705 amiserat.
602 675 708 706 Paulo
725 679 813 715 post,
825 685 900 705 cum

209 726 329 766 inquit,
344 725 353 742 ‘
368 725 479 765 Igitur
491 723 712 765 Agathocles,
726 733 801 755 cum
817 734 902 754 mor-

210 775 244 806 bi
259 785 339 806 cura
355 779 389 805 et
402 775 567 815 aegritudo
582 774 754 815 graviores
767 773 903 813 essent‚’

211 826 343 866 legend.
359 826 513 866 suspicor
535 835 602 856 cum
626 825 696 856 belli
717 834 804 856 cura.
849 825 903 856 Sic

211 875 300 907 enim
315 885 409 916 seqq.
424 875 540 906 melius
554 875 795 915 intelligentur.
811 875 904 906 Glar.

254 925 344 956 Inter
358 925 466 966 filium
484 928 678 965 nepotemque
695 925 757 964 ejus
776 935 906 964 regnum

204 975 274 1014 jum
301 977 387 1015 quasi
414 975 527 1006 mortui
556 975 796 1014 vindicantibus]
828 975 905 1005 Non

213 1025 280 1057 fert
304 1027 368 1057 hoc
393 1026 558 1057 Prisciani
585 1025 752 1056 doctrina.
795 1025 906 1057 Serib.

213 1086 288 1107 cum
312 1076 408 1108 Junt.
431 1075 634 1107 vindicantes.-
666 1080 702 1106 et
730 1085 805 1106 cum
832 1075 906 1105 iisd.

213 1127 329 1157 statim
358 1126 510 1166 occisoque
529 1126 613 1168 filio.
643 1126 760 1157 Graev.
813 1126 908 1158 Jnnt.

214 1175 415 1215 vindicantes,
438 1176 526 1217 quod
554 1177 666 1207 Graev.
693 1179 791 1215 putat
818 1175 908 1214 exigi

215 1236 235 1257 a
260 1226 449 1257 Prisciano.
492 1227 610 1257 Vorst.
643 1225 815 1256 existimat
841 1234 909 1256 non

216 1286 291 1307 esse
316 1276 556 1314 necessarium,
578 1280 616 1306 ut
639 1275 743 1316 liquet
765 1285 806 1306 ex
831 1280 911 1306 nota

218 1326 292 1366 ejus
323 1326 366 1357 ad
392 1336 433 1358 11.
459 1329 491 1358 3.
524 1329 574 1357 16.
607 1331 644 1357 et
678 1335 761 1357 vm.
794 1330 825 1357 5.
857 1329 913 1357 10.

218 1375 324 1414 Schef.

261 1427 279 1466 ξ
294 1429 315 1457 6
340 1426 419 1457 Cum
434 1425 530 1456 morbi
543 1435 615 1456 cura
629 1428 660 1456 et
673 1425 826 1465 «egritudo
838 1435 912 1465 gra-

219 1475 318 1507 viores
340 1475 453 1516 essent]
477 1475 562 1507 Haec
593 1475 743 1516 planiora
770 1475 912 1516 fuerint,

220 1526 249 1556 si
288 1526 440 1557 Freinsh.
481 1526 724 1557 rescribentem
759 1536 913 1567 sequare,

220 1576 332 1607 morbo.
386 1576 508 1607 Gravis
539 1576 690 1607 morbus:
727 1576 788 1607 sed
813 1577 914 1607 animi

222 1626 389 1667 aegritudo
429 1635 576 1667 curaque
627 1627 771 1666 gravior.
818 1627 914 1659 Rern.

223 1677 314 1717 Lego
339 1687 407 1707 cum
429 1676 548 1707 morbus
574 1686 647 1707 cura
672 1679 702 1706 et
729 1676 915 1715 (egritudine

221 1726 458 1765 ingravesceret.
501 1726 641 1757 Terent.
668 1726 793 1766 Hecyr.
809 1735 865 1756 111.
883 1729 914 1757 2.

223 1778 233 1794 ‘
251 1777 341 1807 Male
357 1780 483 1816 metuo,
506 1786 548 1807 ne
578 1777 785 1807 Philumenae
812 1777 915 1816 magis

222 1826 357 1857 morbus
382 1825 626 1866 adgravescat.'
670 1826 743 1857 Liv.
765 1835 840 1857 xm.
865 1829 917 1857 16.

221 1877 230 1893 ‘
248 1876 514 1916 Ingravescente
539 1875 680 1907 morbo!
725 1876 818 1907 Suet.
843 1876 917 1908 Tib.

222 1929 276 1958 73.
298 1927 307 1944 ‘
322 1926 596 1967 Tempestatibus
613 1926 917 1967 etingravescente

223 1976 256 2007 vi
276 1976 386 2008 morbi
412 1980 564 2007 retentus
590 1977 688 2016 paulo
710 1981 789 2017 post
811 1977 917 2008 obiit!

225 2026 360 2058 Gronov.
390 2026 542 2057 Freinsli.
559 2026 701 2066 putabat
715 2027 769 2057 hic
785 2027 917 2067 legend.

223 2076 344 2107 morbo:
365 2080 403 2107 ut
427 2076 471 2107 sit
495 2077 702 2117 comparatio
724 2077 812 2108 inter
831 2087 917 2108 mor-

223 2126 303 2157 bum
319 2127 484 2167 corporis,
507 2130 542 2157 et
567 2137 682 2158 curam
705 2127 820 2167 animi,
842 2137 918 2168 pro-

224 2176 350 2218 batque
366 2177 530 2208 Bernecc.
575 2177 648 2217 Ego
671 2178 783 2217 potius
806 2177 918 2208 existi-

225 2235 311 2257 mem
339 2227 517 2267 scripsisse
532 2227 622 2259 Just.
648 2237 715 2258 cum
741 2228 807 2259 orbi
830 2239 917 2269 cura,

227 2276 304 2317 quia
318 2276 414 2307 morbi
436 2277 560 2317 legitur
585 2278 618 2308 in
642 2278 734 2308 libris
752 2278 918 2315 omnibus,

226 2332 262 2357 et
281 2336 311 2356 m
332 2326 367 2356 in
392 2336 432 2357 eo
455 2327 626 2367 adJectum
642 2337 684 2358 ex
700 2328 815 2359 littera
828 2327 921 2359 finali

227 2377 317 2407 vocis
334 2386 434 2416 praec.
449 2377 595 2409 videtur.
628 2378 739 2409 Porro
755 2378 843 2409 orbus
855 2379 922 2409 ele-

229 2430 349 2466 ganter
377 2426 431 2457 hic
461 2426 585 2458 dicitur
609 2427 825 2469 Agathocles,
856 2438 922 2459 non

228 2476 326 2507 modo
343 2481 482 2517 propter
497 2477 653 2508 amissum
672 2477 791 2518 filium,
814 2478 871 2509 sed
889 2483 924 2510 et

229 2527 334 2557 multo
360 2527 476 2567 magis,
500 2532 642 2568 propter
669 2529 823 2559 amissum
849 2538 923 2568 reg-

230 2585 321 2616 num,
343 2577 432 2617 quod
448 2578 554 2608 carius
580 2579 679 2609 rebus
698 2579 850 2610 omnibus
864 2580 923 2610 ha-

230 2627 360 2659 buerat.
407 2628 483 2659 Nisi
508 2627 534 2660 f.
557 2629 629 2670 quis
656 2629 829 2660 existimet
847 2630 925 2670 jun-

231 2676 331 2716 gend.
360 2680 553 2718 utrumque,
584 2688 623 2709 ac
652 2678 822 2710 scribenti.
858 2688 925 2709 cum

231 2726 333 2757 morbo
353 2726 418 2757 orbi
439 2737 526 2767 cura,
546 2728 604 2758 sed
620 2729 762 2760 alterum
784 2728 926 2770 praefer-

235 2785 319 2815 rem,
342 2776 420 2817 quia
439 2777 521 2808 illud
546 2777 648 2809 morbo
674 2777 776 2809 facile
797 2778 852 2809 hic
878 2778 926 2809 in-

235 2825 409 2866 telligitur.
432 2826 534 2865 Schef.
576 2828 679 2859 Varie
704 2828 758 2859 hic
776 2828 799 2858 1.
824 2828 925 2859 corri-

237 2875 337 2915 gitur.
394 2875 493 2916 Mihi,
528 2877 554 2908 si
595 2877 675 2919 quid
717 2878 927 2919 mutandum,

1560 318 1645 359 919

951 423 1121 455 scribend.
1148 423 1282 454 videtur
1304 425 1383 454 Cum
1408 422 1538 462 morbuS,
1559 433 1645 462 cura,

951 478 982 505 et
1010 474 1164 513 aegritudo
1191 475 1350 512 graviores
1376 476 1493 504 essent:
1517 477 1587 511 aut,
1617 473 1646 503 si

950 524 1110 554 librorum
1128 524 1296 564 scriptura
1311 533 1376 554 non
1401 528 1453 554 est
1468 522 1649 554 sollicitan-

952 574 1008 612 da,
1041 573 1175 604 dicend.
1212 583 1276 603 non
1307 582 1372 603 uno
1402 572 1504 603 modo
1532 573 1648 603 morbo

952 623 1185 663 impugnatum
1212 622 1311 653 fuisse
1335 622 1568 663 Agathoclem,
1592 622 1649 662 qui

953 682 1067 703 omnes
1083 672 1364 712 ingravescebant
1379 672 1467 702 curis
1494 676 1529 702 et
1551 671 1650 710 aegri-

954 723 1081 762 tudine,
1094 732 1168 763 quae
1181 731 1293 752 senem
1309 721 1538 752 macerabant.
1562 721 1653 751 Mor-

954 772 1016 803 bus
1041 782 1121 802 sane
1147 776 1184 802 et
1210 781 1291 802 cura
1317 781 1356 802 ac
1386 771 1553 811 aegt-itudo
1579 775 1652 801 tan-

955 831 1053 862 quam
1081 821 1148 852 duo
1175 823 1273 860 mala,
1297 821 1416 862 quibus
1443 819 1651 860 Agathocles

955 871 1030 902 eod.
1046 875 1201 910 tempore
1217 870 1439 901 infestabatur
1455 870 1653 908 saevissime,

955 920 1009 951 liic
1039 925 1357 960 commemorantur,
1393 926 1431 952 ut
1471 930 1513 951 ex
1541 920 1654 950 verbis

957 971 1070 1001 statim
1086 981 1180 1011 seqq.
1203 973 1211 988 ‘
1228 971 1273 1001 Et
1289 972 1380 1002 inter
1396 979 1431 1001 se
1447 971 1591 1001 alterum
1610 970 1656 1000 al-

957 1020 1063 1051 terius
1078 1020 1181 1051 malo’
1207 1021 1305 1062 (cura
1321 1021 1474 1051 nimirum
1502 1030 1528 1051 s.
1557 1020 1656 1060 aegri-

958 1070 1040 1102 tudo
1056 1075 1090 1102 et
1114 1071 1238 1113 morbi)
1265 1074 1272 1088 ‘
1290 1070 1484 1110 cresceret‚’
1508 1074 1657 1108 constat,

961 1122 1066 1152 Graev.
1103 1122 1287 1152 Historiam
1302 1121 1408 1152 morbi
1422 1125 1522 1162 atque
1537 1119 1656 1151 mortis

959 1171 1155 1212 Agathoclis
1179 1171 1357 1212 descripsit
1372 1171 1472 1202 Diod.
1488 1171 1561 1201 Ecl.
1579 1178 1656 1201 xxr.

961 1226 1011 1254 12.
1032 1223 1070 1253 ‘0
1084 1221 1116 1252 δὲ
1131 1220 1289 1261 βασιλεὺς,
1312 1220 1417 1251 εἰωθὼς
1431 1220 1508 1259 μετὰ
1522 1219 1559 1250 τὸ
1575 1220 1657 1250 δεῖπ-

960 1284 1011 1303 νον
1031 1272 1077 1303 ἀεὶ
1095 1273 1195 1312 πτερῷ
1215 1270 1456 1311 διακαθαίρεσθαι
1478 1269 1549 1301 τοὺς
1573 1269 1656 1300 ὄδον-

959 1335 1028 1362 τας,
1052 1321 1214 1354 ἀπολυθεὶς
1241 1323 1297 1352 τοῦ
1318 1320 1424 1361 πότου,
1445 1320 1501 1351 τὸν
1518 1319 1658 1350 Μαίνωνα

960 1373 998 1405 τὸ
1013 1372 1125 1414 πτερὸν
1147 1372 1271 1414 ᾔτησεν·
1297 1371 1364 1402 εἶτα
1389 1373 1405 1402 ὁ
1429 1370 1486 1411 μὲν
1511 1370 1658 1411 φαρμάκῳ

961 1425 1098 1463 σηπτικῷ
1112 1423 1221 1464 χρίσας
1236 1421 1399 1454 ἀπέδωκεν.
1443 1422 1480 1452 Ὁ
1495 1421 1527 1452 δὲ
1541 1420 1659 1462 χρησά-

962 1486 1050 1514 μενος
1074 1474 1154 1512 αὐτῷ
1170 1472 1417 1513 φιλοτιμώτερον,
1428 1472 1476 1502 διὰ
1485 1471 1542 1508 τὴν
1557 1471 1660 1510 ἄγνοι-

964 1536 1010 1564 αν,
1024 1524 1121 1562 ἥψατο
1134 1523 1328 1562 πανταχόθεν
1342 1523 1398 1559 τῆς
1419 1521 1486 1562 περὶ
1504 1523 1560 1559 τῆς
1578 1521 1662 1552 ὀδόν-

963 1587 1020 1606 τας
1032 1573 1153 1615 σαρκός·
1170 1572 1220 1604 καὶ
1232 1574 1351 1613 πρῶτον
1362 1572 1417 1612 μὲν
1427 1572 1513 1603 πόνοι
1522 1574 1662 1612 συνεχεῖς

965 1624 1119 1664 ἐγένοντο,
1136 1623 1185 1654 καὶ
1200 1624 1263 1655 καθ’
1275 1622 1388 1664 ἡμέραν
1402 1622 1552 1655 ἐπιτάσεις
1564 1623 1662 1662 ἄλγη-

966 1675 1067 1707 δόνων·
1091 1674 1196 1706 ἔπειτα
1222 1673 1385 1711 σηπεδόνες
1412 1673 1534 1705 ἀνίατον
1560 1672 1663 1711 πάντη

964 1726 1036 1758 τοὺς
1048 1726 1172 1758 ὄδοντας
1185 1726 1347 1766 περιεῖχον.
1385 1725 1430 1755 Et
1447 1724 1546 1764 paulo
1563 1728 1661 1763 post:

966 1775 1054 1807 Μετὰ
1070 1774 1217 1805 δὲταῦτα
1242 1773 1298 1804 τὸν
1320 1772 1456 1809 βασιλέα
1478 1771 1664 1812 διακείμενον

967 1826 1106 1866 ἐσχάτως
1137 1827 1194 1864 ἤδη
1224 1825 1390 1863 κατέθηκεν
1417 1824 1466 1856 ἐπὶ
1489 1826 1544 1861 τῆς
1568 1826 1664 1865 πυρᾶς

964 1876 1120 1916 Ὀξύθεμις
1146 1877 1162 1907 ὁ
1189 1875 1336 1915 πεμφθεὶς
1352 1875 1408 1905 ὑπὸ
1423 1874 1596 1916 Δημητρίου
1608 1878 1664 1908 τοῦ

966 1925 1132 1966 βασιλέως,
1153 1926 1203 1957 καὶ
1219 1924 1406 1956 κατέκαυσεν
1423 1924 1497 1955 ὄντα
1510 1923 1566 1964 μὲν
1590 1923 1664 1963 ἔμπ-

965 1989 1035 2009 νουν
1050 1975 1108 2016 ἔτι,
1127 1976 1174 2007 διὰ
1190 1974 1223 2006 δὲ
1236 1975 1294 2012 τὴν
1315 1973 1450 2012 ἰδιότητα
1463 1976 1517 2011 τῆς
1528 1974 1596 2014 περὶ
1611 1974 1666 2011 τὴν

967 2026 1119 2065 σηπεδόνα
1141 2026 1298 2067 συμφορᾶς
1323 2025 1358 2056 οὐ
1379 2023 1538 2064 δυνάμενον
1567 2024 1666 2065 φωνὴν

966 2078 1132 2121 προίεσθαι.

1012 2127 1184 2168 Temenum]
1208 2127 1304 2158 Unus
1331 2136 1349 2158 e
1366 2126 1451 2158 Mss.
1476 2127 1668 2158 Teonexam:

968 2179 993 2211 f.
1012 2179 1216 2210 Theoxenam.
1238 2177 1406 2216 Bongars.
1451 2176 1549 2208 Junt.
1577 2177 1669 2207 Theo-

966 2240 1091 2270 genam.
1105 2229 1220 2260 Graev.
1256 2228 1321 2258 Vel
1337 2232 1373 2258 tu
1389 2227 1553 2258 Theoenam
1569 2227 1668 2259 scrib.

968 2281 1023 2311 vel
1057 2279 1269 2310 Theuoeenam:
1303 2281 1357 2308 est
1397 2281 1509 2307 autem
1548 2286 1668 2307 nomen

970 2329 1139 2361 Doricum
1156 2338 1231 2369 pro,
1251 2327 1479 2359 Theoxenam.
1505 2327 1584 2358 Fab.

1014 2381 1065 2420 §7
1094 2380 1181 2410 Uxor
1203 2379 1270 2418 diu,
1291 2388 1330 2408 ne
1351 2377 1389 2408 ab
1414 2387 1498 2417 (egro
1513 2378 1669 2408 divellere-

970 2429 1038 2469 tur]
1061 2429 1102 2460 Id
1128 2438 1233 2468 genus
1256 2428 1429 2468 egregium
1453 2427 1533 2458 fidei
1556 2428 1670 2468 conju—

973 2480 1056 2520 galis
1072 2478 1263 2518 exemplum
1284 2483 1338 2509 est
1360 2479 1394 2508 in
1420 2479 1513 2509 Plut.
1531 2479 1669 2509 Erotico

972 2532 1027 2560 49.
1051 2527 1140 2569 quod
1172 2528 1274 2558 etiam
1295 2528 1378 2559 Tac.
1408 2528 1454 2558 H.
1482 2537 1530 2558 ιν.
1556 2531 1609 2559 67.
1634 2531 1668 2559 4.

974 2579 1097 2619 tangit,
1121 2582 1156 2608 et
1185 2578 1219 2608 in
1249 2577 1288 2608 iis
1318 2588 1394 2618 quae
1421 2578 1670 2618 desiderantur,

975 2628 1182 2670 perscripsit.
1212 2628 1318 2658 Plura
1329 2628 1405 2658 Val.
1422 2628 1473 2659 M.
1488 2637 1535 2658 vr.
1548 2630 1579 2659 7.
1605 2628 1669 2659 Ph.

976 2680 1147 2711 Camerar.
1175 2677 1245 2717 Op.
1270 2676 1401 2707 Subcis.
1421 2677 1560 2708 Centur.
1576 2686 1600 2708 1.
1615 2681 1669 2709 51.

976 2731 1081 2761 Certe
1097 2729 1186 2759 Vell.
1204 2737 1244 2759 11.
1267 2730 1320 2759 67.
1342 2727 1376 2757 id
1392 2727 1529 2758 notand.
1554 2728 1671 2768 tradit,

973 2781 984 2799 ⁴
1002 2779 1106 2811 fuisse
1122 2779 1155 2810 in
1171 2778 1380 2819 proscriptos
1402 2777 1515 2818 fidem,
1538 2784 1574 2810 nt
1589 2779 1673 2811 filio-

978 2840 1048 2861 rum
1080 2829 1218 2868 nullam,
1247 2837 1418 2859 servorum
1446 2829 1603 2869 aliquam,
1638 2830 1674 2860 li·

977 2881 1149 2913 bertorum
1167 2876 1325 2919 inediam,
1348 2878 1395 2909 sic
1423 2888 1562 2910 uxorum
1587 2890 1672 2911 sum-
