<?xml version="1.0" encoding="UTF-8"?>
<!DOCTYPE html PUBLIC "-//W3C//DTD XHTML 1.0 Transitional//EN"
    "http://www.w3.org/TR/xhtml1/DTD/xhtml1-transitional.dtd">
<html xmlns="http://www.w3.org/1999/xhtml" xml:lang="en" lang="en">
 <head>
  <title>
</title>
<meta http-equiv="Content-Type" content="text/html;charset=utf-8" />
  <meta name='ocr-system' content='tesseract 3.04.00' />
  <meta name='ocr-capabilities' content='ocr_page ocr_carea ocr_par ocr_line ocrx_word'/>
</head>
<body>
  <div class='ocr_page' id='page_1' title='image "./historiaephilipp02just/historiaephilipp02just_0427.png"; bbox 0 0 2101 3419; ppageno 0'>
   <div class='ocr_carea' id='block_1_1' title="bbox 546 364 1256 407">
    <p class='ocr_par' dir='ltr' id='par_1_1' title="bbox 546 364 1256 407">
     <span class='ocr_line' id='line_1_1' title="bbox 546 364 1256 407; baseline -0.004 0"><span class='ocrx_word' id='word_1_1' title='bbox 546 375 740 407; x_wconf 76' lang='lat' dir='ltr'>JUSTINI</span> <span class='ocrx_word' id='word_1_2' title='bbox 773 375 866 406; x_wconf 87' lang='lat' dir='ltr'>LlB.</span> <span class='ocrx_word' id='word_1_3' title='bbox 897 374 1043 406; x_wconf 77' lang='lat' dir='ltr'>xmu.</span> <span class='ocrx_word' id='word_1_4' title='bbox 1074 375 1183 406; x_wconf 80' lang='lat' dir='ltr'><strong>GAP.</strong></span> <span class='ocrx_word' id='word_1_5' title='bbox 1214 364 1256 405; x_wconf 85' lang='lat'>3.</span> 
     </span>
    </p>
   </div>
   <div class='ocr_carea' id='block_1_2' title="bbox 186 468 884 812">
    <p class='ocr_par' dir='ltr' id='par_1_2' title="bbox 186 468 881 608">
     <span class='ocr_line' id='line_1_2' title="bbox 186 468 880 510; baseline -0.003 -9"><span class='ocrx_word' id='word_1_6' title='bbox 186 470 305 502; x_wconf 78' lang='lat' dir='ltr'>Martis</span> <span class='ocrx_word' id='word_1_7' title='bbox 318 479 406 510; x_wconf 80' lang='lat' dir='ltr'>eosp.</span> <span class='ocrx_word' id='word_1_8' title='bbox 413 469 444 508; x_wconf 87' lang='lat' dir='ltr'>f.</span> <span class='ocrx_word' id='word_1_9' title='bbox 476 469 528 501; x_wconf 85' lang='lat' dir='ltr'>Ex</span> <span class='ocrx_word' id='word_1_10' title='bbox 543 469 662 500; x_wconf 81' lang='lat' dir='ltr'>Martis</span> <span class='ocrx_word' id='word_1_11' title='bbox 677 480 726 500; x_wconf 91' lang='lat' dir='ltr'>eos</span> <span class='ocrx_word' id='word_1_12' title='bbox 730 468 880 510; x_wconf 56' lang='lat' dir='ltr'>iunctim</span> 
     </span>
     <span class='ocr_line' id='line_1_3' title="bbox 186 519 881 561; baseline -0.001 -10"><span class='ocrx_word' id='word_1_13' title='bbox 186 521 334 561; x_wconf 86' lang='lat' dir='ltr'>scriptis,</span> <span class='ocrx_word' id='word_1_14' title='bbox 369 519 498 552; x_wconf 81' lang='lat' dir='ltr'>factum</span> <span class='ocrx_word' id='word_1_15' title='bbox 531 525 608 561; x_wconf 87' lang='lat' dir='ltr'>post</span> <span class='ocrx_word' id='word_1_16' title='bbox 644 525 696 551; x_wconf 91' lang='lat' dir='ltr'>est</span> <span class='ocrx_word' id='word_1_17' title='bbox 733 519 881 550; x_wconf 85' lang='lat' dir='ltr'>Martios.</span> 
     </span>
     <span class='ocr_line' id='line_1_4' title="bbox 186 569 292 608; baseline 0.009 -8"><span class='ocrx_word' id='word_1_18' title='bbox 186 569 292 608; x_wconf 80' lang='lat' dir='ltr'>Schef.</span> 
     </span>
    </p>

    <p class='ocr_par' dir='ltr' id='par_1_3' title="bbox 187 616 884 705">
     <span class='ocr_line' id='line_1_5' title="bbox 230 616 884 659; baseline -0.003 -8"><span class='ocrx_word' id='word_1_19' title='bbox 230 619 331 651; x_wconf 77' lang='lat' dir='ltr'>Enixi</span> <span class='ocrx_word' id='word_1_20' title='bbox 359 619 447 659; x_wconf 85' lang='lat' dir='ltr'>sunt]</span> <span class='ocrx_word' id='word_1_21' title='bbox 497 618 707 658; x_wconf 86' lang='lat' dir='ltr'>Notandum,</span> <span class='ocrx_word' id='word_1_22' title='bbox 735 616 884 659; x_wconf 85' lang='lat' dir='ltr'>passive.</span> 
     </span>
     <span class='ocr_line' id='line_1_6' title="bbox 187 673 299 705; baseline -0.018 0"><span class='ocrx_word' id='word_1_23' title='bbox 187 673 299 705; x_wconf 78' lang='lat' dir='ltr'>Faber.</span> 
     </span>
    </p>

    <p class='ocr_par' dir='ltr' id='par_1_4' title="bbox 187 719 884 812">
     <span class='ocr_line' id='line_1_7' title="bbox 230 719 884 763; baseline -0.006 -10"><span class='ocrx_word' id='word_1_24' title='bbox 230 723 249 763; x_wconf 50' lang='grc' dir='ltr'>ᾧ</span> <span class='ocrx_word' id='word_1_25' title='bbox 263 725 284 752; x_wconf 82' lang='lat'>9</span> <span class='ocrx_word' id='word_1_26' title='bbox 304 721 408 753; x_wconf 78' lang='lat' dir='ltr'>Veluti</span> <span class='ocrx_word' id='word_1_27' title='bbox 422 721 485 761; x_wconf 82' lang='lat' dir='ltr'>ipse</span> <span class='ocrx_word' id='word_1_28' title='bbox 496 723 584 761; x_wconf 81' lang='lat' dir='ltr'>esset,</span> <span class='ocrx_word' id='word_1_29' title='bbox 596 721 673 760; x_wconf 82' lang='lat' dir='ltr'>quod</span> <span class='ocrx_word' id='word_1_30' title='bbox 687 719 721 750; x_wconf 78' lang='lat' dir='ltr'>in</span> <span class='ocrx_word' id='word_1_31' title='bbox 733 719 805 750; x_wconf 82' lang='lat' dir='ltr'>aliis</span> <span class='ocrx_word' id='word_1_32' title='bbox 814 729 884 759; x_wconf 84' lang='lat' dir='ltr'>pro-</span> 
     </span>
     <span class='ocr_line' id='line_1_8' title="bbox 187 770 884 812; baseline -0.006 -8"><span class='ocrx_word' id='word_1_33' title='bbox 187 772 324 812; x_wconf 78' lang='lat' dir='ltr'>hibebat]</span> <span class='ocrx_word' id='word_1_34' title='bbox 360 771 489 802; x_wconf 79' lang='lat' dir='ltr'>Vereor</span> <span class='ocrx_word' id='word_1_35' title='bbox 510 781 553 802; x_wconf 91' lang='lat' dir='ltr'>ne</span> <span class='ocrx_word' id='word_1_36' title='bbox 567 771 639 802; x_wconf 88' lang='lat' dir='ltr'>haec</span> <span class='ocrx_word' id='word_1_37' title='bbox 655 770 884 811; x_wconf 84' lang='lat' dir='ltr'>perverterint</span> 
     </span>
    </p>
   </div>
   <div class='ocr_carea' id='block_1_3' title="bbox 186 820 900 861">
    <p class='ocr_par' dir='ltr' id='par_1_5' title="bbox 186 820 900 861">
     <span class='ocr_line' id='line_1_9' title="bbox 186 820 900 861; baseline -0.004 -8"><span class='ocrx_word' id='word_1_38' title='bbox 186 822 323 854; x_wconf 86' lang='lat' dir='ltr'>librarii.</span> <span class='ocrx_word' id='word_1_39' title='bbox 366 822 458 853; x_wconf 91' lang='lat' dir='ltr'>Num</span> <span class='ocrx_word' id='word_1_40' title='bbox 488 820 650 852; x_wconf 88' lang='lat' dir='ltr'>dicimus:</span> <span class='ocrx_word' id='word_1_41' title='bbox 688 820 768 861; x_wconf 89' lang='lat' dir='ltr'>Ipse</span> <span class='ocrx_word' id='word_1_42' title='bbox 798 829 900 859; x_wconf 60' lang='lat' dir='ltr'>sum,</span> 
     </span>
    </p>
   </div>
   <div class='ocr_carea' id='block_1_4' title="bbox 178 870 900 2966">
    <p class='ocr_par' dir='ltr' id='par_1_6' title="bbox 178 870 887 1353">
     <span class='ocr_line' id='line_1_10' title="bbox 187 870 884 913; baseline -0.003 -11"><span class='ocrx_word' id='word_1_43' title='bbox 187 871 277 913; x_wconf 86' lang='lat' dir='ltr'>quod</span> <span class='ocrx_word' id='word_1_44' title='bbox 292 871 325 902; x_wconf 92' lang='lat' dir='ltr'>in</span> <span class='ocrx_word' id='word_1_45' title='bbox 348 871 422 902; x_wconf 88' lang='lat' dir='ltr'>aliis</span> <span class='ocrx_word' id='word_1_46' title='bbox 446 870 635 911; x_wconf 82' lang='lat' dir='ltr'>prohibeo?</span> <span class='ocrx_word' id='word_1_47' title='bbox 673 870 748 901; x_wconf 73' lang='lat' dir='ltr'>Iino</span> <span class='ocrx_word' id='word_1_48' title='bbox 771 870 820 901; x_wconf 91' lang='lat' dir='ltr'>sic</span> <span class='ocrx_word' id='word_1_49' title='bbox 836 870 884 900; x_wconf 89' lang='lat' dir='ltr'>lo-</span> 
     </span>
     <span class='ocr_line' id='line_1_11' title="bbox 187 915 884 962; baseline -0.001 -11"><span class='ocrx_word' id='word_1_50' title='bbox 187 915 398 962; x_wconf 76' lang='lat' dir='ltr'>quimur‚&#39;et</span> <span class='ocrx_word' id='word_1_51' title='bbox 428 921 523 952; x_wconf 85' lang='lat' dir='ltr'>Vett.</span> <span class='ocrx_word' id='word_1_52' title='bbox 552 919 602 951; x_wconf 88' lang='lat' dir='ltr'>sic</span> <span class='ocrx_word' id='word_1_53' title='bbox 635 919 884 961; x_wconf 85' lang='lat' dir='ltr'>loquebantur:</span> 
     </span>
     <span class='ocr_line' id='line_1_12' title="bbox 186 969 885 1011; baseline -0.004 -9"><span class='ocrx_word' id='word_1_54' title='bbox 186 971 269 1011; x_wconf 87' lang='lat' dir='ltr'>Ipse</span> <span class='ocrx_word' id='word_1_55' title='bbox 301 980 378 1011; x_wconf 85' lang='lat' dir='ltr'>ago,</span> <span class='ocrx_word' id='word_1_56' title='bbox 414 969 505 1011; x_wconf 86' lang='lat' dir='ltr'>quod</span> <span class='ocrx_word' id='word_1_57' title='bbox 538 969 573 1000; x_wconf 91' lang='lat' dir='ltr'>in</span> <span class='ocrx_word' id='word_1_58' title='bbox 602 969 675 1000; x_wconf 86' lang='lat' dir='ltr'>aliis</span> <span class='ocrx_word' id='word_1_59' title='bbox 714 969 885 1010; x_wconf 80' lang='lat' dir='ltr'>prohibeo,</span> 
     </span>
     <span class='ocr_line' id='line_1_13' title="bbox 187 1019 886 1060; baseline 0 -9"><span class='ocrx_word' id='word_1_60' title='bbox 187 1020 317 1052; x_wconf 88' lang='lat' dir='ltr'>Censeo</span> <span class='ocrx_word' id='word_1_61' title='bbox 332 1019 439 1060; x_wconf 85' lang='lat' dir='ltr'>igitur</span> <span class='ocrx_word' id='word_1_62' title='bbox 453 1019 546 1051; x_wconf 88' lang='lat' dir='ltr'><strong>Just.</strong></span> <span class='ocrx_word' id='word_1_63' title='bbox 568 1019 757 1059; x_wconf 80' lang='lat' dir='ltr'>scripsisse,</span> <span class='ocrx_word' id='word_1_64' title='bbox 770 1029 802 1050; x_wconf 87' lang='lat' dir='ltr'>v.</span> <span class='ocrx_word' id='word_1_65' title='bbox 820 1019 886 1059; x_wconf 80' lang='lat' dir='ltr'>ipse</span> 
     </span>
     <span class='ocr_line' id='line_1_14' title="bbox 178 1068 886 1110; baseline -0.003 -9"><span class='ocrx_word' id='word_1_66' title='bbox 178 1068 316 1110; x_wconf 79' lang='lat' dir='ltr'>fecisset,</span> <span class='ocrx_word' id='word_1_67' title='bbox 337 1079 368 1110; x_wconf 81' lang='lat' dir='ltr'>q.</span> <span class='ocrx_word' id='word_1_68' title='bbox 398 1068 516 1100; x_wconf 88' lang='lat' dir='ltr'>Graev.</span> <span class='ocrx_word' id='word_1_69' title='bbox 574 1068 717 1102; x_wconf 83' lang='lat' dir='ltr'>‘Quod’</span> <span class='ocrx_word' id='word_1_70' title='bbox 747 1078 813 1100; x_wconf 89' lang='lat' dir='ltr'>non</span> <span class='ocrx_word' id='word_1_71' title='bbox 842 1069 886 1100; x_wconf 91' lang='lat' dir='ltr'>ad</span> 
     </span>
     <span class='ocr_line' id='line_1_15' title="bbox 187 1118 887 1161; baseline -0.004 -9"><span class='ocrx_word' id='word_1_72' title='bbox 187 1120 422 1160; x_wconf 79' lang='lat' dir='ltr'>substantiam,</span> <span class='ocrx_word' id='word_1_73' title='bbox 437 1119 497 1151; x_wconf 89' lang='lat' dir='ltr'>sed</span> <span class='ocrx_word' id='word_1_74' title='bbox 513 1118 556 1150; x_wconf 91' lang='lat' dir='ltr'>ad</span> <span class='ocrx_word' id='word_1_75' title='bbox 571 1119 770 1161; x_wconf 86' lang='lat' dir='ltr'>qualitatem</span> <span class='ocrx_word' id='word_1_76' title='bbox 787 1119 887 1160; x_wconf 87' lang='lat' dir='ltr'>signi-</span> 
     </span>
     <span class='ocr_line' id='line_1_16' title="bbox 187 1169 887 1211; baseline -0.001 -9"><span class='ocrx_word' id='word_1_77' title='bbox 187 1170 356 1203; x_wconf 88' lang='lat' dir='ltr'>ficandam</span> <span class='ocrx_word' id='word_1_78' title='bbox 394 1170 579 1211; x_wconf 84' lang='lat' dir='ltr'>pertinens.</span> <span class='ocrx_word' id='word_1_79' title='bbox 631 1169 688 1201; x_wconf 92' lang='lat' dir='ltr'>Sic</span> <span class='ocrx_word' id='word_1_80' title='bbox 719 1177 828 1201; x_wconf 78' lang='lat' dir='ltr'>xvm.</span> <span class='ocrx_word' id='word_1_81' title='bbox 856 1171 887 1201; x_wconf 83' lang='lat'>3.</span> 
     </span>
     <span class='ocr_line' id='line_1_17' title="bbox 191 1220 887 1262; baseline -0.006 -8"><span class='ocrx_word' id='word_1_82' title='bbox 191 1223 201 1239; x_wconf 92' lang='lat'>‘</span> <span class='ocrx_word' id='word_1_83' title='bbox 216 1222 317 1255; x_wconf 84' lang='lat' dir='ltr'>Quod</span> <span class='ocrx_word' id='word_1_84' title='bbox 333 1222 398 1262; x_wconf 92' lang='lat' dir='ltr'>ipsi</span> <span class='ocrx_word' id='word_1_85' title='bbox 411 1230 475 1252; x_wconf 92' lang='lat' dir='ltr'>non</span> <span class='ocrx_word' id='word_1_86' title='bbox 487 1225 598 1261; x_wconf 88' lang='lat' dir='ltr'>erant,</span> <span class='ocrx_word' id='word_1_87' title='bbox 613 1220 738 1252; x_wconf 84' lang='lat' dir='ltr'>liberos</span> <span class='ocrx_word' id='word_1_88' title='bbox 750 1229 887 1260; x_wconf 88' lang='lat' dir='ltr'>procre-</span> 
     </span>
     <span class='ocr_line' id='line_1_18' title="bbox 191 1270 887 1311; baseline -0.003 -8"><span class='ocrx_word' id='word_1_89' title='bbox 191 1271 274 1303; x_wconf 87' lang='lat' dir='ltr'>ant.&#39;</span> <span class='ocrx_word' id='word_1_90' title='bbox 313 1271 391 1303; x_wconf 82' lang='lat' dir='ltr'>vid.</span> <span class='ocrx_word' id='word_1_91' title='bbox 407 1276 444 1303; x_wconf 91' lang='lat' dir='ltr'>et</span> <span class='ocrx_word' id='word_1_92' title='bbox 466 1271 525 1302; x_wconf 90' lang='lat' dir='ltr'>lib.</span> <span class='ocrx_word' id='word_1_93' title='bbox 542 1271 584 1303; x_wconf 92' lang='lat' dir='ltr'>de</span> <span class='ocrx_word' id='word_1_94' title='bbox 609 1271 684 1304; x_wconf 88' lang='lat' dir='ltr'>Lat.</span> <span class='ocrx_word' id='word_1_95' title='bbox 700 1270 725 1302; x_wconf 88' lang='lat' dir='ltr'>f.</span> <span class='ocrx_word' id='word_1_96' title='bbox 749 1280 840 1311; x_wconf 84' lang='lat' dir='ltr'>susp.</span> <span class='ocrx_word' id='word_1_97' title='bbox 854 1274 887 1301; x_wconf 88' lang='grc'>5.</span> 
     </span>
     <span class='ocr_line' id='line_1_19' title="bbox 195 1321 302 1353; baseline -0.019 0"><span class='ocrx_word' id='word_1_98' title='bbox 195 1321 302 1353; x_wconf 77' lang='lat' dir='ltr'>Vorst.</span> 
     </span>
    </p>

    <p class='ocr_par' dir='ltr' id='par_1_7' title="bbox 189 1370 888 1502">
     <span class='ocr_line' id='line_1_20' title="bbox 235 1370 886 1410; baseline -0.002 -8"><span class='ocrx_word' id='word_1_99' title='bbox 235 1370 370 1402; x_wconf 79' lang='lat' dir='ltr'>Crimini</span> <span class='ocrx_word' id='word_1_100' title='bbox 383 1370 491 1410; x_wconf 78' lang='lat' dir='ltr'>datur]</span> <span class='ocrx_word' id='word_1_101' title='bbox 520 1370 620 1401; x_wconf 88' lang='lat' dir='ltr'>Alter</span> <span class='ocrx_word' id='word_1_102' title='bbox 635 1379 677 1401; x_wconf 87' lang='lat' dir='ltr'>ex</span> <span class='ocrx_word' id='word_1_103' title='bbox 687 1370 770 1401; x_wconf 84' lang='lat' dir='ltr'>Mss.</span> <span class='ocrx_word' id='word_1_104' title='bbox 788 1370 886 1401; x_wconf 86' lang='lat' dir='ltr'>Fnld.</span> 
     </span>
     <span class='ocr_line' id='line_1_21' title="bbox 189 1419 888 1462; baseline -0.001 -10"><span class='ocrx_word' id='word_1_105' title='bbox 189 1421 450 1462; x_wconf 80' lang='lat' dir='ltr'>criminaturque:</span> <span class='ocrx_word' id='word_1_106' title='bbox 486 1420 530 1451; x_wconf 87' lang='lat' dir='ltr'>de</span> <span class='ocrx_word' id='word_1_107' title='bbox 554 1429 620 1462; x_wconf 89' lang='lat' dir='ltr'>quo</span> <span class='ocrx_word' id='word_1_108' title='bbox 642 1420 743 1451; x_wconf 86' lang='lat' dir='ltr'>etiam</span> <span class='ocrx_word' id='word_1_109' title='bbox 766 1419 888 1451; x_wconf 82' lang='lat' dir='ltr'>videri-</span> 
     </span>
     <span class='ocr_line' id='line_1_22' title="bbox 192 1470 488 1502; baseline -0.003 0"><span class='ocrx_word' id='word_1_110' title='bbox 192 1480 266 1502; x_wconf 90' lang='lat' dir='ltr'>mus</span> <span class='ocrx_word' id='word_1_111' title='bbox 283 1470 375 1502; x_wconf 84' lang='lat' dir='ltr'>alias.</span> <span class='ocrx_word' id='word_1_112' title='bbox 399 1470 488 1501; x_wconf 78' lang='lat' dir='ltr'>Mod.</span> 
     </span>
    </p>

    <p class='ocr_par' dir='ltr' id='par_1_8' title="bbox 192 1520 890 1703">
     <span class='ocr_line' id='line_1_23' title="bbox 236 1520 888 1563; baseline -0.003 -10"><span class='ocrx_word' id='word_1_113' title='bbox 236 1523 254 1563; x_wconf 56' lang='grc' dir='ltr'><strong>ξ</strong></span> <span class='ocrx_word' id='word_1_114' title='bbox 275 1524 316 1553; x_wconf 88' lang='grc'>10</span> <span class='ocrx_word' id='word_1_115' title='bbox 341 1522 382 1553; x_wconf 83' lang='lat' dir='ltr'>In</span> <span class='ocrx_word' id='word_1_116' title='bbox 405 1521 575 1553; x_wconf 77' lang='lat' dir='ltr'>vindictam</span> <span class='ocrx_word' id='word_1_117' title='bbox 595 1531 641 1553; x_wconf 88' lang='lat' dir='ltr'>er.</span> <span class='ocrx_word' id='word_1_118' title='bbox 662 1530 690 1553; x_wconf 82' lang='lat' dir='ltr'>r.</span> <span class='ocrx_word' id='word_1_119' title='bbox 714 1520 888 1561; x_wconf 79' lang='lat' dir='ltr'>armantur]</span> 
     </span>
     <span class='ocr_line' id='line_1_24' title="bbox 192 1571 890 1612; baseline -0.003 -8"><span class='ocrx_word' id='word_1_120' title='bbox 192 1572 275 1612; x_wconf 88' lang='lat' dir='ltr'>Pro,</span> <span class='ocrx_word' id='word_1_121' title='bbox 307 1577 438 1604; x_wconf 90' lang='lat' dir='ltr'>armant</span> <span class='ocrx_word' id='word_1_122' title='bbox 460 1581 508 1603; x_wconf 87' lang='lat' dir='ltr'>se.</span> <span class='ocrx_word' id='word_1_123' title='bbox 561 1572 690 1612; x_wconf 88' lang='lat' dir='ltr'>Estque</span> <span class='ocrx_word' id='word_1_124' title='bbox 715 1571 777 1602; x_wconf 92' lang='lat' dir='ltr'>hoc</span> <span class='ocrx_word' id='word_1_125' title='bbox 805 1571 890 1602; x_wconf 89' lang='lat' dir='ltr'>illud</span> 
     </span>
     <span class='ocr_line' id='line_1_25' title="bbox 192 1621 890 1663; baseline 0 -11"><span class='ocrx_word' id='word_1_126' title='bbox 192 1623 283 1663; x_wconf 90' lang='lat' dir='ltr'>quod</span> <span class='ocrx_word' id='word_1_127' title='bbox 312 1632 386 1663; x_wconf 91' lang='lat' dir='ltr'>sup.</span> <span class='ocrx_word' id='word_1_128' title='bbox 423 1631 557 1663; x_wconf 92' lang='lat' dir='ltr'>quoque</span> <span class='ocrx_word' id='word_1_129' title='bbox 594 1621 720 1653; x_wconf 84' lang='lat' dir='ltr'>alicubi</span> <span class='ocrx_word' id='word_1_130' title='bbox 753 1621 890 1662; x_wconf 87' lang='lat' dir='ltr'>legend.</span> 
     </span>
     <span class='ocr_line' id='line_1_26' title="bbox 193 1671 532 1703; baseline 0 -1"><span class='ocrx_word' id='word_1_131' title='bbox 193 1671 400 1703; x_wconf 86' lang='lat' dir='ltr'>dicebamus.</span> <span class='ocrx_word' id='word_1_132' title='bbox 429 1672 532 1703; x_wconf 78' lang='lat' dir='ltr'>Vorst.</span> 
     </span>
    </p>

    <p class='ocr_par' dir='ltr' id='par_1_9' title="bbox 194 1721 891 1863">
     <span class='ocr_line' id='line_1_27' title="bbox 237 1721 891 1763; baseline -0.003 -9"><span class='ocrx_word' id='word_1_133' title='bbox 237 1723 325 1755; x_wconf 72' lang='lat' dir='ltr'>CAP.</span> <span class='ocrx_word' id='word_1_134' title='bbox 343 1731 399 1753; x_wconf 84' lang='lat'>111.</span> <span class='ocrx_word' id='word_1_135' title='bbox 422 1722 439 1762; x_wconf 58' lang='grc' dir='ltr'><strong>ξ</strong></span> <span class='ocrx_word' id='word_1_136' title='bbox 462 1724 481 1752; x_wconf 80' lang='lat'>2</span> <span class='ocrx_word' id='word_1_137' title='bbox 507 1721 737 1752; x_wconf 75' lang='lat' dir='ltr'>Constituitur:</span> <span class='ocrx_word' id='word_1_138' title='bbox 759 1724 832 1752; x_wconf 82' lang='lat' dir='ltr'>tunc</span> <span class='ocrx_word' id='word_1_139' title='bbox 846 1722 891 1763; x_wconf 85' lang='lat' dir='ltr'>et]</span> 
     </span>
     <span class='ocr_line' id='line_1_28' title="bbox 194 1771 891 1812; baseline 0 -10"><span class='ocrx_word' id='word_1_140' title='bbox 194 1771 325 1803; x_wconf 88' lang='lat' dir='ltr'>Vocula</span> <span class='ocrx_word' id='word_1_141' title='bbox 340 1775 412 1803; x_wconf 81' lang='lat' dir='ltr'>tunc</span> <span class='ocrx_word' id='word_1_142' title='bbox 427 1771 574 1803; x_wconf 91' lang='lat' dir='ltr'>delenda</span> <span class='ocrx_word' id='word_1_143' title='bbox 591 1776 653 1811; x_wconf 85' lang='lat' dir='ltr'>est,</span> <span class='ocrx_word' id='word_1_144' title='bbox 669 1772 794 1812; x_wconf 88' lang='lat' dir='ltr'>quippe</span> <span class='ocrx_word' id='word_1_145' title='bbox 810 1777 891 1802; x_wconf 87' lang='lat' dir='ltr'>nata</span> 
     </span>
     <span class='ocr_line' id='line_1_29' title="bbox 194 1821 891 1863; baseline -0.001 -10"><span class='ocrx_word' id='word_1_146' title='bbox 194 1831 238 1853; x_wconf 86' lang='lat' dir='ltr'>ex</span> <span class='ocrx_word' id='word_1_147' title='bbox 255 1822 388 1863; x_wconf 89' lang='lat' dir='ltr'>syllaba</span> <span class='ocrx_word' id='word_1_148' title='bbox 402 1825 467 1861; x_wconf 83' lang='lat' dir='ltr'>tur,</span> <span class='ocrx_word' id='word_1_149' title='bbox 485 1832 558 1863; x_wconf 85' lang='lat' dir='ltr'>quae</span> <span class='ocrx_word' id='word_1_150' title='bbox 581 1822 761 1862; x_wconf 80' lang='lat' dir='ltr'>praecedit.</span> <span class='ocrx_word' id='word_1_151' title='bbox 784 1821 891 1860; x_wconf 79' lang='lat' dir='ltr'>Schef.</span> 
     </span>
    </p>

    <p class='ocr_par' dir='ltr' id='par_1_10' title="bbox 194 1872 900 2966">
     <span class='ocr_line' id='line_1_30' title="bbox 238 1872 892 1914; baseline -0.003 -10"><span class='ocrx_word' id='word_1_152' title='bbox 238 1875 256 1914; x_wconf 57' lang='grc' dir='ltr'><strong>ξ</strong></span> <span class='ocrx_word' id='word_1_153' title='bbox 272 1876 290 1903; x_wconf 85' lang='grc'><strong>3</strong></span> <span class='ocrx_word' id='word_1_154' title='bbox 308 1873 410 1912; x_wconf 79' lang='lat' dir='ltr'>Reges</span> <span class='ocrx_word' id='word_1_155' title='bbox 424 1873 529 1903; x_wconf 77' lang='lat' dir='ltr'>hastas</span> <span class='ocrx_word' id='word_1_156' title='bbox 545 1882 600 1912; x_wconf 80' lang='lat' dir='ltr'>pro</span> <span class='ocrx_word' id='word_1_157' title='bbox 615 1872 788 1903; x_wconf 81' lang='lat' dir='ltr'>diademate</span> <span class='ocrx_word' id='word_1_158' title='bbox 802 1872 892 1903; x_wconf 82' lang='lat' dir='ltr'>habe-</span> 
     </span>
     <span class='ocr_line' id='line_1_31' title="bbox 194 1923 891 1964; baseline 0.001 -10"><span class='ocrx_word' id='word_1_159' title='bbox 194 1923 283 1964; x_wconf 82' lang='lat' dir='ltr'>bant]</span> <span class='ocrx_word' id='word_1_160' title='bbox 309 1923 396 1954; x_wconf 89' lang='lat' dir='ltr'>Inde</span> <span class='ocrx_word' id='word_1_161' title='bbox 412 1923 560 1954; x_wconf 86' lang='lat' dir='ltr'>Homero</span> <span class='ocrx_word' id='word_1_162' title='bbox 577 1923 767 1962; x_wconf 85' lang='grc' dir='ltr'>σκηπτοῦχοι</span> <span class='ocrx_word' id='word_1_163' title='bbox 782 1932 891 1963; x_wconf 82' lang='lat' dir='ltr'>reges.</span> 
     </span>
     <span class='ocr_line' id='line_1_32' title="bbox 194 1973 893 2014; baseline -0.001 -10"><span class='ocrx_word' id='word_1_164' title='bbox 194 1973 276 2014; x_wconf 92' lang='lat' dir='ltr'>Sup.</span> <span class='ocrx_word' id='word_1_165' title='bbox 290 1982 398 2004; x_wconf 81' lang='lat' dir='ltr'>xxm.</span> <span class='ocrx_word' id='word_1_166' title='bbox 408 1976 439 2004; x_wconf 87' lang='lat'>4.</span> <span class='ocrx_word' id='word_1_167' title='bbox 451 1975 504 2004; x_wconf 92' lang='lat'>10.</span> <span class='ocrx_word' id='word_1_168' title='bbox 517 1982 594 2004; x_wconf 93' lang='lat' dir='ltr'>cum</span> <span class='ocrx_word' id='word_1_169' title='bbox 608 1973 751 2003; x_wconf 86' lang='lat' dir='ltr'>Hieroni</span> <span class='ocrx_word' id='word_1_170' title='bbox 762 1974 771 1989; x_wconf 92' lang='lat'>‘</span> <span class='ocrx_word' id='word_1_171' title='bbox 781 1973 893 2014; x_wconf 86' lang='lat' dir='ltr'>aquila</span> 
     </span>
     <span class='ocr_line' id='line_1_33' title="bbox 194 2023 894 2064; baseline 0.001 -10"><span class='ocrx_word' id='word_1_172' title='bbox 194 2023 229 2054; x_wconf 89' lang='lat' dir='ltr'>in</span> <span class='ocrx_word' id='word_1_173' title='bbox 241 2024 374 2064; x_wconf 85' lang='lat' dir='ltr'>clypeo,</span> <span class='ocrx_word' id='word_1_174' title='bbox 384 2027 506 2054; x_wconf 88' lang='lat' dir='ltr'>noctua</span> <span class='ocrx_word' id='word_1_175' title='bbox 519 2023 553 2054; x_wconf 90' lang='lat' dir='ltr'>in</span> <span class='ocrx_word' id='word_1_176' title='bbox 565 2023 660 2054; x_wconf 83' lang='lat' dir='ltr'>hasta</span> <span class='ocrx_word' id='word_1_177' title='bbox 671 2023 894 2064; x_wconf 83' lang='lat' dir='ltr'>consedisset,</span> 
     </span>
     <span class='ocr_line' id='line_1_34' title="bbox 196 2074 893 2114; baseline -0.001 -9"><span class='ocrx_word' id='word_1_178' title='bbox 196 2074 331 2105; x_wconf 88' lang='lat' dir='ltr'>consilio</span> <span class='ocrx_word' id='word_1_179' title='bbox 347 2078 496 2114; x_wconf 86' lang='lat' dir='ltr'>cautum,</span> <span class='ocrx_word' id='word_1_180' title='bbox 512 2077 550 2104; x_wconf 91' lang='lat' dir='ltr'>et</span> <span class='ocrx_word' id='word_1_181' title='bbox 571 2083 669 2104; x_wconf 87' lang='lat' dir='ltr'>manu</span> <span class='ocrx_word' id='word_1_182' title='bbox 686 2078 893 2114; x_wconf 85' lang='lat' dir='ltr'>promptum,</span> 
     </span>
     <span class='ocr_line' id='line_1_35' title="bbox 195 2123 894 2165; baseline 0.001 -10"><span class='ocrx_word' id='word_1_183' title='bbox 195 2133 377 2165; x_wconf 87' lang='lat' dir='ltr'>regemque</span> <span class='ocrx_word' id='word_1_184' title='bbox 423 2123 572 2154; x_wconf 87' lang='lat' dir='ltr'>futurum</span> <span class='ocrx_word' id='word_1_185' title='bbox 616 2124 894 2165; x_wconf 63' lang='lat' dir='ltr'>significabatur!</span> 
     </span>
     <span class='ocr_line' id='line_1_36' title="bbox 195 2173 894 2206; baseline 0.001 -2"><span class='ocrx_word' id='word_1_186' title='bbox 195 2173 296 2204; x_wconf 86' lang='lat' dir='ltr'>Paus.</span> <span class='ocrx_word' id='word_1_187' title='bbox 313 2173 346 2204; x_wconf 87' lang='lat' dir='ltr'>in</span> <span class='ocrx_word' id='word_1_188' title='bbox 356 2174 519 2204; x_wconf 88' lang='lat' dir='ltr'>Boeoticis</span> <span class='ocrx_word' id='word_1_189' title='bbox 532 2174 776 2205; x_wconf 87' lang='lat' dir='ltr'>Chaeronenses</span> <span class='ocrx_word' id='word_1_190' title='bbox 789 2174 894 2206; x_wconf 86' lang='lat' dir='ltr'>refert</span> 
     </span>
     <span class='ocr_line' id='line_1_37' title="bbox 197 2225 894 2267; baseline 0.001 -11"><span class='ocrx_word' id='word_1_191' title='bbox 197 2233 241 2256; x_wconf 85' lang='lat' dir='ltr'>ex</span> <span class='ocrx_word' id='word_1_192' title='bbox 261 2225 338 2256; x_wconf 89' lang='lat' dir='ltr'>Diis</span> <span class='ocrx_word' id='word_1_193' title='bbox 361 2229 534 2265; x_wconf 90' lang='lat' dir='ltr'>sceptrum</span> <span class='ocrx_word' id='word_1_194' title='bbox 561 2227 687 2265; x_wconf 88' lang='lat' dir='ltr'>colere,</span> <span class='ocrx_word' id='word_1_195' title='bbox 709 2227 796 2267; x_wconf 91' lang='lat' dir='ltr'>quod</span> <span class='ocrx_word' id='word_1_196' title='bbox 811 2227 894 2258; x_wconf 88' lang='lat' dir='ltr'>Vul-</span> 
     </span>
     <span class='ocr_line' id='line_1_38' title="bbox 196 2273 893 2314; baseline 0 -8"><span class='ocrx_word' id='word_1_197' title='bbox 196 2284 300 2306; x_wconf 88' lang='lat' dir='ltr'>canus</span> <span class='ocrx_word' id='word_1_198' title='bbox 317 2275 395 2307; x_wconf 89' lang='lat' dir='ltr'>Jovi</span> <span class='ocrx_word' id='word_1_199' title='bbox 410 2273 600 2314; x_wconf 85' lang='lat' dir='ltr'>fabricavit,</span> <span class='ocrx_word' id='word_1_200' title='bbox 615 2281 651 2306; x_wconf 87' lang='lat' dir='ltr'>et</span> <span class='ocrx_word' id='word_1_201' title='bbox 664 2275 698 2306; x_wconf 90' lang='lat' dir='ltr'>id</span> <span class='ocrx_word' id='word_1_202' title='bbox 720 2276 729 2292; x_wconf 91' lang='lat'>‘</span> <span class='ocrx_word' id='word_1_203' title='bbox 745 2275 893 2307; x_wconf 88' lang='lat' dir='ltr'>hastam&#39;</span> 
     </span>
     <span class='ocr_line' id='line_1_39' title="bbox 196 2325 894 2364; baseline 0.001 -9"><span class='ocrx_word' id='word_1_204' title='bbox 196 2334 333 2356; x_wconf 86' lang='lat' dir='ltr'>vocare.</span> <span class='ocrx_word' id='word_1_205' title='bbox 370 2325 528 2364; x_wconf 79' lang='lat' dir='ltr'>Bongurs.</span> <span class='ocrx_word' id='word_1_206' title='bbox 594 2325 697 2356; x_wconf 88' lang='lat' dir='ltr'>Unde</span> <span class='ocrx_word' id='word_1_207' title='bbox 734 2331 785 2357; x_wconf 89' lang='lat' dir='ltr'>est</span> <span class='ocrx_word' id='word_1_208' title='bbox 810 2326 894 2357; x_wconf 88' lang='lat' dir='ltr'>illud</span> 
     </span>
     <span class='ocr_line' id='line_1_40' title="bbox 198 2374 895 2416; baseline 0.004 -12"><span class='ocrx_word' id='word_1_209' title='bbox 198 2375 440 2414; x_wconf 86' lang='lat' dir='ltr'>Virgilianum:</span> <span class='ocrx_word' id='word_1_210' title='bbox 480 2375 489 2391; x_wconf 93' lang='lat'>‘</span> <span class='ocrx_word' id='word_1_211' title='bbox 506 2374 620 2414; x_wconf 91' lang='lat' dir='ltr'>Nunc,</span> <span class='ocrx_word' id='word_1_212' title='bbox 657 2385 676 2405; x_wconf 92' lang='lat' dir='ltr'>o</span> <span class='ocrx_word' id='word_1_213' title='bbox 714 2385 895 2416; x_wconf 87' lang='lat' dir='ltr'>numquam</span> 
     </span>
     <span class='ocr_line' id='line_1_41' title="bbox 199 2423 897 2457; baseline 0.003 -2"><span class='ocrx_word' id='word_1_214' title='bbox 199 2423 363 2455; x_wconf 84' lang='lat' dir='ltr'>frustrata</span> <span class='ocrx_word' id='word_1_215' title='bbox 390 2428 529 2454; x_wconf 86' lang='lat' dir='ltr'>vocatus</span> <span class='ocrx_word' id='word_1_216' title='bbox 552 2424 661 2455; x_wconf 86' lang='lat' dir='ltr'>Hasta</span> <span class='ocrx_word' id='word_1_217' title='bbox 690 2434 781 2456; x_wconf 90' lang='lat' dir='ltr'>meos</span> <span class='ocrx_word' id='word_1_218' title='bbox 795 2425 815 2456; x_wconf 85' lang='lat'>:’</span> <span class='ocrx_word' id='word_1_219' title='bbox 860 2430 897 2457; x_wconf 90' lang='lat' dir='ltr'>et</span> 
     </span>
     <span class='ocr_line' id='line_1_42' title="bbox 201 2474 897 2516; baseline 0.003 -12"><span class='ocrx_word' id='word_1_220' title='bbox 201 2475 250 2505; x_wconf 90' lang='lat' dir='ltr'>sic</span> <span class='ocrx_word' id='word_1_221' title='bbox 274 2484 328 2515; x_wconf 89' lang='lat' dir='ltr'>ap.</span> <span class='ocrx_word' id='word_1_222' title='bbox 346 2474 490 2514; x_wconf 79' lang='lat' dir='ltr'>AEscbyl.</span> <span class='ocrx_word' id='word_1_223' title='bbox 536 2474 806 2515; x_wconf 64' lang='lat' dir='ltr'>Parthenopaeus</span> <span class='ocrx_word' id='word_1_224' title='bbox 835 2485 897 2516; x_wconf 89' lang='lat' dir='ltr'>per</span> 
     </span>
     <span class='ocr_line' id='line_1_43' title="bbox 200 2526 895 2566; baseline 0.001 -10"><span class='ocrx_word' id='word_1_225' title='bbox 200 2527 330 2557; x_wconf 88' lang='lat' dir='ltr'>hastam</span> <span class='ocrx_word' id='word_1_226' title='bbox 341 2526 449 2566; x_wconf 87' lang='lat' dir='ltr'>jurat,</span> <span class='ocrx_word' id='word_1_227' title='bbox 474 2531 510 2557; x_wconf 91' lang='lat' dir='ltr'>et</span> <span class='ocrx_word' id='word_1_228' title='bbox 525 2535 598 2557; x_wconf 90' lang='lat' dir='ltr'>eam</span> <span class='ocrx_word' id='word_1_229' title='bbox 615 2526 696 2557; x_wconf 89' lang='lat' dir='ltr'>colit</span> <span class='ocrx_word' id='word_1_230' title='bbox 718 2536 779 2566; x_wconf 89' lang='lat' dir='ltr'>pro</span> <span class='ocrx_word' id='word_1_231' title='bbox 793 2527 870 2557; x_wconf 92' lang='lat' dir='ltr'>Deo</span> <span class='ocrx_word' id='word_1_232' title='bbox 885 2537 895 2564; x_wconf 82' lang='lat'>3</span> 
     </span>
     <span class='ocr_line' id='line_1_44' title="bbox 201 2575 897 2617; baseline 0 -11"><span class='ocrx_word' id='word_1_233' title='bbox 201 2580 348 2617; x_wconf 87' lang='lat' dir='ltr'>notaque</span> <span class='ocrx_word' id='word_1_234' title='bbox 360 2579 414 2606; x_wconf 86' lang='lat' dir='ltr'>est</span> <span class='ocrx_word' id='word_1_235' title='bbox 435 2575 533 2606; x_wconf 88' lang='lat' dir='ltr'>hasta</span> <span class='ocrx_word' id='word_1_236' title='bbox 555 2575 681 2614; x_wconf 83' lang='lat' dir='ltr'>Caenei,</span> <span class='ocrx_word' id='word_1_237' title='bbox 704 2575 804 2606; x_wconf 86' lang='lat' dir='ltr'>etiam</span> <span class='ocrx_word' id='word_1_238' title='bbox 822 2585 897 2615; x_wconf 90' lang='lat' dir='ltr'>pro-</span> 
     </span>
     <span class='ocr_line' id='line_1_45' title="bbox 201 2625 896 2667; baseline 0 -10"><span class='ocrx_word' id='word_1_239' title='bbox 201 2625 319 2657; x_wconf 83' lang='lat' dir='ltr'>verbio</span> <span class='ocrx_word' id='word_1_240' title='bbox 334 2625 518 2666; x_wconf 88' lang='lat' dir='ltr'>celebrata,</span> <span class='ocrx_word' id='word_1_241' title='bbox 540 2635 639 2667; x_wconf 90' lang='lat' dir='ltr'>quam</span> <span class='ocrx_word' id='word_1_242' title='bbox 660 2626 716 2656; x_wconf 86' lang='lat' dir='ltr'>ille</span> <span class='ocrx_word' id='word_1_243' title='bbox 733 2635 752 2655; x_wconf 95' lang='lat' dir='ltr'>a</span> <span class='ocrx_word' id='word_1_244' title='bbox 766 2625 896 2657; x_wconf 85' lang='lat' dir='ltr'>civibus</span> 
     </span>
     <span class='ocr_line' id='line_1_46' title="bbox 204 2675 897 2716; baseline 0 -9"><span class='ocrx_word' id='word_1_245' title='bbox 204 2680 240 2707; x_wconf 87' lang='lat' dir='ltr'>et</span> <span class='ocrx_word' id='word_1_246' title='bbox 267 2675 450 2707; x_wconf 88' lang='lat' dir='ltr'>viatoribus</span> <span class='ocrx_word' id='word_1_247' title='bbox 480 2675 557 2716; x_wconf 86' lang='lat' dir='ltr'>coli,</span> <span class='ocrx_word' id='word_1_248' title='bbox 580 2680 615 2706; x_wconf 88' lang='lat' dir='ltr'>et</span> <span class='ocrx_word' id='word_1_249' title='bbox 641 2676 735 2715; x_wconf 86' lang='lat' dir='ltr'>eujus</span> <span class='ocrx_word' id='word_1_250' title='bbox 764 2676 897 2707; x_wconf 89' lang='lat' dir='ltr'>nomine</span> 
     </span>
     <span class='ocr_line' id='line_1_47' title="bbox 199 2724 897 2766; baseline 0.001 -11"><span class='ocrx_word' id='word_1_251' title='bbox 199 2724 435 2766; x_wconf 84' lang='lat' dir='ltr'>jusjurandum</span> <span class='ocrx_word' id='word_1_252' title='bbox 465 2725 597 2765; x_wconf 85' lang='lat' dir='ltr'>concipi</span> <span class='ocrx_word' id='word_1_253' title='bbox 622 2724 780 2765; x_wconf 87' lang='lat' dir='ltr'>jubebat.</span> <span class='ocrx_word' id='word_1_254' title='bbox 823 2726 897 2757; x_wconf 79' lang='lat' dir='ltr'>Val.</span> 
     </span>
     <span class='ocr_line' id='line_1_48' title="bbox 203 2773 897 2814; baseline 0 -9"><span class='ocrx_word' id='word_1_255' title='bbox 203 2774 255 2805; x_wconf 90' lang='lat' dir='ltr'>Fl.</span> <span class='ocrx_word' id='word_1_256' title='bbox 299 2773 309 2790; x_wconf 91' lang='lat'>‘</span> <span class='ocrx_word' id='word_1_257' title='bbox 325 2773 421 2804; x_wconf 84' lang='lat' dir='ltr'>Hanc</span> <span class='ocrx_word' id='word_1_258' title='bbox 447 2783 509 2814; x_wconf 86' lang='lat' dir='ltr'>ego</span> <span class='ocrx_word' id='word_1_259' title='bbox 532 2774 734 2814; x_wconf 85' lang='lat' dir='ltr'>magnanimi</span> <span class='ocrx_word' id='word_1_260' title='bbox 755 2774 897 2814; x_wconf 88' lang='lat' dir='ltr'>spolium</span> 
     </span>
     <span class='ocr_line' id='line_1_49' title="bbox 203 2823 898 2865; baseline 0.001 -10"><span class='ocrx_word' id='word_1_261' title='bbox 203 2823 427 2864; x_wconf 86' lang='lat' dir='ltr'>Didymaonis</span> <span class='ocrx_word' id='word_1_262' title='bbox 446 2823 587 2864; x_wconf 84' lang='lat' dir='ltr'>hastam,</span> <span class='ocrx_word' id='word_1_263' title='bbox 603 2824 688 2856; x_wconf 81' lang='lat' dir='ltr'>Quae</span> <span class='ocrx_word' id='word_1_264' title='bbox 707 2824 898 2865; x_wconf 87' lang='lat' dir='ltr'>nequejam</span> 
     </span>
     <span class='ocr_line' id='line_1_50' title="bbox 204 2873 900 2916; baseline 0.003 -12"><span class='ocrx_word' id='word_1_265' title='bbox 204 2873 341 2905; x_wconf 82' lang='lat' dir='ltr'>frondes</span> <span class='ocrx_word' id='word_1_266' title='bbox 364 2873 499 2913; x_wconf 88' lang='lat' dir='ltr'>virides,</span> <span class='ocrx_word' id='word_1_267' title='bbox 523 2884 631 2916; x_wconf 91' lang='lat' dir='ltr'>neque</span> <span class='ocrx_word' id='word_1_268' title='bbox 656 2874 808 2915; x_wconf 88' lang='lat' dir='ltr'>proferet</span> <span class='ocrx_word' id='word_1_269' title='bbox 831 2885 900 2906; x_wconf 89' lang='lat' dir='ltr'>um·</span> 
     </span>
     <span class='ocr_line' id='line_1_51' title="bbox 205 2923 899 2966; baseline 0.004 -12"><span class='ocrx_word' id='word_1_270' title='bbox 205 2923 300 2964; x_wconf 84' lang='lat' dir='ltr'>bras,</span> <span class='ocrx_word' id='word_1_271' title='bbox 324 2923 374 2955; x_wconf 89' lang='lat' dir='ltr'>Ut</span> <span class='ocrx_word' id='word_1_272' title='bbox 395 2923 498 2955; x_wconf 86' lang='lat' dir='ltr'>semel</span> <span class='ocrx_word' id='word_1_273' title='bbox 524 2928 576 2955; x_wconf 89' lang='lat' dir='ltr'>est</span> <span class='ocrx_word' id='word_1_274' title='bbox 601 2924 716 2956; x_wconf 88' lang='lat' dir='ltr'>avulsa</span> <span class='ocrx_word' id='word_1_275' title='bbox 734 2924 838 2966; x_wconf 87' lang='lat' dir='ltr'>jugis,</span> <span class='ocrx_word' id='word_1_276' title='bbox 860 2935 899 2957; x_wconf 90' lang='lat' dir='ltr'>ac</span> 
     </span>
    </p>
   </div>
   <div class='ocr_carea' id='block_1_5' title="bbox 1515 363 1630 406">
    <p class='ocr_par' dir='ltr' id='par_1_11' title="bbox 1515 363 1630 406">
     <span class='ocr_line' id='line_1_52' title="bbox 1515 363 1630 406; baseline 0.009 -1"><span class='ocrx_word' id='word_1_277' title='bbox 1515 363 1630 406; x_wconf 78' lang='lat'>1029</span> 
     </span>
    </p>
   </div>
   <div class='ocr_carea' id='block_1_6' title="bbox 930 467 1644 2967">
    <p class='ocr_par' dir='ltr' id='par_1_12' title="bbox 930 467 1636 1612">
     <span class='ocr_line' id='line_1_53' title="bbox 930 467 1630 509; baseline 0.004 -11"><span class='ocrx_word' id='word_1_278' title='bbox 930 472 1039 499; x_wconf 86' lang='lat' dir='ltr'>matre</span> <span class='ocrx_word' id='word_1_279' title='bbox 1060 474 1249 509; x_wconf 89' lang='lat' dir='ltr'>perempta,</span> <span class='ocrx_word' id='word_1_280' title='bbox 1274 467 1360 500; x_wconf 85' lang='lat' dir='ltr'>Fida</span> <span class='ocrx_word' id='word_1_281' title='bbox 1384 469 1571 501; x_wconf 85' lang='lat' dir='ltr'>ministeria</span> <span class='ocrx_word' id='word_1_282' title='bbox 1594 473 1630 501; x_wconf 83' lang='lat' dir='ltr'>et</span> 
     </span>
     <span class='ocr_line' id='line_1_54' title="bbox 932 518 1631 560; baseline 0.003 -12"><span class='ocrx_word' id='word_1_283' title='bbox 932 518 1034 549; x_wconf 88' lang='lat' dir='ltr'>duras</span> <span class='ocrx_word' id='word_1_284' title='bbox 1060 519 1132 549; x_wconf 91' lang='lat' dir='ltr'>obit</span> <span class='ocrx_word' id='word_1_285' title='bbox 1153 518 1290 550; x_wconf 89' lang='lat' dir='ltr'>horrida</span> <span class='ocrx_word' id='word_1_286' title='bbox 1316 529 1457 560; x_wconf 86' lang='lat' dir='ltr'>pugnas,</span> <span class='ocrx_word' id='word_1_287' title='bbox 1471 519 1631 551; x_wconf 72' lang='lat' dir='ltr'>Testorz&#39;</span> 
     </span>
     <span class='ocr_line' id='line_1_55' title="bbox 931 569 1632 610; baseline 0.001 -11"><span class='ocrx_word' id='word_1_288' title='bbox 931 579 1005 610; x_wconf 84' lang='lat' dir='ltr'>quae</span> <span class='ocrx_word' id='word_1_289' title='bbox 1021 573 1073 600; x_wconf 86' lang='lat' dir='ltr'>est</span> <span class='ocrx_word' id='word_1_290' title='bbox 1099 569 1243 600; x_wconf 83' lang='lat' dir='ltr'>imitatio</span> <span class='ocrx_word' id='word_1_291' title='bbox 1265 570 1468 600; x_wconf 86' lang='lat' dir='ltr'>Maroniana</span> <span class='ocrx_word' id='word_1_292' title='bbox 1492 580 1533 601; x_wconf 82' lang='lat' dir='ltr'>ex</span> <span class='ocrx_word' id='word_1_293' title='bbox 1554 570 1632 601; x_wconf 80' lang='lat' dir='ltr'>AEn.</span> 
     </span>
     <span class='ocr_line' id='line_1_56' title="bbox 933 618 1630 651; baseline 0.001 -2"><span class='ocrx_word' id='word_1_294' title='bbox 933 628 999 650; x_wconf 71' lang='grc' dir='ltr'><strong>ΧΠ.</strong></span> <span class='ocrx_word' id='word_1_295' title='bbox 1022 619 1110 649; x_wconf 77' lang='lat' dir='ltr'><strong>Mod.</strong></span> <span class='ocrx_word' id='word_1_296' title='bbox 1153 618 1242 651; x_wconf 83' lang='lat' dir='ltr'>Add.</span> <span class='ocrx_word' id='word_1_297' title='bbox 1260 619 1410 650; x_wconf 84' lang='lat' dir='ltr'>Turneb.</span> <span class='ocrx_word' id='word_1_298' title='bbox 1429 619 1516 650; x_wconf 77' lang='lat' dir='ltr'>Adv.</span> <span class='ocrx_word' id='word_1_299' title='bbox 1534 629 1630 650; x_wconf 80' lang='lat' dir='ltr'>xxu.</span> 
     </span>
     <span class='ocr_line' id='line_1_57' title="bbox 933 668 1630 709; baseline 0.001 -10"><span class='ocrx_word' id='word_1_300' title='bbox 933 671 985 699; x_wconf 80' lang='lat'>12.</span> <span class='ocrx_word' id='word_1_301' title='bbox 1022 668 1082 699; x_wconf 89' lang='lat' dir='ltr'>ubi</span> <span class='ocrx_word' id='word_1_302' title='bbox 1111 674 1225 700; x_wconf 81' lang='lat' dir='ltr'>tamen</span> <span class='ocrx_word' id='word_1_303' title='bbox 1255 669 1345 709; x_wconf 87' lang='lat' dir='ltr'>quod</span> <span class='ocrx_word' id='word_1_304' title='bbox 1373 669 1530 700; x_wconf 87' lang='lat' dir='ltr'>mulieres</span> <span class='ocrx_word' id='word_1_305' title='bbox 1563 679 1630 700; x_wconf 91' lang='lat' dir='ltr'>non</span> 
     </span>
     <span class='ocr_line' id='line_1_58' title="bbox 931 718 1633 759; baseline 0.001 -11"><span class='ocrx_word' id='word_1_306' title='bbox 931 718 1048 749; x_wconf 88' lang='lat' dir='ltr'>solitas</span> <span class='ocrx_word' id='word_1_307' title='bbox 1071 718 1196 749; x_wconf 88' lang='lat' dir='ltr'>dicitur</span> <span class='ocrx_word' id='word_1_308' title='bbox 1217 719 1349 750; x_wconf 90' lang='lat' dir='ltr'>hastam</span> <span class='ocrx_word' id='word_1_309' title='bbox 1372 728 1504 759; x_wconf 87' lang='lat' dir='ltr'>gerere,</span> <span class='ocrx_word' id='word_1_310' title='bbox 1520 719 1633 750; x_wconf 88' lang='lat' dir='ltr'>diver-</span> 
     </span>
     <span class='ocr_line' id='line_1_59' title="bbox 933 768 1632 810; baseline 0.003 -12"><span class='ocrx_word' id='word_1_311' title='bbox 933 778 1007 799; x_wconf 90' lang='lat' dir='ltr'>sum</span> <span class='ocrx_word' id='word_1_312' title='bbox 1021 768 1126 799; x_wconf 88' lang='lat' dir='ltr'>habet</span> <span class='ocrx_word' id='word_1_313' title='bbox 1152 769 1396 799; x_wconf 88' lang='lat' dir='ltr'>scientissimus</span> <span class='ocrx_word' id='word_1_314' title='bbox 1419 769 1632 810; x_wconf 85' lang='lat' dir='ltr'>antiquitatis</span> 
     </span>
     <span class='ocr_line' id='line_1_60' title="bbox 934 818 1634 859; baseline 0.004 -11"><span class='ocrx_word' id='word_1_315' title='bbox 934 818 1141 858; x_wconf 88' lang='lat' dir='ltr'>Apollinaris</span> <span class='ocrx_word' id='word_1_316' title='bbox 1155 819 1193 849; x_wconf 89' lang='lat' dir='ltr'>C.</span> <span class='ocrx_word' id='word_1_317' title='bbox 1208 821 1331 849; x_wconf 79' lang='grc' dir='ltr'><strong>ιῐ.432.</strong></span> <span class='ocrx_word' id='word_1_318' title='bbox 1355 818 1446 849; x_wconf 89' lang='lat' dir='ltr'>Add.</span> <span class='ocrx_word' id='word_1_319' title='bbox 1460 818 1634 859; x_wconf 72' lang='lat' dir='ltr'>chrysost.</span> 
     </span>
     <span class='ocr_line' id='line_1_61' title="bbox 935 868 1633 900; baseline 0.003 -2"><span class='ocrx_word' id='word_1_320' title='bbox 935 871 987 899; x_wconf 87' lang='grc'>69.</span> <span class='ocrx_word' id='word_1_321' title='bbox 1023 868 1061 899; x_wconf 89' lang='lat' dir='ltr'>C.</span> <span class='ocrx_word' id='word_1_322' title='bbox 1077 868 1200 899; x_wconf 85' lang='lat' dir='ltr'>AElian.</span> <span class='ocrx_word' id='word_1_323' title='bbox 1218 877 1286 900; x_wconf 85' lang='lat' dir='ltr'>xn.</span> <span class='ocrx_word' id='word_1_324' title='bbox 1303 871 1355 900; x_wconf 88' lang='grc'>17.</span> <span class='ocrx_word' id='word_1_325' title='bbox 1394 868 1529 899; x_wconf 83' lang='lat' dir='ltr'>Arrian.</span> <span class='ocrx_word' id='word_1_326' title='bbox 1550 878 1584 900; x_wconf 79' lang='lat' dir='ltr'>v.</span> <span class='ocrx_word' id='word_1_327' title='bbox 1601 871 1633 900; x_wconf 88' lang='lat'>1.</span> 
     </span>
     <span class='ocr_line' id='line_1_62' title="bbox 936 917 1635 958; baseline 0.003 -10"><span class='ocrx_word' id='word_1_328' title='bbox 936 921 968 949; x_wconf 79' lang='lat'>3.</span> <span class='ocrx_word' id='word_1_329' title='bbox 1005 918 1100 949; x_wconf 83' lang='lat' dir='ltr'>Max.</span> <span class='ocrx_word' id='word_1_330' title='bbox 1114 918 1197 958; x_wconf 89' lang='lat' dir='ltr'>Tyr.</span> <span class='ocrx_word' id='word_1_331' title='bbox 1214 919 1300 949; x_wconf 86' lang='lat' dir='ltr'>Diss.</span> <span class='ocrx_word' id='word_1_332' title='bbox 1313 921 1366 949; x_wconf 82' lang='lat'>33.</span> <span class='ocrx_word' id='word_1_333' title='bbox 1396 918 1454 949; x_wconf 90' lang='lat' dir='ltr'>ubi</span> <span class='ocrx_word' id='word_1_334' title='bbox 1468 917 1635 957; x_wconf 77' lang='grc' dir='ltr'>Διογένους</span> 
     </span>
     <span class='ocr_line' id='line_1_63' title="bbox 935 967 1633 1010; baseline 0 -12"><span class='ocrx_word' id='word_1_335' title='bbox 935 968 1103 1009; x_wconf 79' lang='grc' dir='ltr'>βακτηρίαν</span> <span class='ocrx_word' id='word_1_336' title='bbox 1127 969 1272 1010; x_wconf 82' lang='lat' dir='ltr'>opponit</span> <span class='ocrx_word' id='word_1_337' title='bbox 1296 967 1496 1008; x_wconf 80' lang='grc' dir='ltr'>Ἀλεξάνδρου</span> <span class='ocrx_word' id='word_1_338' title='bbox 1519 970 1563 1007; x_wconf 83' lang='grc' dir='ltr'>τῷ</span> <span class='ocrx_word' id='word_1_339' title='bbox 1584 967 1633 999; x_wconf 72' lang='lat'>86-</span> 
     </span>
     <span class='ocr_line' id='line_1_64' title="bbox 935 1018 1634 1059; baseline 0.001 -11"><span class='ocrx_word' id='word_1_340' title='bbox 935 1029 1013 1058; x_wconf 83' lang='grc' dir='ltr'><strong>ρατι.</strong></span> <span class='ocrx_word' id='word_1_341' title='bbox 1038 1019 1217 1051; x_wconf 77' lang='lat' dir='ltr'>Berneccer.</span> <span class='ocrx_word' id='word_1_342' title='bbox 1249 1019 1468 1050; x_wconf 81' lang='lat' dir='ltr'>Sebastianus</span> <span class='ocrx_word' id='word_1_343' title='bbox 1485 1018 1634 1059; x_wconf 83' lang='lat' dir='ltr'>Mugius,</span> 
     </span>
     <span class='ocr_line' id='line_1_65' title="bbox 936 1068 1635 1110; baseline 0.003 -12"><span class='ocrx_word' id='word_1_344' title='bbox 936 1068 987 1099; x_wconf 89' lang='lat' dir='ltr'>vir</span> <span class='ocrx_word' id='word_1_345' title='bbox 1019 1069 1141 1100; x_wconf 83' lang='lat' dir='ltr'>nobilis</span> <span class='ocrx_word' id='word_1_346' title='bbox 1180 1078 1304 1109; x_wconf 85' lang='lat' dir='ltr'>genere</span> <span class='ocrx_word' id='word_1_347' title='bbox 1338 1079 1394 1110; x_wconf 84' lang='lat' dir='ltr'>ap.</span> <span class='ocrx_word' id='word_1_348' title='bbox 1425 1068 1635 1109; x_wconf 86' lang='lat' dir='ltr'>Argentora-</span> 
     </span>
     <span class='ocr_line' id='line_1_66' title="bbox 936 1118 1633 1158; baseline 0.001 -10"><span class='ocrx_word' id='word_1_349' title='bbox 936 1122 1050 1149; x_wconf 87' lang='lat' dir='ltr'>tenses</span> <span class='ocrx_word' id='word_1_350' title='bbox 1085 1128 1190 1158; x_wconf 89' lang='lat' dir='ltr'>meos,</span> <span class='ocrx_word' id='word_1_351' title='bbox 1217 1118 1343 1150; x_wconf 88' lang='lat' dir='ltr'>litteris</span> <span class='ocrx_word' id='word_1_352' title='bbox 1381 1128 1462 1149; x_wconf 87' lang='lat' dir='ltr'>vero</span> <span class='ocrx_word' id='word_1_353' title='bbox 1499 1118 1633 1150; x_wconf 84' lang='lat' dir='ltr'>Graecis</span> 
     </span>
     <span class='ocr_line' id='line_1_67' title="bbox 937 1170 1634 1211; baseline 0.001 -11"><span class='ocrx_word' id='word_1_354' title='bbox 937 1170 1068 1210; x_wconf 85' lang='lat' dir='ltr'>pariter</span> <span class='ocrx_word' id='word_1_355' title='bbox 1083 1180 1122 1202; x_wconf 91' lang='lat' dir='ltr'>ac</span> <span class='ocrx_word' id='word_1_356' title='bbox 1134 1170 1261 1201; x_wconf 89' lang='lat' dir='ltr'>Latinis</span> <span class='ocrx_word' id='word_1_357' title='bbox 1277 1179 1488 1211; x_wconf 91' lang='lat' dir='ltr'>summopere</span> <span class='ocrx_word' id='word_1_358' title='bbox 1503 1171 1634 1210; x_wconf 87' lang='lat' dir='ltr'>doctus,</span> 
     </span>
     <span class='ocr_line' id='line_1_68' title="bbox 939 1220 1636 1262; baseline 0.003 -12"><span class='ocrx_word' id='word_1_359' title='bbox 939 1220 971 1250; x_wconf 88' lang='lat' dir='ltr'>in</span> <span class='ocrx_word' id='word_1_360' title='bbox 982 1230 1041 1251; x_wconf 91' lang='lat' dir='ltr'>suo</span> <span class='ocrx_word' id='word_1_361' title='bbox 1054 1221 1182 1261; x_wconf 87' lang='lat' dir='ltr'>codice,</span> <span class='ocrx_word' id='word_1_362' title='bbox 1192 1222 1248 1262; x_wconf 90' lang='lat' dir='ltr'>qui</span> <span class='ocrx_word' id='word_1_363' title='bbox 1260 1231 1327 1252; x_wconf 93' lang='lat' dir='ltr'>una</span> <span class='ocrx_word' id='word_1_364' title='bbox 1340 1231 1416 1252; x_wconf 88' lang='lat' dir='ltr'>cum</span> <span class='ocrx_word' id='word_1_365' title='bbox 1426 1221 1636 1252; x_wconf 85' lang='lat' dir='ltr'>bibliotheca</span> 
     </span>
     <span class='ocr_line' id='line_1_69' title="bbox 938 1271 1635 1311; baseline 0.003 -11"><span class='ocrx_word' id='word_1_366' title='bbox 938 1271 1012 1311; x_wconf 87' lang='lat' dir='ltr'>ejus</span> <span class='ocrx_word' id='word_1_367' title='bbox 1029 1271 1299 1311; x_wconf 87' lang='lat' dir='ltr'>emptionisjure</span> <span class='ocrx_word' id='word_1_368' title='bbox 1320 1281 1413 1303; x_wconf 88' lang='lat' dir='ltr'>meus</span> <span class='ocrx_word' id='word_1_369' title='bbox 1435 1271 1546 1303; x_wconf 85' lang='lat' dir='ltr'>factus</span> <span class='ocrx_word' id='word_1_370' title='bbox 1569 1276 1635 1311; x_wconf 85' lang='lat' dir='ltr'>est,</span> 
     </span>
     <span class='ocr_line' id='line_1_70' title="bbox 939 1321 1635 1353; baseline 0.001 -2"><span class='ocrx_word' id='word_1_371' title='bbox 939 1321 988 1351; x_wconf 91' lang='lat' dir='ltr'>sic</span> <span class='ocrx_word' id='word_1_372' title='bbox 1010 1321 1052 1352; x_wconf 87' lang='lat' dir='ltr'>ad</span> <span class='ocrx_word' id='word_1_373' title='bbox 1068 1321 1140 1352; x_wconf 86' lang='lat' dir='ltr'>haec</span> <span class='ocrx_word' id='word_1_374' title='bbox 1158 1321 1262 1353; x_wconf 85' lang='lat' dir='ltr'>verba</span> <span class='ocrx_word' id='word_1_375' title='bbox 1284 1325 1484 1352; x_wconf 82' lang='lat' dir='ltr'>notaverat:</span> <span class='ocrx_word' id='word_1_376' title='bbox 1503 1322 1512 1338; x_wconf 92' lang='lat'>‘</span> <span class='ocrx_word' id='word_1_377' title='bbox 1528 1322 1635 1352; x_wconf 84' lang='lat' dir='ltr'>Forte</span> 
     </span>
     <span class='ocr_line' id='line_1_71' title="bbox 937 1371 1635 1412; baseline 0 -10"><span class='ocrx_word' id='word_1_378' title='bbox 937 1381 1006 1402; x_wconf 84' lang='lat' dir='ltr'>cum</span> <span class='ocrx_word' id='word_1_379' title='bbox 1031 1372 1214 1409; x_wconf 79' lang='lat' dir='ltr'>diademate,</span> <span class='ocrx_word' id='word_1_380' title='bbox 1240 1371 1435 1412; x_wconf 86' lang='lat' dir='ltr'>legendnm.</span> <span class='ocrx_word' id='word_1_381' title='bbox 1478 1371 1568 1402; x_wconf 88' lang='lat' dir='ltr'>Nam</span> <span class='ocrx_word' id='word_1_382' title='bbox 1599 1375 1635 1402; x_wconf 88' lang='lat' dir='ltr'>et</span> 
     </span>
     <span class='ocr_line' id='line_1_72' title="bbox 939 1420 1635 1462; baseline -0.001 -10"><span class='ocrx_word' id='word_1_383' title='bbox 939 1421 1093 1452; x_wconf 85' lang='lat' dir='ltr'>diadema</span> <span class='ocrx_word' id='word_1_384' title='bbox 1107 1426 1265 1462; x_wconf 82' lang='lat' dir='ltr'>gestasse,</span> <span class='ocrx_word' id='word_1_385' title='bbox 1280 1420 1404 1452; x_wconf 85' lang='lat' dir='ltr'>indicio</span> <span class='ocrx_word' id='word_1_386' title='bbox 1420 1424 1497 1452; x_wconf 88' lang='lat' dir='ltr'>sunt</span> <span class='ocrx_word' id='word_1_387' title='bbox 1513 1421 1635 1452; x_wconf 79' lang='lat' dir='ltr'>Numae</span> 
     </span>
     <span class='ocr_line' id='line_1_73' title="bbox 939 1470 1636 1511; baseline -0.001 -9"><span class='ocrx_word' id='word_1_388' title='bbox 939 1472 1076 1503; x_wconf 88' lang='lat' dir='ltr'>nummi.</span> <span class='ocrx_word' id='word_1_389' title='bbox 1103 1471 1175 1503; x_wconf 91' lang='lat' dir='ltr'>Aut</span> <span class='ocrx_word' id='word_1_390' title='bbox 1187 1476 1280 1503; x_wconf 82' lang='lat' dir='ltr'>certe</span> <span class='ocrx_word' id='word_1_391' title='bbox 1289 1472 1435 1503; x_wconf 88' lang='lat' dir='ltr'>Numam</span> <span class='ocrx_word' id='word_1_392' title='bbox 1446 1470 1590 1511; x_wconf 88' lang='lat' dir='ltr'>primum</span> <span class='ocrx_word' id='word_1_393' title='bbox 1601 1470 1636 1501; x_wconf 86' lang='lat' dir='ltr'>id</span> 
     </span>
     <span class='ocr_line' id='line_1_74' title="bbox 941 1521 1635 1563; baseline -0.004 -10"><span class='ocrx_word' id='word_1_394' title='bbox 941 1532 1132 1563; x_wconf 89' lang='lat' dir='ltr'>usurpasse,</span> <span class='ocrx_word' id='word_1_395' title='bbox 1143 1522 1219 1553; x_wconf 86' lang='lat' dir='ltr'>hinc</span> <span class='ocrx_word' id='word_1_396' title='bbox 1236 1521 1428 1553; x_wconf 87' lang='lat' dir='ltr'>dicendum.</span> <span class='ocrx_word' id='word_1_397' title='bbox 1448 1521 1635 1561; x_wconf 85' lang='lat' dir='ltr'>Vide‚quae</span> 
     </span>
     <span class='ocr_line' id='line_1_75' title="bbox 939 1569 1636 1612; baseline -0.004 -9"><span class='ocrx_word' id='word_1_398' title='bbox 939 1578 1038 1604; x_wconf 83' lang='lat' dir='ltr'>notat</span> <span class='ocrx_word' id='word_1_399' title='bbox 1052 1573 1093 1604; x_wconf 92' lang='lat' dir='ltr'>B.</span> <span class='ocrx_word' id='word_1_400' title='bbox 1108 1572 1239 1604; x_wconf 87' lang='lat' dir='ltr'>Leand.</span> <span class='ocrx_word' id='word_1_401' title='bbox 1255 1572 1336 1603; x_wconf 88' lang='lat' dir='ltr'>Ital.</span> <span class='ocrx_word' id='word_1_402' title='bbox 1354 1581 1387 1612; x_wconf 89' lang='lat' dir='ltr'>p.</span> <span class='ocrx_word' id='word_1_403' title='bbox 1399 1570 1486 1602; x_wconf 66' lang='lat'>157!</span> <span class='ocrx_word' id='word_1_404' title='bbox 1533 1569 1636 1608; x_wconf 85' lang='lat' dir='ltr'>Schef.</span> 
     </span>
    </p>

    <p class='ocr_par' dir='ltr' id='par_1_13' title="bbox 940 1621 1638 1854">
     <span class='ocr_line' id='line_1_76' title="bbox 981 1621 1636 1662; baseline -0.003 -9"><span class='ocrx_word' id='word_1_405' title='bbox 981 1623 1049 1654; x_wconf 84' lang='lat' dir='ltr'>Pro</span> <span class='ocrx_word' id='word_1_406' title='bbox 1069 1622 1145 1653; x_wconf 79' lang='lat' dir='ltr'>Diis</span> <span class='ocrx_word' id='word_1_407' title='bbox 1168 1622 1271 1653; x_wconf 76' lang='lat' dir='ltr'>hastas</span> <span class='ocrx_word' id='word_1_408' title='bbox 1290 1621 1422 1662; x_wconf 80' lang='lat' dir='ltr'>coluere]</span> <span class='ocrx_word' id='word_1_409' title='bbox 1457 1621 1636 1652; x_wconf 87' lang='lat' dir='ltr'>Turnebus</span> 
     </span>
     <span class='ocr_line' id='line_1_77' title="bbox 940 1672 1638 1713; baseline -0.003 -9"><span class='ocrx_word' id='word_1_410' title='bbox 940 1672 1029 1705; x_wconf 85' lang='lat' dir='ltr'>Adv.</span> <span class='ocrx_word' id='word_1_411' title='bbox 1047 1683 1130 1705; x_wconf 77' lang='lat' dir='ltr'>vul.</span> <span class='ocrx_word' id='word_1_412' title='bbox 1148 1677 1199 1705; x_wconf 82' lang='lat'>16.</span> <span class='ocrx_word' id='word_1_413' title='bbox 1217 1684 1258 1704; x_wconf 86' lang='lat' dir='ltr'>ex</span> <span class='ocrx_word' id='word_1_414' title='bbox 1271 1673 1393 1713; x_wconf 81' lang='lat' dir='ltr'>Virgil.</span> <span class='ocrx_word' id='word_1_415' title='bbox 1417 1673 1490 1703; x_wconf 84' lang='lat' dir='ltr'>AEn.</span> <span class='ocrx_word' id='word_1_416' title='bbox 1507 1675 1638 1703; x_wconf 77' lang='lat' dir='ltr'>x11.95.</span> 
     </span>
     <span class='ocr_line' id='line_1_78' title="bbox 940 1721 1636 1764; baseline -0.001 -10"><span class='ocrx_word' id='word_1_417' title='bbox 940 1724 1089 1764; x_wconf 84' lang='lat' dir='ltr'>AEschyl.</span> <span class='ocrx_word' id='word_1_418' title='bbox 1107 1724 1203 1764; x_wconf 91' lang='lat' dir='ltr'>Sept.</span> <span class='ocrx_word' id='word_1_419' title='bbox 1225 1723 1267 1754; x_wconf 86' lang='lat' dir='ltr'>ad</span> <span class='ocrx_word' id='word_1_420' title='bbox 1279 1723 1339 1753; x_wconf 85' lang='lat' dir='ltr'>Th.</span> <span class='ocrx_word' id='word_1_421' title='bbox 1355 1725 1429 1754; x_wconf 81' lang='lat'>483.</span> <span class='ocrx_word' id='word_1_422' title='bbox 1441 1726 1477 1753; x_wconf 92' lang='lat' dir='ltr'>et</span> <span class='ocrx_word' id='word_1_423' title='bbox 1493 1721 1568 1752; x_wconf 84' lang='lat' dir='ltr'>Val.</span> <span class='ocrx_word' id='word_1_424' title='bbox 1584 1721 1636 1753; x_wconf 84' lang='lat' dir='ltr'>Fl.</span> 
     </span>
     <span class='ocr_line' id='line_1_79' title="bbox 940 1771 1638 1814; baseline -0.003 -10"><span class='ocrx_word' id='word_1_425' title='bbox 940 1783 996 1805; x_wconf 87' lang='lat'>111.</span> <span class='ocrx_word' id='word_1_426' title='bbox 1021 1777 1094 1805; x_wconf 88' lang='grc'><strong>707.</strong></span> <span class='ocrx_word' id='word_1_427' title='bbox 1146 1773 1233 1804; x_wconf 85' lang='lat' dir='ltr'>Add.</span> <span class='ocrx_word' id='word_1_428' title='bbox 1261 1771 1571 1814; x_wconf 84' lang='lat' dir='ltr'>paroemiographos</span> <span class='ocrx_word' id='word_1_429' title='bbox 1603 1771 1638 1802; x_wconf 91' lang='lat' dir='ltr'>in</span> 
     </span>
     <span class='ocr_line' id='line_1_80' title="bbox 940 1822 1341 1854; baseline -0.005 0"><span class='ocrx_word' id='word_1_430' title='bbox 940 1825 949 1839; x_wconf 85' lang='lat'>‘</span> <span class='ocrx_word' id='word_1_431' title='bbox 967 1824 1082 1854; x_wconf 81' lang='lat' dir='ltr'>Caenei</span> <span class='ocrx_word' id='word_1_432' title='bbox 1098 1822 1220 1854; x_wconf 71' lang='lat' dir='ltr'>hasta!</span> <span class='ocrx_word' id='word_1_433' title='bbox 1241 1823 1341 1853; x_wconf 83' lang='lat' dir='ltr'>Bern.</span> 
     </span>
    </p>

    <p class='ocr_par' dir='ltr' id='par_1_14' title="bbox 941 1871 1644 2657">
     <span class='ocr_line' id='line_1_81' title="bbox 982 1871 1638 1914; baseline -0.003 -10"><span class='ocrx_word' id='word_1_434' title='bbox 982 1874 999 1914; x_wconf 56' lang='grc' dir='ltr'><strong>ς</strong></span> <span class='ocrx_word' id='word_1_435' title='bbox 1016 1877 1036 1904; x_wconf 84' lang='grc'>4</span> <span class='ocrx_word' id='word_1_436' title='bbox 1054 1873 1250 1913; x_wconf 80' lang='lat' dir='ltr'>Temporibus</span> <span class='ocrx_word' id='word_1_437' title='bbox 1263 1872 1424 1912; x_wconf 62' lang='lat' dir='ltr'>Tarquinii</span> <span class='ocrx_word' id='word_1_438' title='bbox 1433 1871 1534 1912; x_wconf 82' lang='lat' dir='ltr'>regis]</span> <span class='ocrx_word' id='word_1_439' title='bbox 1560 1871 1582 1904; x_wconf 88' lang='lat' dir='ltr'>J</span> <span class='ocrx_word' id='word_1_440' title='bbox 1586 1881 1638 1902; x_wconf 90' lang='lat' dir='ltr'>am</span> 
     </span>
     <span class='ocr_line' id='line_1_82' title="bbox 941 1921 1639 1963; baseline -0.001 -10"><span class='ocrx_word' id='word_1_441' title='bbox 941 1928 1019 1954; x_wconf 92' lang='lat' dir='ltr'>ante</span> <span class='ocrx_word' id='word_1_442' title='bbox 1043 1923 1101 1954; x_wconf 85' lang='lat' dir='ltr'>illa</span> <span class='ocrx_word' id='word_1_443' title='bbox 1127 1928 1281 1963; x_wconf 85' lang='lat' dir='ltr'>tempora</span> <span class='ocrx_word' id='word_1_444' title='bbox 1301 1921 1381 1961; x_wconf 85' lang='lat' dir='ltr'>Cyri</span> <span class='ocrx_word' id='word_1_445' title='bbox 1406 1926 1441 1952; x_wconf 92' lang='lat' dir='ltr'>et</span> <span class='ocrx_word' id='word_1_446' title='bbox 1463 1921 1639 1962; x_wconf 87' lang='lat' dir='ltr'>Tarquinii</span> 
     </span>
     <span class='ocr_line' id='line_1_83' title="bbox 942 1971 1640 2004; baseline -0.003 0"><span class='ocrx_word' id='word_1_447' title='bbox 942 1973 1121 2004; x_wconf 86' lang='lat' dir='ltr'>deductam</span> <span class='ocrx_word' id='word_1_448' title='bbox 1138 1983 1210 2004; x_wconf 88' lang='lat' dir='ltr'>esse</span> <span class='ocrx_word' id='word_1_449' title='bbox 1227 1983 1247 2003; x_wconf 87' lang='lat' dir='ltr'>a</span> <span class='ocrx_word' id='word_1_450' title='bbox 1259 1971 1523 2003; x_wconf 83' lang='lat' dir='ltr'>P’nocae&#39;e&#39;nsibus</span> <span class='ocrx_word' id='word_1_451' title='bbox 1545 1972 1640 2003; x_wconf 88' lang='lat' dir='ltr'>Mas-</span> 
     </span>
     <span class='ocr_line' id='line_1_84' title="bbox 942 2023 1640 2063; baseline 0 -10"><span class='ocrx_word' id='word_1_452' title='bbox 942 2023 1061 2062; x_wconf 88' lang='lat' dir='ltr'>siliam,</span> <span class='ocrx_word' id='word_1_453' title='bbox 1078 2028 1225 2055; x_wconf 82' lang='lat' dir='ltr'>testatur</span> <span class='ocrx_word' id='word_1_454' title='bbox 1241 2023 1456 2063; x_wconf 84' lang='lat' dir='ltr'>Aristoteles,</span> <span class='ocrx_word' id='word_1_455' title='bbox 1479 2033 1534 2062; x_wconf 90' lang='lat' dir='ltr'>ap.</span> <span class='ocrx_word' id='word_1_456' title='bbox 1551 2023 1640 2054; x_wconf 88' lang='lat' dir='ltr'>Har-</span> 
     </span>
     <span class='ocr_line' id='line_1_85' title="bbox 942 2072 1640 2114; baseline -0.001 -9"><span class='ocrx_word' id='word_1_457' title='bbox 942 2078 1073 2114; x_wconf 89' lang='lat' dir='ltr'>pocrat.</span> <span class='ocrx_word' id='word_1_458' title='bbox 1099 2074 1133 2104; x_wconf 89' lang='lat' dir='ltr'>in</span> <span class='ocrx_word' id='word_1_459' title='bbox 1155 2084 1239 2105; x_wconf 92' lang='lat' dir='ltr'>voce</span> <span class='ocrx_word' id='word_1_460' title='bbox 1264 2072 1442 2104; x_wconf 84' lang='grc' dir='ltr'>Μασσαλῖα.</span> <span class='ocrx_word' id='word_1_461' title='bbox 1480 2073 1558 2104; x_wconf 90' lang='lat' dir='ltr'>Hoc</span> <span class='ocrx_word' id='word_1_462' title='bbox 1590 2073 1640 2114; x_wconf 91' lang='lat' dir='ltr'>ip-</span> 
     </span>
     <span class='ocr_line' id='line_1_86' title="bbox 942 2122 1639 2165; baseline -0.001 -11"><span class='ocrx_word' id='word_1_463' title='bbox 942 2133 1013 2154; x_wconf 89' lang='lat' dir='ltr'>sum</span> <span class='ocrx_word' id='word_1_464' title='bbox 1031 2134 1165 2165; x_wconf 88' lang='lat' dir='ltr'>quoque</span> <span class='ocrx_word' id='word_1_465' title='bbox 1183 2128 1329 2155; x_wconf 88' lang='lat' dir='ltr'>testatur</span> <span class='ocrx_word' id='word_1_466' title='bbox 1343 2124 1506 2164; x_wconf 85' lang='lat' dir='ltr'>Scymnus</span> <span class='ocrx_word' id='word_1_467' title='bbox 1519 2122 1639 2154; x_wconf 83' lang='lat' dir='ltr'>Chius:</span> 
     </span>
     <span class='ocr_line' id='line_1_87' title="bbox 942 2172 1640 2214; baseline -0.003 -9"><span class='ocrx_word' id='word_1_468' title='bbox 942 2174 1112 2206; x_wconf 79' lang='grc' dir='ltr'>Μασσαλία</span> <span class='ocrx_word' id='word_1_469' title='bbox 1126 2175 1152 2205; x_wconf 83' lang='grc' dir='ltr'>δ’</span> <span class='ocrx_word' id='word_1_470' title='bbox 1169 2174 1233 2206; x_wconf 81' lang='grc' dir='ltr'>ἔστ’</span> <span class='ocrx_word' id='word_1_471' title='bbox 1249 2173 1380 2214; x_wconf 83' lang='grc' dir='ltr'>ἐχομένη</span> <span class='ocrx_word' id='word_1_472' title='bbox 1395 2173 1489 2205; x_wconf 80' lang='grc' dir='ltr'>Πόλις</span> <span class='ocrx_word' id='word_1_473' title='bbox 1507 2172 1640 2212; x_wconf 69' lang='grc' dir='ltr'>μεγίστη</span> 
     </span>
     <span class='ocr_line' id='line_1_88' title="bbox 942 2221 1641 2266; baseline -0.004 -10"><span class='ocrx_word' id='word_1_474' title='bbox 942 2228 1071 2256; x_wconf 83' lang='grc' dir='ltr'>Φωκαῶν</span> <span class='ocrx_word' id='word_1_475' title='bbox 1093 2224 1227 2256; x_wconf 79' lang='grc' dir='ltr'>ἀποικία.</span> <span class='ocrx_word' id='word_1_476' title='bbox 1269 2225 1322 2255; x_wconf 83' lang='grc' dir='ltr'>Ἐν</span> <span class='ocrx_word' id='word_1_477' title='bbox 1343 2225 1385 2266; x_wconf 83' lang='grc' dir='ltr'>τῇ</span> <span class='ocrx_word' id='word_1_478' title='bbox 1411 2224 1580 2264; x_wconf 80' lang='grc' dir='ltr'>Λιγυστικῇ</span> <span class='ocrx_word' id='word_1_479' title='bbox 1607 2221 1641 2253; x_wconf 86' lang='grc' dir='ltr'>δὲ</span> 
     </span>
     <span class='ocr_line' id='line_1_89' title="bbox 941 2272 1642 2316; baseline -0.004 -10"><span class='ocrx_word' id='word_1_480' title='bbox 941 2274 1059 2312; x_wconf 83' lang='grc' dir='ltr'>ταύτην</span> <span class='ocrx_word' id='word_1_481' title='bbox 1083 2275 1206 2306; x_wconf 79' lang='grc' dir='ltr'>ἔκτισαν</span> <span class='ocrx_word' id='word_1_482' title='bbox 1232 2274 1294 2316; x_wconf 83' lang='grc' dir='ltr'>Πρὸ</span> <span class='ocrx_word' id='word_1_483' title='bbox 1320 2276 1376 2311; x_wconf 80' lang='grc' dir='ltr'>τῆς</span> <span class='ocrx_word' id='word_1_484' title='bbox 1400 2272 1504 2313; x_wconf 76' lang='grc' dir='ltr'>μάχης</span> <span class='ocrx_word' id='word_1_485' title='bbox 1527 2275 1583 2311; x_wconf 82' lang='grc' dir='ltr'>τῆς</span> <span class='ocrx_word' id='word_1_486' title='bbox 1609 2273 1642 2303; x_wconf 83' lang='grc' dir='ltr'>ἐν</span> 
     </span>
     <span class='ocr_line' id='line_1_90' title="bbox 943 2323 1642 2364; baseline -0.003 -9"><span class='ocrx_word' id='word_1_487' title='bbox 943 2327 1092 2363; x_wconf 80' lang='grc' dir='ltr'>Σαλαμῖνι</span> <span class='ocrx_word' id='word_1_488' title='bbox 1105 2323 1271 2364; x_wconf 73' lang='grc' dir='ltr'>’γενομένης</span> <span class='ocrx_word' id='word_1_489' title='bbox 1285 2324 1409 2355; x_wconf 70' lang='lat' dir='ltr'>&#39;‘E-reem</span> <span class='ocrx_word' id='word_1_490' title='bbox 1431 2323 1586 2364; x_wconf 81' lang='grc' dir='ltr'>πρότερον,</span> <span class='ocrx_word' id='word_1_491' title='bbox 1603 2323 1642 2354; x_wconf 84' lang='grc' dir='ltr'>ὡς</span> 
     </span>
     <span class='ocr_line' id='line_1_91' title="bbox 944 2374 1642 2414; baseline -0.004 -8"><span class='ocrx_word' id='word_1_492' title='bbox 944 2375 1051 2414; x_wconf 84' lang='grc' dir='ltr'>φασὶν,</span> <span class='ocrx_word' id='word_1_493' title='bbox 1067 2374 1176 2406; x_wconf 77' lang='grc' dir='ltr'>ἑκατὸν</span> <span class='ocrx_word' id='word_1_494' title='bbox 1192 2374 1297 2406; x_wconf 71' lang='grc' dir='ltr'>εἴκοσι.</span> <span class='ocrx_word' id='word_1_495' title='bbox 1341 2375 1397 2405; x_wconf 89' lang='lat' dir='ltr'>Sic</span> <span class='ocrx_word' id='word_1_496' title='bbox 1413 2375 1479 2414; x_wconf 86' lang='lat' dir='ltr'>leg.</span> <span class='ocrx_word' id='word_1_497' title='bbox 1497 2375 1642 2413; x_wconf 85' lang='lat' dir='ltr'>Tempus</span> 
     </span>
     <span class='ocr_line' id='line_1_92' title="bbox 944 2424 1644 2467; baseline -0.003 -11"><span class='ocrx_word' id='word_1_498' title='bbox 944 2426 1058 2466; x_wconf 84' lang='lat' dir='ltr'>igitur,</span> <span class='ocrx_word' id='word_1_499' title='bbox 1073 2436 1138 2467; x_wconf 89' lang='lat' dir='ltr'>quo</span> <span class='ocrx_word' id='word_1_500' title='bbox 1153 2426 1289 2457; x_wconf 81' lang='lat' dir='ltr'>condita</span> <span class='ocrx_word' id='word_1_501' title='bbox 1308 2429 1360 2456; x_wconf 79' lang='lat' dir='ltr'>est</span> <span class='ocrx_word' id='word_1_502' title='bbox 1380 2425 1544 2463; x_wconf 88' lang='lat' dir='ltr'>Massilia,</span> <span class='ocrx_word' id='word_1_503' title='bbox 1559 2424 1644 2454; x_wconf 86' lang='lat' dir='ltr'>inci-</span> 
     </span>
     <span class='ocr_line' id='line_1_93' title="bbox 946 2475 1643 2516; baseline 0 -11"><span class='ocrx_word' id='word_1_504' title='bbox 946 2476 997 2506; x_wconf 91' lang='lat' dir='ltr'>dit</span> <span class='ocrx_word' id='word_1_505' title='bbox 1023 2476 1056 2506; x_wconf 89' lang='lat' dir='ltr'>iu</span> <span class='ocrx_word' id='word_1_506' title='bbox 1083 2485 1206 2506; x_wconf 87' lang='lat' dir='ltr'>annum</span> <span class='ocrx_word' id='word_1_507' title='bbox 1229 2479 1259 2507; x_wconf 92' lang='grc'><strong>1.</strong></span> <span class='ocrx_word' id='word_1_508' title='bbox 1283 2475 1421 2516; x_wconf 87' lang='lat' dir='ltr'>Olymp.</span> <span class='ocrx_word' id='word_1_509' title='bbox 1443 2478 1493 2506; x_wconf 77' lang='lat'>45.</span> <span class='ocrx_word' id='word_1_510' title='bbox 1539 2475 1643 2505; x_wconf 82' lang='lat' dir='ltr'>Errat</span> 
     </span>
     <span class='ocr_line' id='line_1_94' title="bbox 945 2524 1643 2566; baseline -0.003 -10"><span class='ocrx_word' id='word_1_511' title='bbox 945 2530 1059 2556; x_wconf 88' lang='lat' dir='ltr'>autem</span> <span class='ocrx_word' id='word_1_512' title='bbox 1099 2524 1275 2565; x_wconf 87' lang='lat' dir='ltr'>Agathias‚</span> <span class='ocrx_word' id='word_1_513' title='bbox 1303 2525 1362 2566; x_wconf 91' lang='lat' dir='ltr'>qui</span> <span class='ocrx_word' id='word_1_514' title='bbox 1396 2525 1455 2564; x_wconf 89' lang='lat' dir='ltr'>ait,</span> <span class='ocrx_word' id='word_1_515' title='bbox 1478 2529 1643 2564; x_wconf 84' lang='lat' dir='ltr'>regnante</span> 
     </span>
     <span class='ocr_line' id='line_1_95' title="bbox 946 2574 1644 2615; baseline 0.001 -10"><span class='ocrx_word' id='word_1_516' title='bbox 946 2575 1051 2606; x_wconf 89' lang='lat' dir='ltr'>Dario</span> <span class='ocrx_word' id='word_1_517' title='bbox 1069 2575 1239 2615; x_wconf 84' lang='lat' dir='ltr'>Hystaspe</span> <span class='ocrx_word' id='word_1_518' title='bbox 1255 2574 1439 2605; x_wconf 85' lang='lat' dir='ltr'>Massiliam</span> <span class='ocrx_word' id='word_1_519' title='bbox 1461 2574 1644 2606; x_wconf 84' lang='lat' dir='ltr'>conditam.</span> 
     </span>
     <span class='ocr_line' id='line_1_96' title="bbox 951 2625 1037 2657; baseline -0.023 0"><span class='ocrx_word' id='word_1_520' title='bbox 951 2625 1037 2657; x_wconf 89' lang='lat' dir='ltr'>Voss.</span> 
     </span>
    </p>

    <p class='ocr_par' dir='ltr' id='par_1_15' title="bbox 946 2672 1643 2967">
     <span class='ocr_line' id='line_1_97' title="bbox 1004 2672 1643 2714; baseline -0.003 -8"><span class='ocrx_word' id='word_1_521' title='bbox 1004 2674 1222 2714; x_wconf 75' lang='lat' dir='ltr'>phocensium]</span> <span class='ocrx_word' id='word_1_522' title='bbox 1287 2672 1442 2704; x_wconf 81' lang='grc' dir='ltr'>Φωκαιέων</span> <span class='ocrx_word' id='word_1_523' title='bbox 1488 2673 1643 2705; x_wconf 86' lang='lat' dir='ltr'>scribunt</span> 
     </span>
     <span class='ocr_line' id='line_1_98' title="bbox 947 2723 1643 2764; baseline -0.003 -8"><span class='ocrx_word' id='word_1_524' title='bbox 947 2725 1075 2764; x_wconf 79' lang='lat' dir='ltr'>Graeci,</span> <span class='ocrx_word' id='word_1_525' title='bbox 1094 2726 1115 2755; x_wconf 91' lang='lat' dir='ltr'>i.</span> <span class='ocrx_word' id='word_1_526' title='bbox 1128 2735 1158 2757; x_wconf 90' lang='lat' dir='ltr'>e.</span> <span class='ocrx_word' id='word_1_527' title='bbox 1182 2724 1449 2763; x_wconf 81' lang='lat' dir='ltr'>Phocaeensium,</span> <span class='ocrx_word' id='word_1_528' title='bbox 1467 2733 1486 2754; x_wconf 92' lang='lat' dir='ltr'>a</span> <span class='ocrx_word' id='word_1_529' title='bbox 1498 2723 1643 2754; x_wconf 75' lang='lat' dir='ltr'>Phocaea</span> 
     </span>
     <span class='ocr_line' id='line_1_99' title="bbox 946 2775 1643 2807; baseline -0.001 -2"><span class='ocrx_word' id='word_1_530' title='bbox 946 2775 1053 2805; x_wconf 83' lang='lat' dir='ltr'>Ioniae</span> <span class='ocrx_word' id='word_1_531' title='bbox 1080 2775 1173 2806; x_wconf 81' lang='lat' dir='ltr'>urbe.</span> <span class='ocrx_word' id='word_1_532' title='bbox 1234 2775 1322 2806; x_wconf 87' lang='lat' dir='ltr'>Gell.</span> <span class='ocrx_word' id='word_1_533' title='bbox 1346 2783 1381 2805; x_wconf 88' lang='lat' dir='ltr'>x.</span> <span class='ocrx_word' id='word_1_534' title='bbox 1410 2777 1460 2807; x_wconf 82' lang='lat'>16.</span> <span class='ocrx_word' id='word_1_535' title='bbox 1493 2775 1643 2805; x_wconf 87' lang='lat' dir='ltr'>‘terram</span> 
     </span>
     <span class='ocr_line' id='line_1_100' title="bbox 948 2823 1642 2864; baseline 0 -9"><span class='ocrx_word' id='word_1_536' title='bbox 948 2823 1148 2856; x_wconf 85' lang='lat' dir='ltr'>Phocidem&#39;</span> <span class='ocrx_word' id='word_1_537' title='bbox 1164 2824 1263 2856; x_wconf 79' lang='lat' dir='ltr'>dixit.</span> <span class='ocrx_word' id='word_1_538' title='bbox 1287 2825 1441 2864; x_wconf 77' lang='lat' dir='ltr'>Bongars.</span> <span class='ocrx_word' id='word_1_539' title='bbox 1473 2824 1563 2855; x_wconf 87' lang='lat' dir='ltr'>Hinc</span> <span class='ocrx_word' id='word_1_540' title='bbox 1577 2825 1642 2855; x_wconf 84' lang='lat' dir='ltr'>Lu·</span> 
     </span>
     <span class='ocr_line' id='line_1_101' title="bbox 948 2875 1641 2915; baseline 0.001 -9"><span class='ocrx_word' id='word_1_541' title='bbox 948 2885 1033 2906; x_wconf 83' lang='lat' dir='ltr'>cano</span> <span class='ocrx_word' id='word_1_542' title='bbox 1057 2885 1113 2907; x_wconf 87' lang='lat'>111.</span> <span class='ocrx_word' id='word_1_543' title='bbox 1145 2878 1220 2906; x_wconf 84' lang='lat'>301.</span> <span class='ocrx_word' id='word_1_544' title='bbox 1264 2875 1273 2892; x_wconf 91' lang='lat'>‘</span> <span class='ocrx_word' id='word_1_545' title='bbox 1290 2875 1436 2906; x_wconf 86' lang='lat' dir='ltr'>Phocais</span> <span class='ocrx_word' id='word_1_546' title='bbox 1456 2875 1641 2915; x_wconf 83' lang='lat' dir='ltr'>juventus&#39;</span> 
     </span>
     <span class='ocr_line' id='line_1_102' title="bbox 950 2925 1641 2967; baseline 0 -10"><span class='ocrx_word' id='word_1_547' title='bbox 950 2935 1012 2967; x_wconf 88' lang='lat' dir='ltr'>pro</span> <span class='ocrx_word' id='word_1_548' title='bbox 1036 2925 1326 2957; x_wconf 83' lang='lat' dir='ltr'>Massiliensibus:</span> <span class='ocrx_word' id='word_1_549' title='bbox 1360 2930 1396 2957; x_wconf 86' lang='lat' dir='ltr'>et</span> <span class='ocrx_word' id='word_1_550' title='bbox 1420 2925 1501 2957; x_wconf 87' lang='lat' dir='ltr'>Silio</span> <span class='ocrx_word' id='word_1_551' title='bbox 1523 2935 1571 2958; x_wconf 89' lang='lat' dir='ltr'>1v.</span> <span class='ocrx_word' id='word_1_552' title='bbox 1587 2930 1641 2958; x_wconf 81' lang='lat'>52.</span> 
     </span>
    </p>
   </div>
  </div>
 </body>
</html>
