2101 3419
544 351 630 394 962

542 455 713 496 scriptura
727 459 790 496 est,
809 465 975 498 quamque
995 456 1080 488 adeo
1102 457 1237 489 omnino

540 506 906 547 revocandamjudico.
944 506 1024 538 Fab.

584 556 693 596 Neque
710 557 868 595 Romanis,
882 557 912 587 si
932 557 1105 597 vincantur,
1119 559 1237 589 animos

538 606 651 646 minui]
671 607 728 638 Sic
746 608 845 648 vulgo
860 608 993 648 legitur.
1038 609 1152 648 Longe
1167 609 1235 640 ele-

535 658 673 699 gantior
689 662 741 689 est
764 658 844 689 lect.
861 659 1026 699 quorund.
1043 659 1126 690 Mss.
1142 660 1234 690 Bon-

536 708 651 747 garsii,
663 709 815 739 Romanos
826 718 931 749 neque,
942 709 970 739 si
982 709 1156 745 vincantur,
1167 710 1233 741 ani-

535 758 594 788 mis
610 759 715 789 minui.
745 757 859 790 Schef.

579 810 596 850 ς
613 811 633 840 9
659 810 776 850 Captos
791 810 936 841 civitates
949 810 1031 841 inter
1044 812 1140 842 socios
1154 811 1233 842 ‹liz-2·-

532 868 599 889 sere
614 860 755 898 Romani,
764 860 913 900 aptiorem
925 861 1056 899 gloriam
1067 871 1154 901 quam
1163 871 1231 901 pos-

533 910 678 940 sessiones
692 911 880 950 voluptarias
888 910 1081 949 judicantes]
1106 911 1155 941 Ea
1177 916 1231 942 est

534 959 675 990 duorum
703 964 834 991 tantum
864 961 947 992 Mss.
973 961 1093 991 lectio:
1124 961 1230 991 ceteri

531 1010 702 1049 vulgatam
719 1009 929 1048 confirmant,
946 1010 1007 1040 nisi
1023 1010 1110 1050 quod
1129 1011 1229 1050 vulgo

531 1059 724 1089 voluntarias
740 1059 873 1099 legitur.
897 1060 1053 1098 Bongars.
1099 1060 1159 1090 Est
1182 1060 1228 1090 lo-

532 1118 590 1140 cus
609 1109 747 1140 ὕπουλος.
778 1110 845 1140 Ms.
862 1114 897 1140 et
911 1110 1009 1141 Junt.
1027 1114 1227 1151 veteresque

530 1159 602 1189 aliae
629 1159 706 1190 edd.
731 1160 766 1190 C.
795 1170 820 1190 c.
844 1161 866 1190 i.
889 1170 914 1190 s.
937 1159 1080 1198 divisere,
1096 1161 1229 1191 muneris

530 1208 664 1239 Romani
684 1212 748 1249 apt.
762 1210 806 1247 gl.
822 1220 850 1249 q.
865 1219 897 1248 p.
911 1209 977 1247 maj.
1002 1210 1132 1241 Censeo
1148 1210 1227 1241 scri-

528 1257 630 1290 bend.
649 1260 684 1290 C.
701 1270 726 1290 c.
747 1261 770 1290 z'.
791 1270 815 1290 s.
839 1261 983 1299 divisere,
1000 1260 1149 1291 Romam
1161 1265 1225 1301 apt.

525 1309 571 1346 gl.
599 1319 627 1348 q.
649 1320 683 1349 pa
704 1320 734 1339 v.
750 1310 780 1347 J‘.
816 1310 941 1340 Sensus
957 1310 1044 1340 enim
1063 1312 1225 1350 postulat,

529 1362 565 1388 ut
594 1359 804 1398 exprimatur
828 1359 951 1399 quibus
988 1360 1098 1399 aptior
1125 1359 1225 1392 fuerit

526 1407 641 1448 gloria,
652 1417 750 1448 quam
766 1410 992 1449 possessiones
1007 1410 1224 1450 voluptariae3

526 1462 562 1488 et
576 1458 794 1489 confirmatur
810 1460 1049 1500 sequentibus:
1075 1461 1084 1477 ‘
1099 1461 1226 1502 quippe

526 1508 675 1539 victoriae
689 1509 829 1548 gloriam
846 1509 999 1541 Romano
1016 1511 1141 1541 nomini
1155 1512 1224 1542 vin—

524 1558 715 1599 dicandam,
740 1570 842 1600 opnm
869 1561 1033 1592 luxuriam
1055 1562 1155 1592 sociis
1173 1572 1224 1592 re-

522 1608 761 1649 linquendam!
806 1610 844 1641 In
863 1611 1004 1652 antiqno
1017 1612 1100 1643 libro
1117 1613 1223 1652 scrip-

524 1663 593 1688 tum
621 1658 686 1690 fuit
712 1659 855 1700 Romani,
881 1661 971 1701 quod
994 1672 1068 1692 cum
1097 1662 1138 1693 ab
1155 1663 1222 1693 alio

522 1713 714 1740 correctum
731 1715 823 1740 esset
848 1711 1081 1751 superscripto
1108 1712 1222 1743 Roma-

520 1760 580 1800 nis,
596 1765 710 1791 natum
731 1761 810 1792 inde
835 1766 886 1792 est
903 1772 957 1801 ap.
974 1763 1056 1792 alios
1073 1762 1222 1803 descrip-

521 1815 625 1849 torm,
654 1819 718 1841 non
747 1816 954 1851 exputantcs
981 1812 1060 1852 qnid
1089 1813 1222 1844 Romani

519 1866 555 1891 et
573 1861 721 1891 Romanis
742 1862 803 1891 sibi
821 1862 915 1900 velit,
931 1863 1076 1894 muneris.
1105 1863 1219 1894 Graev.

520 1910 613 1949 Lego
642 1914 708 1950 apt.
738 1911 797 1941 sibi
828 1912 974 1950 gloriam,
1003 1914 1055 1951 &a
1100 1913 1218 1944 Faber.

520 1959 635 1990 Graev.
652 1959 751 1991 codd.
774 1961 856 1991 Mss.
872 1966 908 1992 et
922 1961 1056 2001 Juntas,
1072 1967 1218 1993 veteres-

520 2018 585 2050 que
602 2009 683 2039 alias
699 2009 776 2040 edd.
794 2019 910 2041 omnes
926 2010 1050 2041 habere
1075 2012 1122 2042 ait
1145 2012 1215 2043 sic:

519 2061 568 2100 [v.
585 2061 673 2101 sup.]
706 2059 804 2091 Unde
826 2061 882 2091 ille
904 2071 986 2092 voce
1002 2063 1139 2093 muneris
1161 2072 1218 2093 ex-

1006 363 1147 393 NOTAE

519 2115 646 2150 puncta
658 2110 790 2149 legend.
805 2116 921 2141 censet
937 2122 943 2141 :
961 2112 1111 2152 [v.sup.]
1140 2113 1218 2144 ,lam

518 2159 703 2191 editionem
719 2160 815 2192 Junt.
829 2161 889 2196 sic,
900 2166 937 2192 ut
954 2161 1009 2192 ille
1023 2162 1081 2202 ait,
1093 2162 1218 2193 habere

1184 363 1442 395 VARIORUM
1476 364 1527 394 IN

1291 458 1445 490 accredo.
1477 458 1525 490 At
1540 457 1615 489 aliae
1632 461 1716 489 vett.
1737 455 1815 488 edd.
1841 457 1986 491 Bechar.

1290 513 1384 549 puta,
1411 509 1496 549 Maj.
1529 513 1564 539 et
1588 508 1741 546 aliorum,
1766 507 1815 539 sic
1840 508 1985 541 liabent:

1288 559 1422 589 muneris
1442 559 1575 589 Romani
1588 561 1652 598 apt.
1666 557 1795 588 Asiam:
1817 557 1985 598 quomodo

1289 615 1324 640 et
1340 609 1373 639 in
1389 619 1454 640 uno
1470 609 1546 640 cod.
1562 610 1629 639 ΜΞ.
1646 617 1720 639 esse
1736 611 1883 638 testatur
1895 608 1984 638 Bon-

1288 659 1429 699 garsius.
1473 659 1574 690 Unde
1589 658 1723 698 legend.
1739 657 1763 688 f.
1782 657 1902 688 muneri
1921 657 1985 688 Ro-

1285 709 1386 741 manis
1394 713 1458 750 apt.
1470 710 1599 746 Asiam5
1616 714 1653 740 ut
1665 718 1780 740 sensus
1789 708 1851 738 sit:
1870 707 1984 739 Asiam

1287 760 1446 790 Romanis
1468 760 1501 790 in
1528 769 1646 790 munus
1671 759 1838 800 aptiorem
1853 757 1983 789 fuisse:

1288 811 1352 848 vel,
1368 809 1394 840 si
1414 810 1546 848 gloriam
1562 809 1708 840 retinere
1729 808 1837 848 malis,
1849 808 1984 839 muneris

1286 860 1434 890 Romanis
1458 859 1608 900 aptiorem
1629 859 1775 898 gloriam,
1801 863 1839 889 ut
1866 868 1983 890 sensus

1285 910 1351 940 sit:
1375 910 1528 940 Muneris
1546 910 1684 949 gloriam
1702 909 1859 940 Romanis
1874 909 1982 949 aptio-

1284 969 1353 990 rem
1370 959 1471 990 fuisse
1487 969 1585 1003 quam
1611 960 1841 999 possessiones
1866 960 1983 1000 volup-

1284 1011 1397 1041 tarias.
1421 1010 1654 1050 'l'rajectiones
1670 1020 1789 1042 vocum
1806 1013 1876 1042 tam
1892 1011 1981 1042 Nos-

1283 1065 1336 1091 tro
1360 1070 1457 1101 quam
1484 1060 1558 1091 aliis
1583 1061 1665 1091 satis
1695 1061 1844 1092 usitatae.
1888 1060 1979 1092 Illud

1282 1110 1325 1140 de
1354 1119 1476 1141 munere
1499 1115 1764 1141 consentaneum
1791 1120 1921 1152 quoque
1949 1111 1982 1141 ei

1282 1160 1369 1201 quod
1392 1160 1576 1198 antecedit,
1600 1160 1609 1177 ‘
1626 1165 1746 1201 captas
1771 1161 1865 1192 civit.
1889 1160 1980 1192 inter

1282 1209 1390 1240 socios
1415 1209 1584 1241 divisere!
1621 1210 1722 1242 Vorst.
1768 1211 1851 1242 Mss.
1877 1210 1979 1251 pleri-

1280 1269 1345 1300 que
1374 1260 1518 1299 divisere,
1541 1261 1675 1291 mtmerz's
1704 1261 1848 1292 Romani.
1892 1260 1978 1291 Mihi

1280 1309 1328 1339 sic
1344 1309 1520 1349 scripsisse
1537 1309 1797 1351 distinxisseque
1820 1310 1910 1342 Just.
1931 1310 1978 1341 vi-

1279 1358 1399 1389 detur:
1426 1359 1463 1389 C.
1491 1370 1518 1390 c.
1546 1360 1569 1390 i.
1593 1370 1619 1390 s.
1644 1361 1675 1391 d.
1698 1360 1819 1390 muneri
1836 1359 1980 1400 Romani,

1278 1409 1427 1448 potiorem
1439 1409 1584 1448 gloriam,
1597 1419 1627 1449 q.
1640 1419 1672 1450 p.
1688 1409 1756 1447 wj.
1800 1409 1891 1440 Illud
1912 1419 1978 1441 mu-

1279 1459 1348 1489 neri
1370 1459 1501 1489 divisere
1526 1459 1574 1490 sic
1595 1465 1647 1490 est
1671 1460 1814 1498 dictum,
1831 1459 1893 1490 ut‘
1908 1459 1977 1490 Do-

1279 1515 1401 1539 narum
1418 1509 1543 1540 victum
1571 1509 1741 1540 memoriae
1767 1508 1894 1550 patris’
1921 1519 1976 1550 ap.

1279 1559 1381 1590 eund.
1399 1560 1518 1591 Nostr.
1534 1568 1697 1590 xxxvrn.
1713 1562 1744 1590 6.
1768 1563 1804 1590 et
1826 1559 1894 1589 alia
1907 1559 1976 1600 lmj.

1278 1609 1412 1649 generis
1436 1618 1490 1649 ap.
1521 1609 1601 1640 alios
1625 1609 1820 1650 scriptores,
1835 1618 1912 1649 pro,
1928 1608 1978 1639 di·

1278 1661 1428 1691 viserunt
1442 1661 1474 1691 in
1491 1670 1622 1699 munus,
1638 1666 1674 1692 ut
1688 1665 1775 1692 esset
1789 1670 1922 1702 munus„
1939 1665 1978 1692 ut

1276 1711 1441 1742 haberent
1458 1720 1519 1751 pro
1534 1720 1686 1742 munere.
1709 1711 1815 1749 Schef.

1319 1761 1528 1791 possessiones
1540 1761 1741 1801 voluptarias]
1768 1762 1914 1793 Manlius
1931 1761 1974 1793 ad

1276 1811 1401 1841 milites
1418 1820 1494 1841 suos
1510 1820 1563 1850 ap.
1587 1811 1662 1842 Liv.
1680 1819 1839 1842 xxxvln.
1856 1814 1907 1843 17.
1923 1814 1975 1844 18.

1275 1862 1284 1877 ‘
1302 1861 1405 1891 Vobis
1433 1860 1623 1891 mehercule
1653 1860 1777 1891 Martis
1808 1860 1888 1891 viris
1919 1870 1974 1892 ca-

1274 1911 1383 1942 venda
1395 1920 1433 1941 ae
1448 1910 1605 1949 fugienda
1617 1911 1860 1951 quamprimum
1873 1920 1974 1942 amoe-

1273 1962 1361 1992 nitas
1374 1965 1426 1992 est
1440 1960 1551 1990 Asiae:
1569 1965 1701 1990 tantum
1718 1960 1768 1990 11ae
1784 1961 1972 2000 peregrinae

1274 2013 1467 2051 voluptates
1483 2011 1524 2041 ad
1542 2009 1806 2050 extinguendum
1823 2011 1972 2050 vigorem

1273 2062 1458 2092 animorum
1482 2064 1640 2099 possunt:
1667 2065 1797 2091 tantum
1814 2061 1972 2100 contagio

1272 2111 1460 2151 disciplinae
1473 2109 1639 2150 morisque
1653 2110 1843 2141 accolarum
1857 2110 1972 2142 valet-¹

1273 2162 1321 2192 Ut
1338 2160 1464 2191 factum
1477 2159 1535 2191 inf.
1554 2168 1687 2191 xxxw.
1703 2162 1735 2191 4.
1754 2163 1804 2192 12.
1830 2161 1926 2193 Rern.

993 2432 1214 2480 LIBER
1242 2432 1489 2480 XXXII.

559 2548 646 2579 CAP.
676 2557 700 2580 ι.
740 2551 755 2590 §
784 2552 797 2580 l
835 2550 951 2591 AEtoli]
991 2552 1041 2583 De
1070 2553 1215 2583 AEtolico

515 2596 617 2637 bello,
635 2599 724 2639 quod
748 2600 854 2640 gessit
881 2601 930 2632 M.
947 2603 1083 2633 Fulvius
1110 2603 1215 2634 Nobi-

515 2648 579 2679 lior
602 2649 680 2680 Cos.
709 2659 784 2681 cum
805 2651 871 2682 Gn.
895 2652 1023 2683 Manlio
1051 2653 1215 2692 Vulsone,

515 2700 577 2739 leg.
601 2700 674 2731 Liv.
697 2709 860 2732 xxxvm.
883 2704 913 2733 3.
935 2704 999 2734 &m
1023 2703 1111 2734 Flor.
1129 2713 1169 2735 11.
1183 2706 1214 2734 9.

515 2749 620 2788 Bong.

557 2802 576 2829 3
600 2800 707 2839 Majus
731 2801 931 2842 desiderium]
959 2803 1039 2844 Leg.
1061 2803 1213 2842 majorum

512 2851 543 2879 d.
570 2849 675 2882 Gron.

557 2899 662 2937 quus
687 2900 885 2941 desiderium]
922 2902 1020 2933 Hanc
1051 2903 1130 2934 lect.
1158 2902 1212 2933 vix

1269 2553 1389 2593 opinor
1405 2562 1478 2584 esse
1496 2552 1646 2593 probam.
1692 2553 1775 2586 Quis
1792 2553 1880 2584 enim
1904 2553 1967 2585 Ln-

1270 2605 1375 2635 tinum
1394 2609 1501 2644 putet,
1517 2615 1632 2644 augere
1644 2605 1742 2642 majas
1761 2603 1969 2637 desiderium?

1270 2654 1372 2693 Nam,
1387 2654 1474 2695 quod
1496 2654 1604 2694 majus
1628 2662 1692 2693 est,
1711 2655 1780 2695 jam
1808 2664 1969 2695 augmen·

1270 2708 1338 2734 tum
1355 2714 1449 2735 suum
1465 2704 1580 2735 habet.
1606 2704 1725 2745 Itaque
1742 2714 1807 2735 non
1823 2708 1967 2745 augetur

1267 2754 1473 2786 desiderium
1510 2755 1630 2795 majus,
1665 2755 1724 2786 scd
1761 2755 1966 2788 desiderium

1267 2804 1410 2844 simplex
1441 2809 1585 2844 augetur
1614 2806 1733 2846 magis.
1791 2805 1877 2836 Mihi
1899 2813 1966 2835 non

1268 2860 1318 2884 est
1334 2854 1485 2893 dubium,
1507 2854 1586 2894 quin
1612 2854 1704 2886 Just.
1730 2854 1905 2895 scripserit
1931 2853 1966 2885 in

1267 2903 1366 2942 majus
1387 2905 1450 2935 des.
1495 2904 1551 2935 Sic
1577 2904 1665 2935 enim
1696 2904 1780 2936 illud
1807 2906 1840 2936 in
1870 2903 1966 2943 παύω
