2101 3419
491 339 682 371 JusTmi
721 339 811 368 mn.
848 338 1032 367 xsvm.
1064 338 1169 367 cAv.
1200 327 1239 367 4.

147 434 314 477 quomodo
325 433 447 475 saepius
457 433 530 464 haec
541 442 605 463 vox
618 432 840 473 depravatur,

147 496 224 517 cum
254 485 376 516 acclivis
401 483 538 524 proprie
565 482 608 514 de
636 482 840 521 inanimatis,

146 537 270 568 acclinis
285 536 326 567 de
342 534 495 566 animatis
511 533 657 570 dicatur,
673 538 711 563 ut
727 533 840 572 placet

147 587 216 618 Ob.
233 585 368 618 Gifanio
379 585 412 615 in
425 584 506 616 Obs.
521 584 558 614 L.
575 584 612 614 L.
628 582 749 622 Virgil.
767 582 839 613 ΖΕΗ.

149 645 187 667 x.
216 639 289 667 835.
327 634 496 666 ‘Arboris
527 633 665 664 acclinis
695 631 840 663 trunco.’

146 686 226 718 Tac.
242 694 325 717 xur.
341 688 392 716 16.
411 685 421 702 ‘
436 684 498 714 Ille
515 689 552 714 ut
568 689 641 714 erat
657 683 792 714 reclinis
805 686 841 713 et

147 737 262 768 nescio
277 735 417 768 similis.’
447 735 542 766 Bern-

192 787 361 826 Hwtatur,
373 789 408 816 ut
423 794 454 815 se
468 785 509 815 ad
526 783 664 822 meliora,
687 781 756 822 Sym]
779 783 841 812 Le-

146 836 247 876 gend.
278 835 414 866 videtur
435 835 587 872 hortatus,
614 836 648 863 ut
673 842 705 863 se
730 834 771 862 ad
800 842 841 863 m.

146 895 176 916 r.
199 890 223 918 t.
245 888 449 925 reservarent,
469 894 537 915 cum
561 884 699 922 conjuge,
724 886 767 922 et,
790 883 842 922 ᾅτ.

149 935 255 968 Gron.

194 986 237 1016 Ut
261 995 292 1016 se
314 986 354 1016 ad
377 985 516 1023 meliora,
537 983 606 1023 Syru]
632 983 708 1014 Hoc
732 984 841 1024 ipsum

146 1034 314 1066 Leonidas
332 1045 408 1065 suos
427 1035 582 1065 hortatur
598 1043 672 1074 sup.
687 1042 726 1065 11.
743 1036 795 1064 ll.
811 1038 843 1065 5.

147 1085 296 1126 itemque
326 1094 385 1115 rex
415 1084 498 1125 Agis
528 1093 618 1123 suos,
651 1094 706 1124 ap.
737 1084 843 1115 Diod.

149 1146 243 1168 xvn.
265 1139 319 1168 63.
365 1136 553 1177 Antigonus
579 1146 637 1166 rex
665 1136 844 1177 aliquando

148 1186 274 1218 cedens
290 1186 441 1217 hostibus
465 1186 730 1224 imminentibus,
753 1187 761 1203 ‘
777 1195 845 1217 non

149 1247 185 1269 se
209 1236 346 1277 fugere'
375 1236 480 1268 dixit:
507 1236 588 1267 ‘sed
611 1237 846 1276 opportunita-

150 1291 218 1318 tem
243 1296 262 1317 a
284 1291 382 1327 tergo
409 1288 509 1318 sitam
536 1286 714 1328 persequi.’
754 1287 847 1318 Plut.

150 1336 286 1377 Apoph.
301 1339 355 1368 48.
372 1341 407 1368 et
420 1336 514 1368 Stob.
530 1337 636 1367 Serm.
652 1339 703 1367 52.
726 1337 825 1368 Bern.

194 1387 276 1427 §10
298 1386 508 1427 Dignatione]
543 1387 572 1418 I.
604 1397 634 1417 e.
666 1386 846 1427 dignitate.

149 1435 269 1467 Utitur
290 1435 435 1467 Tacitus
462 1436 599 1476 passim,
622 1436 694 1467 Cic.
711 1435 754 1466 ad
771 1435 846 1467 Att.

153 1494 190 1516 x.
218 1487 270 1516 10.
300 1485 396 1516 Curt.
420 1486 500 1516 Sen.
527 1486 593 1517 alii.
631 1486 846 1516 Cleomenem

152 1539 264 1566 autem
281 1534 344 1566 sibi
359 1535 423 1575 ipsi
440 1535 594 1566 attulisse
609 1545 727 1566 manus
743 1535 845 1566 Paus.

151 1589 187 1616 et
200 1585 295 1617 Plut.
311 1590 389 1616 sunt
403 1590 572 1616 auctores.
596 1585 753 1624 Bongars.
788 1584 846 1615 Vi-

151 1637 254 1668 dend.
269 1637 405 1669 omnino
420 1637 566 1669 Casaub.
583 1637 624 1668 ad
639 1637 733 1667 Suet.
758 1638 846 1668 Caes.

150 1691 183 1719 4.
196 1690 227 1719 2.
251 1688 383 1719 Bernec.
413 1686 633 1728 Antiquiores
646 1686 735 1726 typis
748 1695 845 1725 expr.

150 1737 320 1776 dignitate.
352 1737 419 1768 Sed
442 1737 552 1777 Bong.
578 1746 597 1767 e
623 1736 709 1766 Mss.
732 1736 849 1775 credo,

151 1787 325 1827 rescripsit
340 1786 530 1826 dignatione.
575 1786 643 1817 Sed
666 1787 775 1826 ipsum
799 1790 847 1816 ta-

151 1845 230 1867 men
244 1836 306 1867 hoc
323 1845 454 1877 quoque
479 1845 539 1876 pro
566 1836 732 1876 dignitate
760 1836 848 1876 posi-

153 1892 224 1918 tum
251 1888 358 1927 Bong.
391 1887 574 1918 existimat.
618 1886 666 1917 At
694 1887 845 1917 Freinsh.

150 1937 360 1976 dignationem
386 1937 441 1967 hic
467 1946 527 1976 pro
561 1937 671 1976 gratia
702 1937 846 1977 positam

151 1992 267 2028 putat3
291 1993 327 2018 et
352 1987 499 2027 intelligi
529 1987 592 2017 lioc
619 1996 662 2017 ex
690 1997 729 2017 eo
757 1986 845 2028 quod

151 2037 304 2068 additum
320 2042 373 2068 est
393 2037 403 2054 ‘
416 2037 530 2077 regis,'
555 2037 734 2068 Ptolemaei
751 2043 846 2077 puta.

152 2089 198 2120 Et
221 2097 301 2119 sane
327 2088 375 2119 ita
400 2092 472 2119 est:
498 2088 705 2118 Ptolemaeus
721 2087 846 2118 honore

151 2137 310 2178 dignatus
336 2142 391 2169 est
417 2137 646 2177 Cleomenem,
673 2138 848 2178 ipsiusque

151 2187 329 2219 Ptolemaei
360 2197 401 2218 ea
430 2188 578 2228 dignatio
608 2187 686 2219 fuit.
741 2189 786 2219 Et
814 2188 847 2218 in

153 2237 228 2278 ipsa
249 2238 309 2269 illa
334 2239 423 2278 regis
447 2238 624 2270 Ptolemaei
651 2239 847 2279 dignatione

152 2287 256 2319 fnisse
271 2287 396 2319 dicitur
411 2289 620 2327 Cleomenes,
636 2289 726 2329 quod
750 2289 847 2319 eand.

153 2341 313 2377 expertus
330 2341 392 2368 est.
436 2338 580 2369 Ponitur
604 2343 716 2368 tamen
739 2339 849 2377 digna-

153 2387 199 2417 tio
213 2396 273 2426 pro
288 2386 360 2427 ipsa
373 2397 504 2429 quoque
517 2388 700 2427 dignitate:
726 2389 799 2419 Cic.
815 2397 849 2420 x.

155 2435 198 2466 ad
211 2435 287 2467 Ait.
302 2439 353 2467 10.
388 2439 397 2454 ‘
410 2438 485 2468 Etsi
502 2448 595 2469 meus
612 2438 746 2479 quidem
763 2439 849 2478 [ani-

152 2485 242 2526 mus]
256 2490 309 2517 est
321 2486 454 2528 fortior,
467 2497 574 2530 eoque
587 2489 660 2529 ipso
674 2489 850 2519 vehemen-

155 2535 222 2567 tius
239 2542 438 2578 commovet,
451 2547 514 2569 nec
531 2538 711 2579 quidquam
728 2538 791 2568 nisi
807 2539 849 2569 de

153 2586 347 2627 dignatione
362 2587 514 2620 laborat!
538 2589 680 2619 Festus:
715 2589 723 2605 ‘
739 2589 850 2619 Maxi-

153 2645 216 2666 mae
244 2636 447 2677 dignationis
473 2638 612 2669 Flamen
641 2638 751 2669 Dialis
776 2637 851 2670 est!

162 2686 265 2718 Vorst.
309 2689 419 2729 Bong.
447 2689 636 2728 dignatione.
658 2690 754 2721 Vett.
780 2690 850 2728 ‹lig-

154 2737 269 2769 nitate:
294 2740 382 2779 quod
395 2749 435 2770 ex
449 2740 558 2780 glossa
572 2745 688 2771 natum
700 2740 849 2772 videtur.

159 2788 355 2829 Quanquam
370 2790 511 2829 dignatio
527 2790 640 2831 potius
658 2791 714 2829 sit,
731 2791 852 2831 gratia,

158 2837 386 2870 Fneinshemio
413 2840 613 2881 interprete,
639 2840 672 2872 h.
700 2841 720 2871 l.
745 2840 849 2878 Scluf.

157 2885 341 2927 Hegesipp.
372 2898 396 2919 1.
428 2892 481 2920 34.
525 2890 625 2922 ‘Qua
655 2890 849 2932 dignatione

241 2939 354 2980 Delph.
369 2944 397 2972 et
419 2941 492 2974 Var.
512 2943 592 2974 Clas.

821 2943 941 2975 Justin.

1504 325 1590 366 945

890 430 1034 461 Caesaris
1051 429 1215 462 invitatus
1242 428 1462 460 Alexander!
1499 429 1591 461 Saxo

892 489 943 510 v1.
958 490 989 520 p.
1003 483 1076 510 115.
1089 483 1142 511 27.
1165 480 1175 496 ‘
1187 479 1318 511 Videns
1330 483 1442 511 autem
1455 480 1590 512 Sterca-

891 530 1006 560 therus
1028 539 1099 568 008,
1114 530 1172 570 qui
1188 529 1394 561 Frothonein
1412 539 1592 570 oppresse-

891 586 979 618 rant,
1004 580 1036 610 in
1054 590 1184 610 summa
1206 580 1295 620 regis
1322 579 1415 620 dign.
1440 580 1593 612 versari!

890 629 1106 660 Add.nota1n
1123 630 1301 668 stephanii
1317 630 1358 660 ad
1376 639 1401 660 1.
1420 639 1453 670 p.
1472 632 1524 661 13.
1540 633 1572 661 8.

934 680 951 719 ξ
976 681 1014 709 11
1040 679 1253 720 Intevficitur]
1286 679 1409 720 Polyb.
1426 689 1461 710 v.
1477 682 1530 711 39.
1547 679 1591 710 de

891 727 1075 758 Cleomene
1089 732 1125 758 et
1138 728 1327 768 conjuratis
1341 728 1478 759 scribit:
1494 732 1594 769 Προσ-

889 775 1022 815 ἡνεγκαν
1037 777 1141 808 αὐτοῖς
1159 777 1215 808 τὰς
1231 779 1337 817 χεῖρας
1358 776 1501 817 ἐμψύχως
1515 777 1594 808 πάνυ

891 826 941 858 καὶ
963 829 1150 859 Λακωνικῶς.
1189 827 1364 867 Κλεομένης
1377 827 1434 867 μὲν
1449 826 1502 859 οὖν
1515 828 1595 860 οὕτω

890 877 1063 917 μετήλλαξε
1076 876 1132 909 τὸν
1147 877 1228 914 βίον.

950 930 967 970 ς
1001 932 1040 959 12
1071 930 1264 968 Antigonus,
1295 928 1365 969 ἔξω]
1404 929 1595 969 Propterea

894 981 1097 1020 Euergetes,
1110 985 1146 1011 et
1159 987 1234 1020 post
1246 984 1389 1011 mortem
1402 980 1504 1011 Soter
1517 989 1595 1020 cog-

894 1030 1083 1060 nominatus
1113 1029 1192 1071 fuit,
1222 1036 1312 1061 teste
1343 1030 1466 1070 Polyb.
1495 1040 1529 1062 v.
1559 1034 1592 1062 9.

893 1081 1068 1120 Ἀντίγονος
1095 1081 1129 1112 ἐκ
1149 1080 1343 1122 παρατάξεως
1363 1080 1488 1118 νικήσας
1505 1080 1592 1122 μάχῃ

895 1131 1082 1171 Κλεομένην,
1098 1131 1293 1171 φυγαδεύσας
1305 1131 1360 1162 τὸν
1370 1130 1516 1172 βασιλέα,
1531 1134 1593 1162 τῶν

893 1181 1132 1220 Λακεδαιμονίων
1147 1181 1297 1223 ἐγκρατὴς
1318 1180 1440 1220 ἐγένετο
1464 1181 1515 1212 καὶ
1537 1183 1597 1220 τῆς

895 1230 1049 1272 Σπάρτης,
1066 1231 1157 1263 αὐτός
1171 1244 1207 1263 τε
1228 1232 1270 1263 ὢν
1284 1231 1393 1273 κύριος,
1407 1232 1424 1262 ἳ)
1439 1231 1599 1273 βούλοιτο,

894 1284 1029 1323 χρῆσθαι
1044 1282 1094 1312 καὶ
1106 1284 1146 1324 τῇ
1155 1282 1246 1313 πόλει
1261 1282 1311 1313 καὶ
1322 1284 1388 1314 τοῖς
1401 1283 1597 1322 ἐμπολιτευο-

896 1331 1004 1372 μένοις,
1019 1333 1170 1363 τοσοῦτον
1184 1333 1294 1372 ἀπεῖχε
1307 1333 1364 1363 τοῦ
1385 1335 1484 1364 κακῶς
1503 1335 1599 1364 ποιεῖν

895 1383 968 1415 τοὺς
981 1382 1154 1423 γεγονότας
1170 1383 1370 1424 ὑποχειρίους,
1386 1384 1459 1414 ὥστ’
1482 1384 1516 1414 ἐκ
1537 1386 1599 1414 τῶν

896 1433 1040 1464 ἐναντίων
1055 1432 1184 1465 ἀποδοὺς
1202 1433 1240 1464 τὸ
1264 1432 1390 1475 πάτριον
1415 1436 1600 1476 πολιτεῦμα,

896 1483 946 1515 καὶ
958 1484 1016 1521 τὴν
1028 1483 1212 1524 ἐλευθερίαν,
1223 1483 1273 1514 καὶ
1284 1486 1345 1514 τῶν
1357 1484 1513 1523 μεγίστων
1525 1486 1600 1524 ἀγα-

895 1536 953 1565 θῶν
977 1535 1074 1565 αἴτιος
1095 1533 1258 1573 γενόμενος
1281 1534 1330 1565 καὶ
1355 1536 1440 1577 κοινῇ
1463 1535 1513 1566 καὶ
1530 1536 1599 1566 κατ’

896 1584 972 1615 ἰδίαν
984 1584 1240 1624 Λακεδαιμονίοις,
1248 1585 1343 1617 οὕτως
1358 1585 1399 1617 εἷς
1413 1587 1472 1623 τὴν
1487 1585 1601 1617 οἰκείαν

896 1634 1079 1674 ἀπηλλάγη.
1092 1636 1252 1675 τοιγαροῦν
1267 1635 1302 1666 οὐ
1312 1635 1403 1674 μόνον
1414 1636 1514 1677 ἐκρίθη
1527 1637 1600 1676 παρ’

897 1685 988 1716 αὐτὸν
1013 1686 1068 1716 τὸν
1093 1685 1196 1727 καιρὸν
1220 1687 1402 1727 Εὐεργέτης,
1427 1687 1512 1718 ἀλλὰ
1536 1687 1601 1727 καὶ,

895 1735 1104 1776 μεταλλάξας,
1132 1735 1249 1777 Σωτήρ.
1286 1737 1354 1768 οὐδὲ
1388 1738 1470 1778 παρὰ
1499 1738 1601 1777 μόνοις

897 1786 1140 1825 Λακεδαιμονίοις
1154 1787 1239 1818 ἀλλὰ
1253 1788 1334 1827 παρὰ
1356 1789 1421 1819 τοῖς
1442 1788 1601 1825 *Ἕλλησιν

897 1837 1048 1868 ἀθανάτου
1061 1837 1192 1877 τέτευχε
1205 1839 1291 1877 τιμῆς
1305 1837 1356 1869 καὶ
1369 1837 1455 1878 δόξης
1470 1838 1520 1869 ἐπὶ
1533 1840 1602 1870 τοῖς

898 1890 1129 1929 προειρημένοις.
1164 1887 1362 1927 Φυγαδεύσας
1384 1889 1416 1919 h.
1444 1889 1467 1919 1.
1495 1889 1599 1920 abnn-

899 1938 979 1968 dare
1005 1937 1153 1976 videtur,
1184 1938 1340 1978 idemque
1369 1937 1464 1968 abest
1487 1948 1507 1968 a
1533 1939 1602 1969 Ms-

899 1988 996 2018 Med.
1013 1992 1048 2018 et
1066 1997 1121 2027 ap.
1139 1987 1236 2019 Suid.
1255 1997 1287 2018 v.
1309 1986 1494 2026 Ἀντίγονος.
1530 1988 1601 2018 Pro

899 2037 972 2067 ὥστ’
1000 2037 1034 2068 ἐκ
1060 2037 1118 2068 iid.
1145 2043 1245 2078 atque
1275 2037 1351 2068 cod.
1380 2037 1600 2078 Augustanus

899 2087 984 2118 dant
999 2087 1038 2118 ὡς
1053 2087 1098 2118 ἐκ.
1135 2087 1205 2117 Pro
1221 2085 1350 2127 πάτριον
1367 2097 1422 2127 ap.
1438 2087 1532 2118 Suid.
1549 2093 1603 2119 est

899 2139 1055 2180 πατρικόν.
1090 2139 1137 2171 At
1151 2139 1358 2180 praeferend.
1376 2140 1481 2180 prius.
1509 2139 1603 2172 Auc-

900 2193 954 2220 tor
971 2199 1013 2221 11.
1031 2189 1189 2220 Maccab.
1212 2191 1245 2220 7.
1262 2192 1316 2220 37.
1355 2189 1435 2228 Ἐγὼ
1459 2188 1491 2220 δὲ
1514 2192 1602 2228 σῶμα

899 2239 950 2270 καὶ
980 2239 1084 2279 ψυχὴν
1107 2238 1266 2279 προδίδωμι
1290 2238 1357 2280 περὶ
1381 2241 1444 2270 τῶν
1469 2239 1603 2280 πατρίων

900 2289 1007 2328 νόμων.
1044 2289 1166 2320 AElian.
1194 2299 1261 2321 VII.
1285 2291 1328 2321 V.
1353 2290 1398 2322 H.
1421 2293 1472 2322 19.
1512 2291 1605 2322 Κατὰ.

899 2338 937 2369 τὸ
956 2338 1083 2379 πάτριον
1107 2338 1210 2369 αὐτοῖς
1237 2338 1314 2370 ἔθος.
1346 2340 1490 2370 Thomas
1506 2340 1601 2381 Mag.

901 2390 1043 2430 Πατρῴα,
1058 2389 1098 2420 τὰ
1120 2389 1154 2419 ἐκ
1169 2388 1308 2429 πατέρων
1323 2389 1364 2420 εἷς
1379 2389 1458 2422 υἱοὺς
1472 2392 1604 2431 χωροῦν-

900 2450 951 2470 τα·
968 2439 1018 2470 καὶ
1033 2440 1165 2480 πατρῷοι
1187 2438 1280 2480 φίλοι·
1301 2439 1415 2481 πάτρια
1434 2440 1480 2482 δὲ,
1492 2441 1532 2472 τὰ
1546 2442 1602 2480 τῆς

901 2489 1020 2521 πόλεως
1036 2488 1100 2526 ἔθη.

945 2543 962 2582 ᾗ
988 2544 1026 2571 13
1054 2540 1163 2570 Omnis
1190 2540 1240 2571 ira
1261 2539 1340 2580 ejus]
1364 2540 1418 2571 An
1445 2541 1508 2572 hoc
1535 2540 1601 2580 ejus

903 2592 1013 2632 glossa
1030 2591 1104 2621 est?
1131 2590 1286 2621 Justiuus
1302 2600 1381 2622 sane
1398 2591 1532 2622 videtur
1547 2602 1603 2623 sna

902 2651 963 2681 pro
979 2650 1019 2671 eo
1034 2639 1136 2670 fuisse
1151 2640 1353 2680 scripturus,
1364 2641 1509 2673 maxime
1524 2652 1602 2674 cum

902 2691 1077 2731 prae‹·edat
1099 2691 1108 2707 ‘
1123 2689 1182 2721 se.’
1231 2691 1317 2721 Nam
1335 2691 1416 2722 alias
1432 2692 1603 2725 interdum

902 2743 1047 2772 alterum
1072 2750 1132 2781 pro
1157 2741 1265 2772 altero
1289 2741 1382 2782 poni,
1404 2751 1472 2773 non
1498 2743 1602 2783 plane

901 2791 1110 2821 inusitatum.
1133 2790 1240 2828 Schef.

946 2842 962 2881 ξ
988 2844 1026 2872 14
1051 2841 1258 2881 Proderetur]
1295 2841 1340 2872 H.
1369 2851 1401 2873 e.
1429 2843 1600 2875 memoriae

903 2891 1118 2931 proderetur,
1143 2896 1178 2921 ut
1203 2891 1332 2932 plenius
1350 2892 1496 2934 loquitur
1514 2892 1603 2925 Auc-

1442 2948 1460 2976 ὃ
1486 2945 1516 2976 O
