2101 3419
429 348 542 390 1052
745 355 1003 390 aecensus
1038 356 1323 391 ΕῡιτιοΝυΜ
1355 356 1568 390 rusa-mr.

428 454 607 506 Epistola
639 453 878 493 dedicatoria
897 454 946 493 ad
968 453 1181 505 Georgium
1213 453 1449 505 Episcopum
1479 452 1752 501 Viennensem,
1788 454 1880 494 data

427 530 530 556 nono
549 517 742 556 Kalendas
760 519 784 557 J
789 518 854 556 ulii
882 523 995 561 1517.
1025 518 1064 555 in
1085 530 1162 569 qua
1180 516 1398 569 profitetur,
1428 516 1741 568 corrigendorum
1759 519 1783 558 J
1788 520 1881 557 usti-

427 579 466 617 ni
485 579 670 617 librorum
690 592 824 618 curam
857 580 931 619 sibi
959 578 1173 630 injunctam
1205 580 1337 627 fuisse,
1356 592 1436 630 quo
1469 580 1644 618 exactius
1663 580 1880 619 ederentur.

426 642 473 678 In
492 640 570 679 fine
587 642 611 680 J
616 642 728 679 ustini
747 654 757 680 ε
788 646 800 663 ‘
814 643 1050 692 Impressum
1062 642 1224 681 Viennae
1239 642 1428 688 Austriae‚
1444 654 1514 692 per
1527 643 1715 682 Joannem
1732 643 1882 693 Singre-

426 703 549 742 nium.
605 704 794 754 Expensis
813 717 906 743 uero
927 704 1146 743 Leonhardi
1163 711 1202 744 et
1220 706 1325 744 Luce
1343 706 1503 744 Alantse
1533 704 1707 744 fratrum.
1761 705 1882 743 Anno

427 765 590 805 domini.
604 776 657 805 M.
676 777 719 805 D.
740 768 1046 805 xv11.’—Denis
1059 768 1189 807 Wiens
1205 768 1708 819 Buchdruckergeschichte
1727 780 1769 819 p.
1792 765 1883 807 165.

426 826 577 866 Panzer
595 829 713 868 Tom.
734 840 801 868 rx.
821 842 861 879 p.
879 834 945 868 34.

483 896 586 935 1519
613 891 786 931 Parisina
816 901 878 929 1v.
907 891 1081 928 Danesii.
1123 890 1208 929 Fol.
1264 890 1430 931 ‘Justini
1462 890 1645 930 Historici
1679 889 1880 930 clarissimi

427 952 609 1002 Epitome
627 953 666 990 in
692 953 815 1002 Trogi
832 953 994 1001 Pompei
1011 951 1234 997 Historias;
1264 952 1310 991 L.
1335 953 1438 991 Flori
1470 952 1520 990 de
1549 953 1662 991 rebus
1694 952 1882 991 Romanis

426 1014 609 1066 Epitome
626 1029 637 1059 ;
668 1015 773 1053 Sexti
792 1014 896 1053 Ruffi
916 1017 966 1053 V.
987 1015 1035 1053 C.
1055 1015 1225 1054 libellus.
1254 1014 1406 1053 Parisiis
1437 1015 1626 1066 impressit
1645 1014 1883 1065 Chalcogra·

426 1077 528 1127 plius
543 1077 786 1116 fidelissimus
806 1076 998 1116 Antonius
1019 1077 1249 1116 Aussurdus
1265 1077 1447 1128 impensis
1464 1077 1624 1117 Joannis
1645 1076 1784 1116 Parvi!
1835 1077 1882 1115 In

428 1137 505 1176 fine
535 1141 557 1177 J
562 1140 676 1178 ustiui
693 1152 702 1177 :
745 1145 758 1163 ‘
774 1140 841 1178 Ad
873 1139 965 1178 Idus
995 1140 1123 1178 Maias
1155 1152 1208 1179 M.
1232 1151 1275 1178 D.
1309 1141 1423 1180 xix!
1474 1139 1543 1178 Ad
1576 1139 1720 1179 calcem
1752 1139 1854 1178 Flori
1871 1152 1882 1180 ε

429 1200 609 1240 ‘Octavo
628 1202 819 1241 Calendas
844 1202 980 1247 Julias,
1000 1216 1103 1240 anno
1130 1215 1248 1252 supra
1278 1202 1524 1241 millesimum
1546 1213 1590 1241 D.
1610 1213 1712 1241 xlx.
1767 1203 1883 1240 Vaen·

427 1270 522 1301 eunt
551 1263 589 1300 in
611 1264 759 1303 cedibus
790 1264 948 1302 Joannis
966 1264 1079 1302 Parvi
1098 1265 1137 1301 in
1156 1265 1218 1302 via
1236 1264 1285 1302 ad
1306 1263 1439 1302 divum
1465 1263 1658 1304 Jacobum
1678 1263 1751 1302 sub
1770 1264 1882 1314 signo

427 1326 534 1364 aurci
567 1327 885 1366 Liliix—-Panzer
911 1326 1025 1365 Tom.
1060 1336 1139 1365 vu.
1158 1339 1199 1378 p.
1219 1332 1284 1366 54.
1339 1326 1502 1366 Curavit
1529 1327 1630 1364 hanc
1648 1325 1713 1364 ed.
1742 1325 1882 1364 Petrus

428 1388 637 1434 Danesius‚
658 1390 725 1440 qui
744 1390 783 1427 in
803 1389 969 1439 epistola
987 1389 1036 1427 ad
1056 1388 1302 1428 Aussurdum
1320 1389 1517 1440 praemissa
1547 1390 1586 1436 (a
1604 1387 1803 1426 Maittario
1823 1388 1882 1427 in·

430 1456 531 1489 serta
548 1452 664 1490 Tom.
688 1463 739 1490 11.
771 1453 816 1489 P.
839 1462 870 1490 1.
890 1463 928 1502 p.
952 1453 1031 1498 85.)
1056 1451 1099 1489 'se
1119 1452 1275 1502 egregio
1295 1451 1443 1489 Codice
1475 1462 1589 1488 usum
1623 1448 1732 1496 dicit,
1762 1450 1883 1489 omni-

428 1525 558 1563 noque
577 1527 684 1551 suam
714 1514 752 1551 in
786 1514 859 1552 hac
890 1514 954 1552 ed.
985 1518 1165 1552 navatam
1197 1525 1355 1563 operam
1387 1512 1588 1564 praedicat.
1644 1512 1734 1550 Fuit
1763 1525 1880 1563 penes

428 1575 688 1616 Gronovium.
716 1575 781 1615 Cf.
800 1577 865 1615 Jo.
882 1575 982 1616 Frid.
1013 1575 1238 1616 Fischerum
1256 1576 1485 1628 praefantem
1522 1587 1600 1614 suae
1629 1575 1774 1614 Justini
1802 1574 1882 1614 edi·

430 1637 542 1676 tioni.

482 1722 536 1730 —
556 1701 723 1741 parisina
748 1712 790 1740 v·
811 1708 851 1741 4.
905 1703 1039 1742 Florus
1059 1715 1149 1742 cum
1176 1703 1331 1744 Justino
1350 1708 1391 1741 et
1409 1702 1541 1741 Ruffo.
1598 1706 1609 1723 ‘
1625 1700 1778 1741 Parisiis
1809 1713 1881 1752 per
1950 1692 1958 1698 ’

430 1763 621 1801 Jacobum
661 1766 695 1802 le
726 1765 891 1803 Messicr
925 1778 1024 1803 anno
1064 1776 1240 1805 MDxlx.
1283 1777 1352 1805 xl.
1391 1764 1879 1804 Novembris.’-Maittar.

434 1826 518 1863 lud.
540 1836 570 1865 1.
591 1838 631 1876 p.
653 1832 745 1865 404.
766 1828 913 1866 Pauzer
929 1828 1044 1867 Toni.
1065 1839 1170 1867 Vlll.
1188 1841 1226 1879 p.
1248 1834 1313 1874 59.

489 1893 591 1927 1520
619 1889 918 1928 mediolanensis
937 1900 979 1927 v.
1002 1890 1071 1928 sol.
1102 1891 1292 1936 Justinns,
1313 1890 1355 1928 L.
1376 1889 1523 1935 Florus,
1542 1894 1581 1926 et
1601 1889 1706 1926 Sext.
1726 1887 1879 1929 Ruffus.

433 1948 669 1989 ‘Mediolani
697 1965 744 1989 ex
773 1951 929 1990 officina
956 1952 1186 1990 Minutiaua.
1218 1950 1587 1991 Mnxx.’—Panzer
1602 1950 1717 1988 Tom.
1736 1960 1818 1989 vll.
1838 1964 1882 2002 p.
1907 1952 1910 1955 ’

431 2017 455 2050 3
517 2040 526 2049 .

394 2086 403 2092 ·
460 2017 533 2101 9.9.
555 2091 563 2099 .
585 2091 596 2101 .
615 2064 785 2102 Parisina
799 2074 861 2102 vr.
878 2077 910 2102 s.
924 2077 960 2102 a.
982 2065 1051 2103 fol.
1082 2064 1258 2105 Justinus
1278 2070 1316 2101 et
1333 2064 1481 2101 Florus.
1510 2067 1522 2085 ‘
1538 2063 1675 2101 Petrus
1690 2063 1879 2103 Danesins

432 2123 482 2160 ad
505 2131 612 2161 vetus
632 2126 828 2174 exemplar
848 2126 1035 2176 reposuit.
1064 2125 1229 2165 Lutetiae
1249 2125 1286 2163 iu
1306 2125 1457 2163 aedibus
1475 2124 1662 2163 Johannis
1688 2125 1879 2165 Parvi.’—

434 2185 580 2224 Panzer
597 2186 709 2225 Toni.
731 2196 834 2225 vul.
854 2199 895 2236 p.
916 2192 1008 2226 211.

488 2274 498 2284 .
520 2275 530 2283 .
553 2275 562 2283 .
587 2275 596 2285 .
617 2248 788 2286 Parisina
807 2258 891 2287 vn.
921 2255 960 2287 4.
988 2248 1173 2294 Jusfiuns,
1193 2249 1345 2295 Florus,
1366 2254 1405 2287 et
1425 2249 1529 2287 Sext.
1555 2249 1707 2288 Ruffus.
1726 2249 1881 2288 Parisiis

434 2308 471 2346 in
492 2308 645 2348 aedibus
666 2311 850 2349 Antlronii
870 2311 1294 2350 ssonemere.-Pauzer
1311 2311 1425 2349 Tom.
1444 2321 1549 2350 vnx.
1569 2323 1608 2362 p.
1629 2317 1720 2357 217.

911 2443 1061 2482 AETAS
1090 2443 1165 2483 111.
1192 2444 1415 2491 ALDINA,

1023 2532 1277 2566 1522—1581
1288 2555 1298 2564 .

437 2633 514 2671 qua
536 2621 765 2661 Franciscus
798 2623 1006 2671 Asulanus‚
1035 2624 1189 2664 Aldinae
1209 2632 1378 2672 curator,
1400 2629 1548 2664 textum
1567 2623 1765 2675 vulgatum
1801 2634 1880 2661 non

436 2684 554 2721 modo
572 2697 592 2722 e
613 2685 868 2734 superioribus
887 2687 980 2727 edd.
999 2688 1066 2726 sed
1085 2695 1125 2727 et
1143 2702 1190 2727 ex
1211 2688 1380 2739 scriptis,
1399 2693 1438 2726 et
1462 2686 1613 2737 ingenio
1632 2685 1774 2736 passim
1793 2697 1877 2723 mu-

437 2746 545 2784 tavit.
591 2746 739 2784 Novam
760 2747 858 2786 hanc
878 2748 1081 2789 lectionem
1103 2763 1192 2789 mox
1209 2763 1314 2790 more
1335 2763 1405 2788 suo
1425 2749 1666 2799 arripuerunt
1682 2749 1703 2787 J
1709 2753 1823 2793 untae‚
1837 2752 1879 2784 et

440 2807 689 2858 vulgatiorem
710 2808 894 2850 fecerunt.
949 2813 1034 2852 liae
1067 2813 1128 2851 via
1159 2813 1348 2864 progressi
1376 2813 1414 2851 in
1448 2811 1657 2851 Germania
1685 2809 1879 2860 Georgius
