2101 3419
595 359 602 362 -
642 345 837 376 JUSTINI
872 346 966 377 ms.
999 347 1123 377 xvu.
1157 349 1263 378 CAP.
1295 338 1334 379 1.

311 437 425 469 Eadem
449 437 514 478 via]
547 437 646 470 Qua?
683 448 749 480 qua
775 439 958 471 Clearchus

262 487 444 520 invaserat.
486 489 566 521 Jam
584 497 665 519 vero
684 488 710 519 is
726 489 894 520 invaserat
903 490 959 530 ju-

261 537 372 569 vando
387 538 532 578 primum
544 538 720 577 Senatum,
731 547 809 569 mox
826 539 959 579 plebem

263 591 383 618 contra
396 596 483 628 eum,
506 593 540 618 et
560 586 716 618 faciendo
739 592 868 629 cetera,
883 598 958 629 quae

261 647 318 678 ap.
330 638 448 669 Nostr.
463 638 634 679 leguntur.
658 638 780 670 Qualia
795 648 859 669 nec
875 637 960 670 fecit

263 689 417 729 Satyrus,
438 698 502 719 nec
522 698 662 719 necesse
683 689 812 729 habuit,
828 689 959 729 pridem

264 738 358 768 caesis
377 736 470 768 hisce
492 737 658 777 omnibus,
679 743 738 769 aut
758 739 791 768 in
807 739 960 770 exsilium

264 786 396 826 ejectis.
427 788 540 820 Quare
557 791 640 827 puto
656 797 709 828 ap.
725 788 844 819 Nostr.
857 789 961 819 eadem

263 837 295 867 m·
310 836 444 877 legend.
461 846 549 876 esse,
562 846 602 868 ac
621 837 876 877 intelligendam
894 838 960 868 vim

265 886 460 926 satellitum,
490 896 558 927 qua
593 887 700 918 Chion
730 891 766 918 et
792 888 960 920 Leonides

264 940 363 967 erant
388 936 593 967 obtruncati.
620 936 724 975 Schef.
770 937 888 968 Eadem
912 938 963 969 υἱα

265 991 330 1027 est,
344 996 440 1028 aeque
451 991 490 1018 ut
502 985 622 1019 frater.
646 987 724 1018 Non
737 987 870 1028 quidem
885 988 962 1020 eod.

265 1036 376 1067 modo.
411 1036 516 1068 Groev.

309 1086 482 1127 DIultisque
491 1086 595 1127 annis]
617 1086 660 1118 In
680 1087 874 1119 Memnonis
898 1089 964 1119 Ex-

267 1141 376 1178 cerpt.
398 1136 538 1177 legimus
554 1137 778 1185 Heracleotas
803 1138 927 1178 partim
943 1148 964 1169 a

266 1187 433 1227 tyrannis,
445 1188 568 1228 partim
586 1199 606 1219 a
625 1189 838 1229 Lysimacho,
853 1189 964 1230 priva-

268 1241 320 1268 tos
337 1237 496 1268 libertate
511 1236 614 1269 fuisse
629 1247 732 1269 annos
749 1241 802 1270 84.
822 1239 920 1270 Ber-n.

312 1288 526 1319 Heraclienses
559 1287 614 1318 sub
642 1298 736 1328 regno
764 1291 965 1329 tyrannorum

261 1337 370 1378 fuere]
391 1339 460 1369 Ms.
488 1338 535 1369 H.
566 1347 696 1378 regnum
724 1341 747 1369 t.
767 1338 800 1375 f.
838 1339 893 1370 lta
917 1340 965 1370 lo-

269 1393 418 1429 quuntur
433 1387 552 1428 optimi
572 1389 695 1429 quique
718 1389 914 1429 scriptores,
931 1394 967 1421 et

271 1439 344 1478 ipse
361 1448 494 1479 quoque
510 1438 599 1470 Just.
632 1439 689 1470 Sic
704 1448 795 1470 xvn.
810 1443 840 1470 3.
857 1440 866 1457 ‘
882 1440 967 1472 Quae

272 1496 309 1521 et
331 1491 405 1531 ipsa
427 1500 530 1531 genus
545 1491 755 1522 AEacidarum
772 1491 869 1523 erat.'
915 1492 971 1523 Ita

274 1540 364 1572 enim
386 1550 429 1572 ex
458 1541 541 1573 Mss.
567 1541 698 1583 legend.
733 1542 816 1574 Voss.
860 1541 970 1574 Recte

1624 339 1709 382 875

1014 441 1099 472 Mss.
1126 442 1173 472 H.
1197 451 1326 481 regnum
1350 445 1374 473 t.
1392 442 1424 480 f.
1456 441 1577 484 Vin-gil.
1593 442 1666 475 AEn.
1684 454 1709 475 1.

1013 490 1022 505 ‘
1039 490 1116 521 Hoc
1138 500 1277 531 regnum
1294 493 1369 523 Dea
1391 492 1547 532 gentibus
1567 502 1653 532 esse,
1674 494 1710 525 Si

1013 549 1079 580 qua
1100 539 1171 571 fata
1195 540 1328 572 sinant!
1362 541 1436 573 Liv.
1462 551 1487 573 1.
1507 541 1529 572 f.
1557 543 1566 558 ‘
1581 542 1710 573 Gabios

1013 599 1156 630 regnum
1172 591 1366 631 Tarquinii’
1389 596 1500 623 vocat.
1537 591 1591 623 Id.
1608 601 1710 623 xxrx.

1013 642 1067 671 32.
1087 640 1096 657 ⁴
1115 640 1371 680 Masaesylorum
1384 640 1482 681 fines,
1497 641 1531 672 id
1548 641 1712 682 Syphacis

1013 699 1154 730 regnum
1171 689 1279 721 erat:'
1307 694 1344 721 et
1366 698 1457 721 xxx.
1482 693 1533 721 11.
1561 692 1571 708 ‘
1589 691 1714 722 Masae-

1013 740 1076 779 syli
1110 749 1251 780 reguum
1287 745 1467 780 paternum
1497 741 1713 772 Masinissael

1016 789 1152 820 Gronov.
1177 789 1277 829 Angl.
1290 790 1338 820 H.
1349 790 1518 829 regnumf.
1551 791 1651 823 Unde
1667 792 1712 823 Is.

1012 839 1112 869 Voss.
1138 838 1203 879 [At
1229 839 1295 870 vid.
1322 840 1423 871 Voss.
1440 850 1514 881 sup.
1539 847 1574 872 et
1599 842 1715 875 Graev.

1015 887 1094 928 inf.]
1119 889 1165 920 H.
1188 889 1243 920 snb
1257 891 1426 929 regnumf.
1460 891 1536 923 Scio
1557 898 1714 933 quartum

1016 947 1129 968 casum
1155 938 1336 979 aliquando
1357 940 1458 982 jungi
1484 943 1716 982 praepositioni

1015 987 1094 1020 huic
1110 998 1171 1029 pro
1187 989 1318 1021 ultimo.
1353 991 1422 1022 Sed
1439 991 1484 1022 nil
1499 993 1567 1023 tale
1583 998 1716 1025 suetum

1019 1038 1158 1069 Nostro.
1200 1039 1338 1070 Mallem
1363 1041 1511 1073 retinere
1531 1043 1586 1073 sub
1609 1053 1717 1083 regno,

1018 1088 1106 1130 quod
1123 1093 1176 1120 est
1191 1089 1226 1120 in
1242 1091 1404 1131 vulgatiS,
1425 1096 1461 1122 et
1481 1092 1595 1124 delere
1611 1097 1717 1134 tyran-

1015 1149 1135 1179 norum,
1150 1144 1310 1180 tanquam
1323 1141 1412 1182 quod
1428 1142 1598 1183 adjectum
1611 1143 1719 1176 fuerit

1016 1198 1059 1220 ex
1075 1190 1197 1230 glossa.
1241 1190 1316 1221 Nec
1332 1191 1415 1222 illud
1435 1202 1563 1232 regnum
1575 1195 1609 1225 in
1626 1194 1719 1235 Aug-

1016 1239 1123 1271 licano
1152 1240 1243 1270 aliud
1275 1251 1374 1282 quam
1394 1242 1534 1274 alterius
1556 1244 1609 1275 sub
1625 1254 1719 1284 regno

1017 1290 1127 1330 glossa
1143 1294 1178 1320 et
1194 1290 1443 1330 interpretatio.
1472 1292 1577 1332 Schef.
1620 1295 1719 1327 Voss.

1017 1341 1103 1381 legit
1128 1341 1175 1372 H.
1194 1350 1323 1380 regnum
1340 1342 1407 1380 t.f.
1450 1342 1554 1384 Angli
1579 1354 1658 1375 vero
1684 1346 1719 1377 in

1019 1394 1087 1424 suis
1103 1394 1195 1424 libris
1219 1394 1423 1426 invenerunt
1450 1396 1498 1428 H.
1521 1397 1576 1427 sub
1590 1407 1720 1437 regnum

1021 1442 1086 1480 t.f.
1123 1443 1180 1474 Sic
1193 1447 1229 1473 et
1245 1443 1279 1474 in
1292 1444 1386 1476 Junt.
1401 1445 1540 1485 legitur.
1578 1448 1646 1478 Sed
1662 1454 1722 1480 aut

1023 1492 1135 1523 Vossii
1150 1493 1344 1525 emendatio
1363 1495 1611 1538 amplectenda,
1626 1502 1685 1529 aut
1701 1509 1721 1529 a

1024 1542 1114 1583 vulg.
1130 1552 1196 1573 non
1211 1542 1406 1577 discedenti.
1433 1545 1539 1579 Graev.

787 1817 1004 1866 LIBER
1032 1817 1185 1865 XVII
1191 1847 1208 1865 .

321 1946 409 1978 CAP.
425 1954 451 1976 r.
476 1945 493 1985 ς
509 1947 528 1975 2
552 1942 761 1984 Lysimachia]
777 1943 876 1974 Prius
891 1944 970 1974 Car-

277 1996 331 2027 dia
346 1996 447 2028 dicta.
479 1994 595 2035 Steph.
612 1994 714 2025 Paus.
730 1994 764 2024 in
780 1993 854 2025 Att.
886 1994 970 2024 Eam

277 2056 338 2078 suo
367 2050 522 2087 tempore
548 2045 695 2076 deletam
722 2043 826 2075 fuisse
853 2043 972 2075 scribit

275 2095 388 2127 strab.
408 2104 443 2127 x.
464 2096 621 2134 Bongars.
665 2094 776 2125 Strab.
795 2103 832 2125 x.
848 2104 881 2134 p.
896 2096 972 2125 460.

275 2146 366 2185 Ἴχνη
382 2144 415 2177 δὲ
430 2145 524 2182 αὐτῆς
547 2143 702 2186 [Ὠλένου]
724 2143 863 2175 λείπεται
883 2143 973 2183 μόνον

279 2195 372 2235 ἐγγὺς
386 2197 441 2233 τῆς
454 2197 629 2236 Πλευρῶνος
652 2195 708 2225 ὑπὸ
730 2196 776 2234 τῷ
792 2194 974 2235 Ἀρακύνθῳ·

278 2245 316 2284 ἣν
329 2245 362 2277 δὲ
377 2246 427 2277 καὶ
447 2244 621 2285 Λυσιμαχία
634 2243 767 2282 πλησίον
787 2243 977 2284 ἠφανισμένη

278 2296 330 2328 καὶ
345 2296 435 2337 αὐτὴ,
450 2295 572 2335 κειμένη
593 2295 665 2336 πρὸς
688 2297 729 2337 τῇ
750 2295 841 2337 λίμνῃ
862 2297 904 2337 τῇ
925 2297 978 2327 νῦν

278 2345 334 2385 μὲν
348 2347 532 2388 Λυσιμαχίᾳ,
542 2345 687 2387 πρότερον
701 2346 725 2376 δ’
733 2345 837 2387 *Ὕδρῳ

324 2398 341 2438 ᾗ
365 2400 384 2428 3
421 2397 509 2432 Quod
535 2396 978 2437 portentum....portendebaG

280 2448 349 2479 Vix
374 2448 524 2487 dubium,
550 2447 632 2489 quin
655 2446 788 2478 Auctor
805 2447 978 2487 scripserit

279 2499 466 2539 prodigium,
491 2499 544 2538 25¹0.
579 2496 655 2528 eod.
682 2497 780 2537 plane
806 2497 918 2536 modo,
940 2501 978 2527 ut

283 2556 339 2579 Χῖ..
354 2551 385 2579 2.
405 2548 414 2565 ‘
432 2547 531 2580 Quod
553 2547 744 2588 prodigium
758 2548 978 2578 mutationem

283 2607 396 2629 rerum
419 2597 625 2638 portendere
652 2597 823 2637 aruspices
845 2605 980 2636 respon-

284 2647 427 2679 derunt?
452 2647 587 2678 Gronov.
632 2646 710 2677 Non
726 2655 857 2686 possum
874 2645 982 2676 isthuc

286 2696 389 2736 ferre,
414 2706 477 2728 nec
506 2706 527 2727 a
554 2696 642 2728 Just.
669 2705 742 2726 esse
763 2700 855 2735 puto.
899 2695 981 2735 Legi

287 2751 400 2786 potest
413 2745 827 2787 portentum....significabat
839 2755 851 2783 ‚·
871 2750 909 2776 ut
925 2746 981 2776 ali-

289 2795 334 2826 bi.
372 2796 450 2827 Fab.

330 2845 376 2876 Ac
387 2844 476 2884 regni
489 2845 624 2886 ruinam]
647 2846 730 2877 Mss.
747 2845 842 2876 multi
856 2844 981 2876 habent

288 2895 329 2926 ad
343 2896 430 2935 regni
444 2897 576 2937 ruinam,
597 2897 686 2938 quod
709 2907 775 2928 uon
799 2901 881 2938 puto
906 2905 981 2927 con-

1025 1942 1198 1974 temnend.
1244 1942 1295 1974 Ad
1325 1946 1389 1982 est,
1417 1953 1483 1974 una
1510 1954 1586 1975 cum
1614 1945 1723 1977 ruina.

1023 1994 1161 2024 Terent.
1193 1993 1302 2025 Andr.
1339 1995 1348 2011 ‘
1365 1993 1421 2024 Ad
1449 1995 1522 2025 haee
1546 1996 1633 2026 mala
1661 1996 1725 2027 hoc

1026 2043 1106 2073 mihi
1123 2043 1257 2074 accedit
1274 2042 1400 2074 etiam!
1430 2043 1535 2081 Schef.

1069 2094 1118 2133 §4
1140 2092 1358 2133 Agathoclem]
1379 2093 1462 2134 Leg.
1481 2093 1583 2125 Paus.
1600 2093 1633 2124 in
1649 2093 1725 2126 Att.

1027 2146 1063 2173 et
1085 2143 1200 2173 Strab.
1217 2151 1302 2174 xur.
1329 2142 1386 2183 qui
1409 2142 1648 2182 Lysimachum
1665 2144 1726 2184 ait,

1028 2193 1131 2224 κακοῖς
1153 2191 1271 2224 οἶκεῖοις
1296 2191 1512 2233 περιπεσόντα,
1536 2193 1641 2224 filium
1670 2203 1728 2225 ne-

1029 2253 1132 2275 casse.
1185 2244 1254 2274 Per
1282 2241 1362 2273 κακὰ
1398 2242 1493 2274 οἰκεῖα
1526 2243 1728 2274 domesticas

1032 2295 1244 2326 calamitates
1267 2295 1436 2336 intelligit,
1452 2305 1526 2337 quae
1547 2296 1601 2327 hic
1620 2301 1655 2327 et
1671 2306 1726 2336 ap.

1031 2346 1136 2377 Paus.
1151 2350 1381 2386 recensentur,
1396 2356 1463 2377 non
1484 2346 1656 2387 improbos
1680 2346 1728 2377 fa-

1031 2395 1191 2435 miliares,
1207 2395 1295 2437 quod
1310 2396 1444 2437 putavit
1459 2396 1597 2427 doctiss.
1611 2397 1729 2427 Fabri-

1033 2446 1115 2477 cius.
1136 2446 1294 2485 Bongars.
1325 2447 1380 2477 De
1398 2445 1595 2486 Agathoclis
1610 2446 1730 2488 ipsius-

1033 2506 1098 2538 que
1120 2496 1312 2537 Lysimachi
1337 2496 1431 2527 caede
1458 2495 1632 2528 addendus
1658 2497 1729 2538 Ap-

1035 2545 1124 2586 pian.
1141 2545 1270 2585 Syriae.
1286 2555 1318 2586 p.
1335 2548 1409 2576 130.
1433 2546 1531 2576 Rern.

1076 2595 1224 2636 Perosus]
1239 2595 1324 2626 Sunt
1338 2596 1413 2626 haec
1428 2594 1592 2625 firmanda
1603 2599 1730 2626 nostra-

1036 2645 1119 2677 tium
1137 2645 1254 2686 adagio
1268 2656 1276 2675 :
1291 2645 1300 2662 ‘
1316 2645 1508 2675 Novercam
1519 2644 1658 2684 habens,
1671 2645 1730 2675 ha-

1037 2696 1095 2726 bet
1110 2700 1145 2726 et
1161 2695 1316 2726 vitricum
1332 2697 1350 2725 ε’
1372 2694 1456 2724 adeo
1472 2693 1644 2725 blanditiae
1659 2704 1731 2725 mu-

1033 2746 1168 2785 liebres,
1196 2754 1356 2785 amorque
1392 2744 1544 2775 novellus
1573 2754 1731 2785 superve-

1033 2796 1142 2835 niens,
1158 2795 1328 2825 naturales
1344 2793 1447 2824 etiam
1473 2792 1615 2825 affectus
1636 2804 1732 2825 ever-

1035 2851 1122 2877 tunt.
1153 2845 1267 2876 Simile
1284 2844 1474 2886 exemplum
1491 2849 1587 2876 extat
1603 2853 1731 2877 xxxrv.

1034 2898 1113 2927 4.1.
1146 2895 1243 2926 Rern.
