2101 3419
478 320 548 361 civ

480 424 607 466 plaustri
628 424 669 461 xi,
685 426 718 460 7,
738 426 777 455 15
812 422 948 464 plaustra
969 420 1093 463 Scythis
1119 431 1173 463 pro

479 467 622 498 domibus
643 467 676 503 ii,
691 469 724 502 2,
738 468 759 496 4

523 509 615 539 Plebs
630 508 723 538 nimio
739 506 802 537 otio
818 505 938 536 lascivit
952 504 1013 541 xvi,
1029 508 1061 541 4,
1077 508 1096 537 3
1119 515 1176 535 no.

480 560 534 580 vas
550 550 669 581 tabulas
683 555 715 580 et
728 547 913 579 divisionem
928 558 1066 588 agrorum
1090 547 1177 588 flagi-

481 597 527 622 tat
552 592 614 628 xvi,
627 595 660 628 4,
675 594 695 623 2
728 592 806 622 inter
830 590 952 630 plebem
977 594 1177 629 senatumque

482 634 613 664 maximo
630 637 869 674 temperamento
883 632 947 673 egit
960 631 1056 663 Solon
1070 632 1102 669 ii,
1114 635 1147 668 7,
1158 635 1176 663 5

484 677 606 717 plebem
622 676 790 707 accendere
813 675 874 712 xvi,
889 677 922 711 4,
938 676 976 705 11

526 718 624 749 Plene
640 723 764 759 peracta
778 717 854 748 ultio
877 716 918 752 xi,
934 719 986 752 ll,
1001 718 1022 747 9

528 760 644 791 Plenus
658 761 710 791 irae
724 760 785 796 xiv,
800 762 832 796 4,
850 762 888 790 15
922 758 1032 799 plenus
1048 755 1181 797 pulveris

484 806 517 832 et
532 803 648 833 sudoris
674 803 716 839 xi,
730 806 762 840 8,
777 805 796 833 3
834 802 926 843 plena
941 800 1069 831 solertiae
1085 799 1182 830 oratio

488 844 530 881 ix,
545 848 578 881 8,
594 847 634 875 10

530 887 675 927 Plerique
687 885 710 921 i,
724 888 757 922 7,
773 887 805 916 3.
826 884 899 921 xliv,
915 887 945 921 1,
960 886 981 915 7

531 929 717 970 Plerumque
744 928 789 965 iii,
815 931 846 964 5,
861 931 894 959 2.
931 927 972 964 ix,
986 929 1019 963 8,
1043 927 1096 957 14.
1130 924 1184 962 xli,

491 974 524 1007 2,
539 974 560 1001 9

533 1012 685 1043 Plumatae
697 1011 799 1042 loricae
814 1009 936 1041 Parthis
951 1009 1004 1046 xli,
1017 1012 1049 1046 2,
1068 1011 1108 1041 10

533 1054 665 1085 Plumbo
680 1053 803 1094 repletae
819 1054 971 1092 amphorae
996 1051 1088 1088 xxxii,
1114 1054 1147 1087 4,
1165 1052 1186 1083 4

491 1097 573 1137 regio
589 1096 655 1125 aeris
668 1100 699 1125 et
714 1095 830 1136 plumbi
849 1095 997 1125 uberrima
1009 1094 1081 1129 xliV,
1094 1096 1125 1129 3,
1140 1096 1161 1124 4

534 1137 681 1179 (Pluralis
689 1147 831 1167 numerus
842 1147 897 1177 pro
908 1136 1070 1176 singulari)
1080 1148 1087 1165 ι
1101 1135 1188 1166 Sola-

494 1179 537 1210 tia
552 1179 677 1210 ultionis
691 1179 713 1215 i,
729 1182 760 1215 8,
776 1183 797 1210 9
819 1179 895 1209 ferre
911 1179 1002 1209 sociis
1017 1178 1130 1208 auxilia
1143 1177 1188 1214 iii,

494 1225 526 1258 7,
545 1225 582 1253 15
617 1220 650 1251 in
665 1221 777 1251 auxilia
793 1222 982 1262 quorundam
997 1221 1078 1250 mitti
1101 1221 1140 1256 iv,
1156 1223 1188 1256 4,

495 1267 514 1295 3
538 1263 634 1294 veniae
651 1264 822 1304 patrocinia
836 1273 971 1303 quaerere
994 1273 1024 1298 ν,
1039 1265 1091 1298 11,
1106 1265 1125 1293 7
1149 1262 1189 1292 ob

494 1307 561 1336 haee
576 1307 686 1336 decora
700 1317 730 1342 x,
746 1308 808 1342 3,4
831 1305 969 1345 epistolae
988 1304 1059 1346 (pro
1075 1304 1190 1345 episto-

495 1348 540 1387 la)
554 1348 595 1384 xi,
608 1350 660 1383 12,
675 1350 695 1378 9
710 1348 810 1388 (Vide
819 1347 986 1388 Epistola).
1011 1357 1105 1388 regna
1118 1346 1191 1377 Cle-

497 1390 620 1430 ophidis
635 1389 687 1425 xii,
702 1393 734 1426 7,
749 1393 770 1421 9
793 1390 926 1421 herbain
936 1390 1070 1420 remedia
1081 1390 1193 1419 veneni

497 1437 663 1462 monstrata
674 1432 727 1469 xii,
739 1435 791 1469 10,
802 1435 820 1464 3
843 1431 874 1462 in
886 1437 1083 1462 monumenta
1094 1442 1192 1462 rerum

498 1485 518 1504 a
532 1485 563 1505 se
588 1480 739 1515 gestarum
752 1476 856 1505 urbem
878 1475 1010 1505 condere
1036 1473 1089 1510 xii,
1105 1477 1156 1510 10,
1172 1477 1193 1506 6

499 1517 588 1547 dotes
603 1517 707 1547 formae
732 1516 783 1552 xii,
800 1520 851 1553 12,
868 1520 907 1548 11
930 1516 962 1546 in
989 1516 1122 1547 remedia
1135 1517 1194 1546 fer-

500 1569 566 1589 rum
583 1569 709 1600 poscere
732 1559 786 1595 xii,
802 1562 855 1595 13,
870 1562 891 1590 9
925 1569 1076 1589 venenum
1101 1558 1195 1589 alicui

500 1602 573 1631 dare
596 1601 628 1631 in
651 1601 785 1632 remedia
809 1601 1027 1632 calamitatium
1053 1611 1102 1637 κν,
1127 1604 1159 1636 3,
1175 1604 1196 1632 6

501 1643 671 1683 patrocinia
684 1642 805 1674 sceleris
827 1644 887 1679 xvi,
904 1647 935 1680 1,
947 1646 967 1675 4
989 1643 1111 1674 hostilia
1126 1642 1199 1674 odia

501 1686 657 1727 deponere
672 1685 742 1721 xxii,
757 1688 789 1722 2,
805 1688 824 1716 3
841 1686 945 1716 Vorst.

546 1728 622 1759 Plus
646 1729 728 1768 apud
744 1728 840 1758 bonos
855 1727 978 1768 pietatis
1000 1725 1082 1767 jura,
1105 1736 1197 1767 quam

503 1780 609 1800 omnes
623 1780 699 1810 opes
709 1770 812 1801 valent
825 1770 868 1806 iii,
879 1773 911 1807 2,
921 1773 941 1801 6
964 1769 1032 1810 plus
1042 1770 1199 1800 hominum

503 1812 615 1843 serrum
630 1822 721 1852 quam
736 1812 882 1843 naturalis
906 1813 1037 1842 satorum
1060 1811 1198 1842 conditio

505 1854 609 1894 rapuit
622 1854 655 1890 ii,
671 1857 703 1891 2,
720 1857 759 1885 13
784 1854 852 1895 plus
867 1860 960 1886 nocet
974 1853 1104 1885 ducibus
1118 1864 1199 1884 arro-

508 1896 612 1936 gantia
624 1907 689 1932 sua,
703 1906 795 1936 quarn
809 1897 941 1926 hostium
956 1897 1034 1926 vires
1055 1896 1118 1932 xiii,
1133 1899 1164 1931 8,
1179 1899 1199 1927 2

508 1938 577 1978 plus
592 1938 724 1978 praesidii
738 1939 770 1968 in
784 1939 950 1975 celeritate,
963 1948 1054 1979 quam
1069 1939 1100 1968 in
1110 1939 1201 1968 sociis

508 1980 542 2015 ii,
557 1983 589 2015 9,
606 1983 645 2011 10
668 1980 737 2020 plus
761 1980 844 2020 regio
860 1991 950 2020 quam
972 1980 1069 2021 patrio
1085 1980 1203 2011 nomini

509 2023 625 2052 debent
637 2032 723 2062 reges
737 2023 788 2057 xli,
800 2027 830 2058 5,
847 2026 887 2054 13
910 2024 979 2063 plus
989 2023 1100 2063 praedae
1111 2032 1202 2063 quam

510 2064 639 2104 periculi
648 2064 679 2093 in
689 2064 754 2095 acie
765 2065 922 2095 Persarum
938 2065 980 2101 xi,
992 2067 1043 2100 13,
1054 2068 1092 2096 11
1117 2065 1205 2105 plura

512 2106 617 2146 patriae
632 2116 722 2146 quam
739 2106 810 2136 vitae
825 2107 936 2137 debere
951 2107 984 2143 ii,
1001 2110 1054 2143 11,
1068 2109 1088 2137 6
1111 2107 1205 2147 pluri-

512 2159 595 2178 mum
609 2148 755 2178 momenti
781 2148 862 2185 xxxi,
877 2153 908 2185 5,
925 2153 943 2180 5
974 2149 1054 2180 inter
1077 2149 1207 2189 plurima

513 2190 594 2220 mala
608 2191 801 2231 tyrannidem
815 2191 893 2230 passi
908 2191 969 2227 xvi,
981 2194 1013 2227 4,
1027 2194 1043 2222 1
1070 2191 1206 2221 maximis

513 2232 713 2273 plurimisque
739 2233 863 2264 urbibus
893 2233 1016 2264 Italiam
1051 2233 1207 2274 possidere

512 2274 638 2310 xxxviii,
648 2277 680 2311 4,
697 2277 717 2306 7

557 2316 708 2347 Poculum
721 2316 832 2347 veneni
858 2315 950 2348 alicui
978 2317 1085 2348 offerre
1109 2317 1207 2355 xxxix,

514 2361 548 2396 2,
562 2361 582 2391 7
605 2359 715 2399 pocula
729 2370 848 2390 veneno
866 2360 980 2390 infecta
1001 2360 1061 2397 xxi,
1076 2363 1108 2397 4,
1124 2363 1143 2392 3

560 2401 724 2438 Poediculi,
739 2401 838 2432 Italiae
853 2402 985 2442 populus
1001 2403 1053 2439 xii,
1069 2406 1100 2440 2,
1117 2405 1158 2434 12

560 2443 664 2474 Poenae
679 2444 751 2485 (pro
763 2444 860 2480 malis,
875 2444 1106 2487 afflictionibus)
1120 2445 1164 2481 iii,
1178 2449 1210 2482 5,

518 2488 538 2517 2
571 2496 677 2526 poenas
701 2487 835 2527 pendere
855 2487 920 2523 viii,
934 2489 966 2523 2,
982 2490 1012 2518 4.
1046 2498 1095 2524 xv,
1122 2490 1153 2524 3,
1178 2490 1209 2519 6.

518 2528 610 2564 xxxii,
627 2531 657 2563 1,
674 2531 725 2559 14.
746 2528 848 2565 xxxvi,
862 2532 895 2566 4,
909 2532 929 2561 2
952 2539 1057 2569 poenas
1072 2530 1212 2571 imperati

519 2569 674 2610 parricidii
687 2571 769 2602 luere
791 2571 812 2607 i,
827 2575 860 2608 9,
874 2575 894 2603 8
942 2582 1048 2612 poenas
1070 2577 1213 2613 repetunt

521 2612 576 2643 Dii
597 2612 687 2652 (dum
709 2613 741 2644 in
763 2614 828 2644 acie
843 2614 922 2655 perit
935 2614 1063 2654 aliquis)
1079 2615 1154 2651 ii‚9.
1172 2618 1210 2646 11

519 2665 626 2694 poenas
637 2654 785 2696 sacrilegii
799 2657 947 2697 sanguine
957 2656 1039 2687 luere
1052 2657 1115 2693 viii,
1130 2660 1160 2693 1,
1173 2660 1213 2688 13

521 2706 627 2737 poenas
637 2697 758 2727 violatae
768 2698 922 2738 religionis
931 2699 1064 2739 pendere
1078 2699 1144 2737 viii,
1154 2703 1185 2736 2,
1193 2702 1214 2731 4

522 2748 629 2779 poenas
655 2739 809 2779 parricidii
822 2742 894 2772 dare
909 2741 978 2772 Diis
1005 2752 1037 2780 x,
1052 2744 1084 2779 2,
1099 2745 1118 2774 5
1150 2752 1216 2783 poe-

522 2790 593 2810 nam
607 2780 683 2812 serre
698 2782 738 2818 xi,
756 2786 808 2819 14,
823 2786 861 2815 11

567 2823 702 2854 Poenalis
715 2824 822 2855 civitas
842 2825 966 2862 xxxviii,
980 2828 1012 2862 9,
1027 2828 1050 2858 9

568 2863 657 2895 Poeni
672 2876 678 2894 :
701 2866 772 2898 vide
787 2867 1056 2909 Carthaginienses

569 2905 755 2941 Paenitentia
777 2909 888 2942 duetus
910 2920 941 2947 ι,
963 2913 995 2948 2,
1010 2914 1031 2945 4
1062 2911 1101 2943 ad
1117 2910 1215 2953 poeni·

1122 325 1278 356 INDEX

1222 419 1350 450 tentiam
1379 422 1548 450 accesserat
1577 416 1707 448 nutri-cis*
1731 428 1793 449 suae
1818 429 1917 451 recor-

1223 462 1308 492 datio
1331 461 1384 497 xii,
1409 464 1441 497 6,
1466 464 1507 492 10
1541 460 1613 490 dato
1643 460 1674 489 in
1707 461 1916 500 poenitentiam

1224 503 1324 544 spatio
1352 503 1375 539 i,
1400 506 1431 539 9,
1450 506 1489 534 19
1524 502 1557 532 in
1580 502 1791 542 poenitentiam
1816 514 1918 535 versus

1224 545 1277 582 xii,
1300 548 1333 581 6,
1348 548 1368 576 7

1268 587 1422 618 Poenitet:
1467 596 1594 627 quorum
1621 585 1646 616 si
1678 585 1747 616 illos
1772 585 1921 626 poeniteat

1226 628 1276 670 (id
1292 635 1350 666 est,
1365 628 1454 670 quasi
1467 628 1541 669 ipsis
1555 639 1619 659 non
1633 628 1801 669 sufficiant)
1816 629 1921 665 xxviii,

1227 674 1260 708 3,
1276 674 1315 702 15
1350 672 1496 712 poenitere
1511 675 1670 711 coeperunt
1693 671 1736 707 xi,
1749 673 1780 706 3,
1796 674 1815 702 3
1851 681 1922 712 quae

1228 713 1261 743 in
1275 724 1344 744 earn
1368 714 1450 744 diem
1465 713 1535 743 vita:
1560 723 1623 744 non
1641 713 1834 754 ,poenituerat
1857 713 1922 750 xiii,

1230 759 1261 793 1,
1277 759 1295 787 5

1273 796 1376 828 Poe'ta
1386 796 1528 838 Tyrtaeus
1549 797 1593 833 iii,
1608 801 1640 834 5,
1656 801 1676 829 5
1704 801 1822 827 actores
1835 796 1925 827 nobi-

1230 839 1338 870 lissimi
1351 844 1383 870 et
1398 839 1500 879 poetae
1514 839 1556 875 vi,
1570 843 1603 877 9,
1615 842 1636 871 4

1274 882 1440 913 Polliceri:
1476 881 1572 911 multa
1596 880 1751 922 pollicitus
1766 885 1814 911 est
1827 880 1867 911 de
1892 891 1926 911 se

1231 924 1388 954 moderate
1403 923 1445 960 xi,
1458 926 1489 959 l,
1499 926 1521 954 9
1542 934 1605 954 non
1616 923 1754 964 polliceri
1769 923 1826 954 sibi
1836 922 1928 953 aliam

1232 966 1402 1002 victoriam,
1427 975 1520 1006 quam
1542 974 1683 1007 expertus
1698 966 1738 996 sis
1759 965 1801 1002 xi,
1817 968 1869 1001 12,
1886 968 1926 996 15

1234 1008 1371 1049 polliceri
1387 1008 1506 1048 imperii
1522 1009 1699 1039 societatem
1713 1018 1744 1044 v,
1759 1010 1791 1044 9,
1805 1010 1844 1039 13
1868 1017 1929 1038 ser-

1234 1051 1280 1081 vis
1296 1050 1486 1081 matrimonia
1500 1050 1727 1081 interfectorum
1749 1050 1792 1086 iii,
1807 1054 1839 1086 5,
1855 1053 1876 1081 6

1278 1092 1465 1134 Polydamas
1476 1092 1590 1123 amicus
1597 1092 1766 1123 Alexandri
1780 1091 1833 1129 xii,
1846 1094 1897 1129 12,
1909 1095 1930 1123 8

1278 1134 1466 1176 Polydectes
1480 1134 1696 1175 Spartanorum
1710 1145 1761 1165 rex
1782 1135 1827 1171 iii,
1852 1137 1884 1170 2,
1909 1138 1928 1165 5

1278 1176 1497 1219 Polyperchon
1524 1177 1639 1208 amicus
1666 1176 1836 1207 Alexandri
1876 1177 1931 1213 xii,

1238 1221 1291 1255 12,
1307 1223 1327 1250 8
1350 1219 1524 1255 dimittitur,
1537 1219 1612 1249 ibid.
1635 1219 1763 1250 Graeciae
1778 1224 1810 1249 et
1823 1219 1933 1250 Mace-

1237 1262 1339 1292 doniae
1364 1261 1552 1303 praeponitur
1577 1262 1643 1299 xiii,
1667 1265 1700 1298 6,
1722 1264 1744 1292 9
1784 1261 1934 1292 occiditur

1238 1303 1303 1340 xiii,
1318 1307 1350 1340 8,
1361 1307 1381 1335 7
1405 1304 1504 1345 (Vide
1515 1308 1616 1334 tamen
1631 1314 1722 1344 supra
1736 1314 1842 1334 vocem
1858 1304 1933 1335 Cra-

1239 1346 1349 1387 teros).
1363 1345 1545 1388 Olympiadi
1558 1347 1642 1377 favet
1663 1347 1723 1382 xiv,
1739 1349 1771 1382 5,
1787 1349 1803 1377 1

1285 1389 1423 1430 Pompa:
1446 1399 1569 1430 pompae
1583 1399 1623 1419 ne
1637 1389 1712 1430 quid
1727 1389 1848 1419 deesset
1871 1387 1937 1424 xiv,

1239 1434 1272 1469 4,
1287 1434 1329 1462 18

1285 1471 1484 1513 Pompeianae
1497 1477 1597 1513 partes
1617 1472 1683 1509 xlii,
1697 1474 1730 1508 4,
1744 1474 1764 1504 7

1286 1515 1453 1556 Pompeius
1469 1515 1672 1546 Mithridaten
1700 1513 1796 1545 vincit
1823 1513 1934 1551 xxxvii,

1245 1560 1277 1595 1,
1292 1560 1312 1588 8
1335 1557 1492 1588 Antiocho
1507 1557 1626 1598 Syriam
1642 1557 1750 1588 adimit
1768 1556 1810 1592 xl,
1824 1561 1856 1593 2,
1871 1560 1893 1588 4

1288 1600 1456 1640 Pompeius
1469 1600 1588 1640 Trogus
1600 1611 1607 1629 :
1635 1599 1706 1630 vide
1718 1599 1837 1640 Trogus

1288 1642 1400 1672 Pondo
1426 1642 1544 1684 argenti
1565 1646 1690 1674 centum
1713 1642 1822 1673 decem
1844 1640 1940 1672 millia

1246 1685 1338 1721 xxxii,
1353 1687 1385 1721 3,
1400 1687 1440 1716 10

1291 1727 1419 1758 Pondus
1434 1725 1499 1757 auri
1510 1726 1575 1763 xiii,
1591 1730 1622 1763 l,
1638 1729 1669 1758 8.
1703 1737 1774 1763 xxv,
1791 1729 1822 1763 1,
1836 1728 1857 1758 4
1889 1735 1942 1756 co-

1247 1779 1322 1800 rona
1336 1779 1427 1800 aurea
1452 1770 1554 1810 magni
1578 1768 1722 1810 ponderis
1748 1769 1790 1806 xi,
1821 1771 1873 1806 10,
1899 1771 1940 1800 10

1248 1812 1371 1852 explere
1386 1812 1507 1852 pondus
1530 1811 1605 1847 xliii,
1620 1815 1651 1848 5,
1667 1815 1688 1843 9

1291 1854 1379 1885 Pone
1393 1854 1490 1884 aciem
1512 1853 1564 1890 vii,
1579 1857 1610 1890 2,
1626 1857 1647 1885 8

1292 1896 1411 1927 Ponere
1421 1896 1560 1926 tirocinia
1568 1901 1600 1926 et
1607 1894 1875 1937 incunabula(hoc
1886 1900 1945 1931 est,

1250 1938 1341 1975 exire,
1354 1938 1480 1978 exuere)
1491 1937 1543 1974 xii,
1558 1941 1590 1974 4,
1603 1941 1624 1969 6
1636 1938 1773 1969 Freinsh.
1784 1938 1883 1979 posita
1897 1942 1945 1968 est

1251 1980 1358 2011 civitas
1382 1981 1493 2010 nonin
1515 1980 1664 2018 aedificiis,
1685 1981 1740 2011 sed
1765 1981 1798 2010 in
1824 1980 1943 2010 civibus

1251 2022 1285 2058 ii,
1303 2025 1354 2058 12,
1370 2025 1409 2054 14
1441 2033 1555 2063 ponere
1578 2033 1663 2062 spem
1689 2023 1721 2052 in
1737 2033 1797 2063 ope
1820 2022 1944 2052 alterius

1252 2064 1315 2100 viii,
1330 2068 1362 2100 4,
1376 2068 1396 2096 7
1431 2065 1529 2105 posita
1544 2069 1589 2094 est
1603 2065 1672 2095 urbs
1686 2066 1764 2095 inter
1778 2064 1945 2105 Phrygiam

1253 2106 1406 2146 Majorem
1421 2112 1453 2137 et
1473 2107 1627 2136 Minorem
1649 2108 1691 2143 xi,
1704 2110 1736 2144 7,
1751 2110 1770 2138 3
1807 2108 1896 2137 urbes
1911 2107 1944 2136 in

1254 2149 1407 2180 montibus
1422 2149 1530 2190 positae
1544 2148 1616 2185 xxii,
1630 2153 1661 2186 5,
1674 2154 1692 2181 5
1719 2159 1833 2190 ponere
1847 2154 1946 2179 castra

1255 2190 1317 2227 xiv,
1344 2195 1377 2228 2,
1407 2194 1424 2223 1
1462 2191 1595 2232 positum
1619 2192 1766 2233 templum
1787 2192 1819 2222 in
1841 2195 1946 2221 monte

1254 2233 1336 2269 xxiv,
1349 2237 1381 2270 6,
1396 2236 1417 2265 6
1439 2244 1552 2274 ponere
1567 2234 1654 2264 sedes
1667 2233 1866 2270 alicubirxliv,
1880 2236 1912 2270 3,
1927 2235 1947 2264 3

1255 2276 1392 2315 posuisse
1416 2276 1490 2317 (pro
1512 2275 1643 2316 ponere)
1664 2287 1694 2312 V,
1718 2279 1750 2313 4,
1774 2279 1812 2308 15
1848 2275 1950 2316 posito

1257 2328 1336 2357 genu
1358 2318 1434 2358 (hoc
1448 2323 1505 2354 est,
1530 2318 1608 2349 flexo
1623 2319 1759 2361 poplite)
1780 2319 1833 2355 xii,
1859 2321 1893 2360 9,
1907 2321 1948 2351 12

1256 2359 1392 2391 Freinsh-

1300 2402 1383 2433 Pons
1404 2402 1474 2433 Istri
1488 2401 1560 2444 (qui
1583 2403 1614 2433 in
1630 2402 1708 2434 Istro
1722 2403 1840 2445 factus)
1867 2403 1902 2441 ii,
1916 2407 1950 2440 5,

1258 2447 1298 2475 10
1314 2444 1416 2476 Vorst.
1448 2451 1573 2485 pontem
1599 2446 1714 2487 Abydo
1738 2446 1813 2477 fecit
1837 2446 1952 2478 Xerxes

1256 2487 1290 2523 ii,
1303 2490 1355 2524 13,
1371 2492 1390 2519 5
1424 2498 1502 2528 pons
1524 2488 1640 2518 solutus
1662 2489 1893 2530 tempestatibus
1918 2489 1952 2526 ii,

1260 2532 1313 2566 13,
1328 2533 1349 2561 9
1372 2536 1497 2571 pontem
1509 2530 1614 2572 Cydni
1625 2531 1802 2572 interrumpi
1812 2542 1875 2562 non
1885 2531 1952 2562 vult

1259 2572 1373 2603 Darius
1387 2573 1429 2609 xi,
1444 2576 1497 2608 14,
1511 2577 1532 2605 4
1554 2573 1700 2614 pontibus
1714 2574 1806 2605 maria
1821 2580 1953 2605 sternere

1260 2614 1375 2646 Xerxes
1389 2619 1516 2651 conatur
1529 2615 1561 2651 ii,
1580 2618 1633 2651 10,
1646 2618 1689 2648 24

1304 2657 1430 2689 Pontici
1451 2657 1542 2693 xxxii,
1557 2660 1589 2694 4,
1604 2661 1623 2689 7

1306 2700 1471 2731 Ponticum
1486 2710 1568 2730 mare
1582 2700 1614 2737 ii,
1626 2702 1656 2737 1,
1670 2702 1711 2731 19
1731 2698 1856 2731 Pontici
1865 2698 1954 2730 maris

1262 2741 1402 2783 regiones
1416 2742 1480 2778 xiii,
1494 2745 1527 2779 4,
1543 2745 1584 2774 16

1307 2784 1426 2816 Pontus
1440 2785 1523 2826 regio
1537 2783 1660 2825 Scythis
1673 2782 1847 2825 propinqua
1873 2783 1907 2820 ii,
1920 2785 1954 2821 2,

1266 2829 1297 2858 1.
1318 2826 1372 2863 xii,
1384 2830 1416 2862 2,
1431 2830 1472 2859 16
1493 2827 1525 2857 in
1536 2826 1683 2857 divisione
1695 2825 1956 2867 imperiiAlexan-

1266 2869 1314 2899 dri
1341 2869 1525 2910 Lysimacho
1548 2869 1637 2899 datur
1658 2868 1722 2905 xiii,
1735 2870 1768 2905 4,
1784 2871 1825 2901 16
1861 2867 1956 2900 Ponti

1267 2911 1350 2944 sinus
1365 2912 1405 2944 ab
1419 2910 1629 2945 Amazonibus
1643 2909 1794 2943 edomitus
1818 2911 1853 2949 ii,
1866 2913 1899 2949 4,
1912 2912 1957 2943 26
