2174 3424
442 339 526 382 828

445 445 564 476 AElian.
583 445 624 476 V.
641 444 687 476 H.
702 453 769 477 vn,
785 447 816 475 Β.
850 445 935 476 Ειιηι
952 448 989 477 ut
1004 445 1139 476 heroem

444 496 551 526 coluit
565 494 772 526 Alexander.
798 496 1010 527 Arriamvn.
1035 496 1142 535 Bong.

446 546 491 577 Et
508 546 603 577 Curt.
620 555 656 578 x.
670 548 702 578 4.
716 549 769 577 24.
785 550 820 577 et
834 546 928 578 Plut.
950 545 1049 578 Alex.
1067 549 1139 579 123.

447 595 547 626 Bern.

490 645 666 686 Obsequiis]
689 645 726 677 Si
741 645 967 678 Viennensem
990 646 1139 678 Camert.

445 695 500 726 ed.
526 697 634 727 secuti
656 696 904 737 distinguamus
928 697 991 736 ita,
1019 697 1141 728 dotibus

442 747 543 786 primo
552 746 678 785 formoe,
687 748 888 788 pueritioeque
898 758 970 778 mox
981 747 1141 788 obsequiis,

449 796 491 827 ad
529 797 691 838 obsequia
727 798 899 838 impudica
936 798 1140 838 pertinuerit

445 847 566 878 oratio.
611 848 678 878 Sed
691 848 765 879 llaec
781 849 891 888 potius
908 847 949 878 de
963 847 1141 888 obsequio-

445 898 490 929 sis
508 899 593 930 aulae
610 899 803 930 ministeriis
819 899 1016 939 accipienda
1030 899 1142 930 viden-

446 952 512 980 tur.
558 948 637 980 Vid.
653 949 750 981 Curt.
767 958 824 980 111.
846 952 896 980 12.
911 951 966 979 23.
987 950 997 967 ‘
1015 949 1140 979 Bassus

447 998 617 1029 Silvanum
649 999 765 1039 specie
798 998 951 1040 obsequii
977 998 1140 1040 regebat’

446 1057 502 1088 ap.
515 1048 598 1079 Tac.
614 1057 671 1080 111.
688 1048 733 1079 H.
749 1051 802 1079 50.
826 1049 876 1080 Id.

489 1099 506 1139 ᾗ
533 1101 572 1129 12
596 1099 814 1139 Tumulumque
839 1100 868 1130 ei
894 1099 1052 1131 duodecim
1072 1099 1142 1130 mil-

448 1149 522 1179 lium
537 1149 736 1189 talentorum]
759 1150 814 1180 Sic
828 1154 863 1180 et
879 1150 974 1181 Curt.
993 1159 1029 1181 x.
1042 1153 1072 1181 4.
1089 1153 1142 1182 25.

447 1198 508 1229 sed
524 1199 617 1230 Plut.
636 1198 735 1230 Alex.
759 1202 831 1230 124.
854 1202 863 1216 ‘
880 1200 998 1231 decem
1021 1199 1142 1230 millia’

447 1248 558 1286 habet,
586 1258 663 1280 usus
692 1258 737 1280 sc.
769 1249 980 1280 rotunditate
1013 1249 1143 1280 numeri

446 1300 456 1316 ‘
482 1299 667 1340 myriadis‚’
693 1309 814 1341 parum
838 1300 1041 1332 excedentia
1063 1301 1142 1341 reji-

447 1349 550 1380 ciens.
575 1350 670 1381 Idem.

494 1399 724 1440 Τυιηαὶιιηιῳιε,
747 1399 815 1440 ssa]
850 1399 991 1431 Lucian.
1016 1399 1050 1430 in
1082 1400 1144 1431 Ca-

451 1450 555 1480 lumn.
582 1459 647 1480 non
675 1454 804 1481 temere
820 1449 913 1480 cred.
940 1454 1020 1481 tom.
1047 1459 1088 1482 11.
1111 1460 1144 1490 p.

448 1502 524 1530 1119.
543 1498 628 1529 Ἐπεὶ
642 1498 702 1540 γὰρ
719 1497 866 1530 ἀπέθανεν
879 1499 1076 1539 Ἡφαιστίων,
1089 1498 1146 1529 ὑπὸ

449 1550 503 1579 τοῦ
515 1548 623 1589 ἔρωτος
635 1549 832 1591 Ἀλέξανδρος
842 1549 993 1587 ἐβουλήθη
1007 1551 1147 1590 προσθεῖ·

448 1612 496 1630 ναι
509 1600 560 1630 καὶ
573 1601 665 1631 τοῦτο
679 1602 719 1642 τῇ
732 1600 825 1642 noim
848 1600 1069 1641 μεγαλουργίᾳ,
1095 1599 1147 1631 καὶ

449 1642 528 1673 Θεὸν
562 1645 776 1683 χειροτονῆσαι
805 1643 861 1675 τὸν
885 1642 1144 1681 τετελευτηκότα·

451 1692 537 1724 εὐθὺς
552 1691 604 1724 οὖν
614 1693 686 1725 νεώς
694 1706 728 1724 τε
741 1692 914 1730 ἀνέστησαν
927 1693 957 1724 αἱ
971 1693 1085 1734 πόλεις,
1097 1693 1147 1724 καὶ

449 1742 559 1782 τεμένη
574 1743 760 1785 καθιδρύετο,
775 1743 826 1775 καὶ
840 1743 947 1783 βωμοὶ,
971 1743 1021 1774 καὶ
1037 1743 1146 1780 θυσίαι,

451 1794 502 1825 καὶ
527 1794 629 1835 ἑορταὶ
652 1796 696 1834 τῷ
720 1796 810 1834 καινῷ
831 1794 931 1834 τούτῳ
953 1796 1018 1834 Θεῷ
1043 1795 1147 1825 ἐπετε·

452 1846 573 1876 λοῦντο.
614 1846 737 1876 Zouur.
762 1855 815 1877 lv.
853 1844 978 1875 Annal.
1014 1847 1065 1876 14.
1098 1844 1149 1875 Ἐν

453 1895 654 1932 Ἐκβατάνοις
666 1895 697 1927 δὲ
708 1895 976 1935 γενομένουζαύτοῦ
991 1896 1007 1925 ὃ
1019 1895 1149 1934 Ἥφαισ-

454 1946 528 1976 τῖων
542 1945 699 1986 ἐπύρεττε,
724 1945 775 1976 καὶ
798 1946 828 1984 ἐξ
842 1944 1017 1976 ἀκολάστου
1036 1945 1150 1982 διαίτης

456 1997 513 2033 τῆς
548 1996 638 2027 νόσου
673 1996 882 2037 κρατυνθεῖσης
908 1995 1052 2035 ἐξέλιπεν.
1086 1997 1151 2028 Οὐκ

462 2047 593 2084 ἤνεγκεν
611 2045 664 2077 οὖν
686 2048 825 2086 λυγισμῷ
846 2047 884 2077 τὸ
900 2045 995 2078 πάθος
1007 2047 1150 2086 Ἀλέξαν-

455 2099 535 2138 δρος,
550 2097 636 2129 ἀλλὰ
649 2097 705 2129 τὸν
718 2097 774 2137 μὲν
796 2097 897 2139 ιάτρὸν
911 2097 1149 2139 ἀνεσταύρωσεν·

459 2148 570 2180 ἵππους
586 2147 619 2179 δὲ
634 2150 729 2189 κεῖραι
751 2147 801 2179 καὶ
819 2147 956 2187 ἡμιόνους
974 2146 1151 2188 προσέταξε,

456 2199 508 2230 καὶ
530 2199 587 2231 τὰς
609 2198 748 2239 ἐπάλξεις
776 2201 912 2240 περιεῖλε
936 2201 998 2231 τῶν
1020 2200 1150 2241 πόλεων,

458 2250 509 2281 καὶ
531 2250 678 2289 μουσικὴν
702 2250 753 2282 καὶ
777 2250 887 2282 αὐλοὺς
911 2251 943 2281 ἐν
957 2252 999 2290 τῷ
1022 2263 1150 2292 στρατο-

457 2299 537 2340 πέδῳ
567 2299 666 2331 πολὺν
692 2299 802 2341 χρόνον
835 2299 1038 2333 κατέπαυσεν.
1098 2300 1151 2333 Cf.

457 2351 553 2382 Plut.
567 2351 600 2381 in
617 2350 774 2392 Pclopid.
798 2361 832 2391 p.
847 2353 921 2382 296.

500 2401 639 2441 Eumque
663 2403 731 2441 post
754 2403 882 2431 mortem
908 2400 966 2431 coli
990 2404 1025 2431 ut
1048 2401 1152 2432 Deum

449 2450 561 2490 jussit]
578 2450 712 2482 Arrian.
728 2460 797 2482 vn.
811 2450 928 2482 scribit
944 2461 964 2482 a
981 2452 1151 2493 plerisque

456 2501 627 2540 proditum
645 2509 726 2541 esse,
743 2500 974 2533 Alexandrum
988 2502 1152 2543 Hepliaes-

457 2550 540 2581 tioni
558 2550 597 2582 ὥς
610 2550 694 2591 ἥρωϊ,
707 2554 741 2582 ιιι
761 2551 859 2592 heroi,
881 2553 1056 2592 parentari
1077 2552 1151 2593 jus-

456 2601 560 2632 sisse:
600 2601 695 2640 item,
725 2601 856 2632 venisse
884 2601 925 2632 ab
953 2601 1040 2633 Jove
1071 2602 1151 2633 Am-

457 2661 568 2689 mone,
583 2651 638 2692 qui
665 2651 706 2682 ad
733 2660 807 2682 eum
833 2651 924 2682 missi
951 2657 1077 2693 essent,
1102 2654 1151 2684 di-

457 2707 586 2737 ceutes,
613 2701 812 2733 Ammonem
840 2701 982 2742 dixisse,
1017 2703 1056 2734 ὣς
1081 2703 1155 2745 ἥρωϊ

458 2751 507 2782 ὅτι
532 2750 613 2782 θύειν
642 2750 734 2793 θέμις,
762 2754 841 2793 quod
865 2756 897 2783 nt
928 2753 1013 2783 heroi
1036 2755 1152 2796 sacrifi.-

457 2811 528 2832 corc
556 2802 618 2842 ipsi
647 2802 701 2840 sus
724 2806 813 2834 essct.
868 2803 1085 2835 Tantundem
1116 2809 1152 2836 et

460 2852 550 2883 Plut.
579 2852 739 2892 prodidit.
796 2852 927 2883 Hcroiis
965 2858 1077 2884 autem
1115 2858 1152 2886 ut

460 2901 584 2942 ἡμίθεοι,
606 2902 743 2941 semidei,
769 2901 888 2942 habiti,
909 2902 956 2934 ita
982 2907 1016 2934 ct
1043 2904 1152 2936 cultus

895 351 1037 382 NOTAE
1071 351 1334 384 VARIORUM
1367 353 1419 384 IN

1188 444 1320 477 illorum
1334 455 1353 477 a
1364 445 1485 477 (livinis
1502 445 1650 477 nonnihil
1668 445 1884 487 discrepavit.

1188 496 1268 528 Vid.
1290 501 1327 528 et
1349 497 1458 528 Notas
1478 496 1659 528 Blancardi
1676 495 1718 526 ad
1734 495 1795 528 lib.
1814 505 1883 527 vu.

1189 543 1338 576 Arriani.
1367 545 1439 578 Vor.

1233 596 1320 627 CAP.
1341 605 1427 627 xln.
1470 596 1488 636 ᾧ
1511 597 1527 626 1
1553 594 1794 635 Hispaniarum]
1817 594 1888 626 No-

1191 649 1241 676 tat
1258 645 1291 676 in
1306 644 1517 676 variantibus
1539 644 1747 685 Bongarsius
1763 653 1836 675 esse
1851 643 1886 674 in

1189 705 1255 726 uno
1279 696 1344 727 Ms.
1370 695 1566 736 Sprmiarum,
1582 699 1684 735 atque
1706 694 1756 725 ita.
1778 694 1811 725 in
1827 703 1887 735 op-

1190 745 1281 776 timis
1298 745 1547 785 exemplaribus
1561 744 1669 776 Curtii
1684 743 1790 786 (forte
1805 753 1840 775 x.
1857 746 1888 775 1.

1189 794 1262 835 22.)
1288 795 1452 834 scriptum
1478 805 1513 826 se
1538 794 1743 835 repperisse.
1783 794 1887 826 Certe

1189 845 1236 875 D.
1253 844 1480 884 Hieronymus
1504 843 1546 875 ad
1571 845 1682 875 Esaiae
1705 848 1811 884 caput
1834 847 1887 876 64.

1189 894 1199 911 ‘
1216 893 1375 934 Spaniam
1386 893 1394 907 '
1419 899 1540 926 vocat:
1565 898 1602 925 et
1619 898 1716 925 vetus
1733 895 1766 925 in
1783 894 1888 927 Juve-

1191 945 1302 975 nalem
1325 945 1594 986 Glossograplius
1618 946 1746 985 Tagum
1770 945 1779 962 ‘
1803 945 1889 984 Spa-

1190 994 1275 1026 niae’
1300 994 1384 1026 facit
1408 994 1568 1027 fluvium:
1604 1000 1640 1026 et
1663 995 1813 1026 Galenus
1836 1005 1887 1028 VI.

1191 1044 1342 1084 Simplic.
1367 1047 1400 1076 4.
1432 1045 1442 1062 ⁴
1459 1045 1626 1085 Spanum’
1653 1049 1753 1077 vocat
1777 1046 1889 1076 oleum

1192 1103 1234 1124 ex
1256 1094 1371 1125 Iberia
1387 1094 1452 1136 (sie
1479 1095 1678 1136 Hispaniam
1699 1093 1891 1135 nuncupat)

1193 1144 1385 1176 advectum.
1431 1145 1603 1176 Consonat
1626 1145 1773 1186 denique
1796 1144 1892 1176 hodi-

1192 1202 1272 1224 erna
1286 1194 1472 1234 appellatio
1491 1195 1693 1226 nostratium
1708 1195 1890 1226 Italorum-

1193 1255 1275 1287 que:
1310 1256 1374 1278 nec
1396 1247 1525 1278 abeunt
1548 1248 1694 1288 Hispani
1721 1248 1892 1289 Gallique.

1193 1297 1282 1327 Nam
1296 1298 1418 1336 Espana
1431 1302 1466 1328 et
1481 1297 1599 1337 Spania
1616 1298 1799 1338 scriptione
1817 1302 1892 1329 tan-

1194 1352 1266 1378 tum
1283 1346 1461 1386 differunt;
1485 1357 1561 1378 cum
1582 1348 1632 1378 illi
1647 1347 1785 1378 vocibus
1800 1348 1893 1378 Lati-

1194 1397 1258 1435 nis,
1294 1397 1413 1438 quibus
1439 1397 1481 1428 ab
1506 1398 1529 1428 S
1555 1397 1656 1428 litera
1680 1397 1825 1436 initium,
1862 1397 1892 1428 E

1195 1457 1407 1488 praeponere,
1421 1456 1561 1488 suasque
1577 1446 1693 1477 facere
1709 1455 1893 1478 consueve-

1195 1497 1276 1529 rint.
1299 1497 1378 1528 Vid.
1393 1498 1536 1529 Gruter.
1560 1497 1593 1527 in
1619 1496 1803 1537 Capitolini
1822 1496 1894 1528 An-

1195 1548 1349 1579 toninum
1365 1558 1440 1588 cap.
1459 1551 1490 1579 l.
1509 1552 1545 1579 et
1560 1548 1705 1578 Merulae
1722 1548 1894 1588 Cosmogr.

1197 1608 1231 1639 p.
1245 1601 1318 1629 275.
1335 1597 1376 1630 Α.
1408 1598 1463 1629 Ita
1479 1598 1658 1638 Spaniensis
1682 1606 1774 1629 x1.11.
1789 1601 1821 1629 5.
1840 1600 1892 1629 11.

1197 1649 1231 1680 iu
1248 1648 1475 1679 Variantibus.
1498 1649 1597 1679 Rern.

1241 1700 1296 1730 Ex
1312 1698 1422 1738 Italia]
1444 1699 1550 1730 Erant
1567 1698 1600 1728 in
1613 1697 1662 1729 bis
1671 1697 1813 1738 Bruttii,
1829 1698 1896 1729 Lu·

1198 1749 1416 1788 cani,Tusci.
1462 1749 1553 1780 Num
1577 1753 1612 1780 et
1639 1749 1808 1780 Romani?
1830 1748 1895 1780 As-

1197 1803 1314 1830 serunt
1329 1799 1391 1829 hoc
1407 1798 1508 1839 aliqui
1522 1809 1530 1829 ε
1566 1797 1693 1829 diserte
1709 1803 1814 1839 negat
1828 1797 1894 1829 Ar-

1198 1848 1283 1880 riau.
1307 1857 1373 1878 vu.
1417 1848 1490 1879 lmo
1514 1847 1600 1878 dicit
1624 1848 1701 1879 Liv.
1717 1857 1769 1879 rx.
1786 1851 1838 1879 18.
1862 1852 1895 1880 5.

1196 1898 1206 1914 ‘
1224 1897 1450 1929 Alexandrum
1473 1899 1638 1938 Magnum
1654 1907 1697 1929 ne
1716 1897 1806 1929 fama
1822 1899 1894 1939 qui·

1198 1949 1274 1980 dem
1300 1948 1425 1988 populo
1452 1949 1547 1979 Rom.
1570 1947 1741 1988 cognitum
1758 1947 1894 1980 fuisse?

1200 1999 1288 2040 quod
1314 1999 1369 2030 vix
1390 1998 1484 2030 credi
1500 2002 1614 2039 queat.
1658 1998 1852 2038 Legationis
1873 2007 1895 2029 a

1201 2049 1360 2080 Romanis
1385 2049 1427 2079 ad
1444 2048 1675 2079 Alexandrum
1701 2049 1809 2080 missae
1824 2058 1893 2080 me-

1198 2098 1295 2130 minit
1312 2097 1401 2128 Plin.
1418 2106 1474 2128 111.
1491 2101 1521 2128 5.
1537 2100 1589 2128 30.
1613 2097 1714 2128 Bern.

1242 2149 1259 2188 ᾗ
1283 2149 1302 2177 3
1336 2146 1472 2182 Quidam
1497 2156 1537 2177 ex
1559 2146 1675 2186 magis]
1705 2145 1785 2178 Vid.
1811 2147 1894 2180 Sen.

1197 2197 1389 2228 Suasoriam
1408 2205 1459 2228 ιν.
1491 2195 1532 2226 In
1558 2205 1598 2227 ea
1622 2206 1743 2228 censeo
1758 2197 1895 2238 legend.

1197 2247 1207 2263 ‘
1238 2247 1412 2288 Babylone
1449 2246 1655 2286 excluditur,
1691 2247 1745 2278 cui
1782 2249 1895 2288 patuit

1201 2295 1379 2327 Oceanus!
1411 2296 1512 2335 Vulg.
1549 2295 1709 2336 Babylone
1741 2297 1896 2329 cluditur:

1200 2347 1262 2379 nisi
1277 2346 1383 2378 mavis
1399 2346 1543 2387 Babylon
1558 2347 1588 2377 ei
1602 2347 1747 2377 cluditur.
1770 2348 1880 2388 Bong-

1245 2397 1351 2437 Hunc,
1374 2397 1444 2438 ἔγω]
1479 2397 1638 2428 Viucent.
1663 2401 1671 2414 ‘
1697 2397 1761 2429 hoc
1788 2398 1820 2429 ei
1844 2397 1894 2429 fa·

1201 2448 1268 2479 tale
1283 2446 1320 2478 f.’

1244 2499 1261 2539 §
1277 2501 1295 2529 4
1315 2497 1362 2528 Ob
1377 2498 1431 2529 hoc
1445 2497 1555 2529 omissa
1571 2497 1745 2538 Babylonia
1759 2498 1793 2529 in
1809 2498 1894 2539 Byr-

1199 2549 1279 2580 sz‘nm
1302 2547 1421 2588 urbem]
1448 2547 1573 2578 Birtliae
1601 2548 1754 2578 meminit
1778 2548 1894 2579 Ptole-

1200 2608 1304 2630 maeus
1320 2599 1362 2629 ad
1377 2598 1508 2638 Tigrim
1533 2607 1634 2638 supra
1659 2598 1894 2637 Babyloniam.

1201 2650 1352 2689 Byrsiam
1381 2648 1470 2679 haud
1499 2648 1568 2679 scio
1599 2657 1641 2679 an
1671 2648 1760 2679 idem
1790 2649 1896 2679 locus.

1200 2699 1362 2730 Arrianus
1387 2697 1617 2729 Alexandrum
1639 2697 1698 2735 ait,
1722 2707 1894 2739 egressum

1201 2750 1388 2791 Babylone,
1403 2759 1463 2790 per
1483 2749 1689 2789 Euphratem
1706 2749 1836 2780 venisse
1851 2749 1894 2781 ad

1202 2800 1420 2840 Pallacopam
1446 2798 1478 2829 fl.
1502 2802 1576 2830 800.
1600 2799 1720 2830 stadiis
1749 2810 1768 2830 a
1784 2800 1894 2840 Baby-

1202 2851 1291 2882 lonia
1306 2850 1505 2890 distantem,
1521 2849 1599 2882 inde
1616 2849 1825 2891 Babylonem
1844 2859 1894 2882 re-

1202 2911 1364 2943 gressum.
1388 2900 1481 2932 Glar.
