<?xml version="1.0" encoding="UTF-8"?>
<!DOCTYPE html PUBLIC "-//W3C//DTD XHTML 1.0 Transitional//EN"
    "http://www.w3.org/TR/xhtml1/DTD/xhtml1-transitional.dtd">
<html xmlns="http://www.w3.org/1999/xhtml" xml:lang="en" lang="en">
 <head>
  <title>
</title>
<meta http-equiv="Content-Type" content="text/html;charset=utf-8" />
  <meta name='ocr-system' content='tesseract 3.04.00' />
  <meta name='ocr-capabilities' content='ocr_page ocr_carea ocr_par ocr_line ocrx_word'/>
</head>
<body>
  <div class='ocr_page' id='page_1' title='image "./historiaephilipp02just/historiaephilipp02just_0145.png"; bbox 0 0 2174 3424; ppageno 0'>
   <div class='ocr_carea' id='block_1_1' title="bbox 594 360 1250 402">
    <p class='ocr_par' dir='ltr' id='par_1_1' title="bbox 594 360 1250 402">
     <span class='ocr_line' id='line_1_1' title="bbox 594 360 1250 402; baseline -0.006 0"><span class='ocrx_word' id='word_1_1' title='bbox 594 370 788 402; x_wconf 83' lang='lat' dir='ltr'>JUSTlNl</span> <span class='ocrx_word' id='word_1_2' title='bbox 827 369 918 399; x_wconf 74' lang='lat' dir='ltr'>ma.</span> <span class='ocrx_word' id='word_1_3' title='bbox 955 370 1037 398; x_wconf 82' lang='lat' dir='ltr'>vn.</span> <span class='ocrx_word' id='word_1_4' title='bbox 1071 369 1177 399; x_wconf 80' lang='lat' dir='ltr'>cAr.</span> <span class='ocrx_word' id='word_1_5' title='bbox 1208 360 1250 399; x_wconf 83' lang='grc'>6.</span> 
     </span>
    </p>
   </div>
   <div class='ocr_carea' id='block_1_2' title="bbox 189 462 905 3016">
    <p class='ocr_par' dir='ltr' id='par_1_2' title="bbox 195 462 897 609">
     <span class='ocr_line' id='line_1_2' title="bbox 196 462 896 501; baseline -0.013 0"><span class='ocrx_word' id='word_1_6' title='bbox 196 469 297 500; x_wconf 86' lang='lat' dir='ltr'>misso</span> <span class='ocrx_word' id='word_1_7' title='bbox 311 468 447 501; x_wconf 78' lang='lat' dir='ltr'>Manlia</span> <span class='ocrx_word' id='word_1_8' title='bbox 459 467 544 498; x_wconf 87' lang='lat' dir='ltr'>duce</span> <span class='ocrx_word' id='word_1_9' title='bbox 557 475 633 497; x_wconf 90' lang='lat' dir='ltr'>cum</span> <span class='ocrx_word' id='word_1_10' title='bbox 646 462 813 495; x_wconf 84' lang='lat' dir='ltr'>exercitu.</span> <span class='ocrx_word' id='word_1_11' title='bbox 839 463 896 493; x_wconf 88' lang='lat' dir='ltr'>De</span> 
     </span>
     <span class='ocr_line' id='line_1_3' title="bbox 195 515 897 559; baseline -0.011 -9"><span class='ocrx_word' id='word_1_12' title='bbox 195 520 294 552; x_wconf 88' lang='lat' dir='ltr'>victis</span> <span class='ocrx_word' id='word_1_13' title='bbox 316 519 442 559; x_wconf 82' lang='lat' dir='ltr'>Illyriis</span> <span class='ocrx_word' id='word_1_14' title='bbox 459 517 526 548; x_wconf 88' lang='lat' dir='ltr'>vid.</span> <span class='ocrx_word' id='word_1_15' title='bbox 544 515 644 547; x_wconf 90' lang='lat' dir='ltr'>eund.</span> <span class='ocrx_word' id='word_1_16' title='bbox 660 515 723 546; x_wconf 93' lang='lat' dir='ltr'>sub</span> <span class='ocrx_word' id='word_1_17' title='bbox 740 523 828 545; x_wconf 87' lang='lat' dir='ltr'>auno</span> <span class='ocrx_word' id='word_1_18' title='bbox 843 522 897 544; x_wconf 83' lang='lat' dir='ltr'>se·</span> 
     </span>
     <span class='ocr_line' id='line_1_4' title="bbox 197 568 619 609; baseline -0.012 -8"><span class='ocrx_word' id='word_1_19' title='bbox 197 570 307 602; x_wconf 90' lang='lat' dir='ltr'>cundo</span> <span class='ocrx_word' id='word_1_20' title='bbox 326 568 490 609; x_wconf 87' lang='lat' dir='ltr'>Philippi.</span> <span class='ocrx_word' id='word_1_21' title='bbox 513 568 619 605; x_wconf 83' lang='lat' dir='ltr'>Bong.</span> 
     </span>
    </p>

    <p class='ocr_par' dir='ltr' id='par_1_3' title="bbox 196 612 896 702">
     <span class='ocr_line' id='line_1_5' title="bbox 239 612 896 661; baseline -0.012 -10"><span class='ocrx_word' id='word_1_22' title='bbox 239 622 256 661; x_wconf 52' lang='grc' dir='ltr'>ᾧ</span> <span class='ocrx_word' id='word_1_23' title='bbox 280 623 300 651; x_wconf 87' lang='grc'><strong>7</strong></span> <span class='ocrx_word' id='word_1_24' title='bbox 324 620 432 650; x_wconf 83' lang='lat' dir='ltr'>Malta</span> <span class='ocrx_word' id='word_1_25' title='bbox 444 618 557 658; x_wconf 88' lang='lat' dir='ltr'>millia]</span> <span class='ocrx_word' id='word_1_26' title='bbox 581 617 680 649; x_wconf 85' lang='lat' dir='ltr'>Ultra</span> <span class='ocrx_word' id='word_1_27' title='bbox 694 618 714 647; x_wconf 80' lang='lat'><strong>7</strong></span> <span class='ocrx_word' id='word_1_28' title='bbox 727 614 777 646; x_wconf 92' lang='grc' dir='ltr'>Μ.</span> <span class='ocrx_word' id='word_1_29' title='bbox 792 612 896 645; x_wconf 85' lang='lat' dir='ltr'><strong>Diod.</strong></span> 
     </span>
     <span class='ocr_line' id='line_1_6' title="bbox 196 670 443 702; baseline -0.008 0"><span class='ocrx_word' id='word_1_30' title='bbox 196 679 275 702; x_wconf 82' lang='lat' dir='ltr'>xvr.</span> <span class='ocrx_word' id='word_1_31' title='bbox 291 672 323 702; x_wconf 87' lang='grc'>4.</span> <span class='ocrx_word' id='word_1_32' title='bbox 345 670 443 701; x_wconf 83' lang='lat' dir='ltr'>Rern.</span> 
     </span>
    </p>

    <p class='ocr_par' dir='ltr' id='par_1_4' title="bbox 193 714 898 1308">
     <span class='ocr_line' id='line_1_7' title="bbox 242 714 896 754; baseline -0.011 -3"><span class='ocrx_word' id='word_1_33' title='bbox 242 720 356 751; x_wconf 84' lang='lat' dir='ltr'><strong><em>Urbem</em></strong></span> <span class='ocrx_word' id='word_1_34' title='bbox 376 718 596 750; x_wconf 79' lang='lat' dir='ltr'><em>nobilissimam</em></span> <span class='ocrx_word' id='word_1_35' title='bbox 620 715 779 748; x_wconf 66' lang='lat' dir='ltr'>Larissam</span> <span class='ocrx_word' id='word_1_36' title='bbox 799 714 896 754; x_wconf 81' lang='lat' dir='ltr'><strong><em>capit.</em></strong></span> 
     </span>
     <span class='ocr_line' id='line_1_8' title="bbox 195 765 895 808; baseline -0.01 -7"><span class='ocrx_word' id='word_1_37' title='bbox 195 769 283 801; x_wconf 88' lang='lat' dir='ltr'>Hinc</span> <span class='ocrx_word' id='word_1_38' title='bbox 306 768 508 808; x_wconf 79' lang='lat' dir='ltr'><strong><em>Thessaliam]</em></strong></span> <span class='ocrx_word' id='word_1_39' title='bbox 531 768 623 800; x_wconf 86' lang='lat' dir='ltr'>Just.</span> <span class='ocrx_word' id='word_1_40' title='bbox 649 767 699 797; x_wconf 88' lang='lat' dir='ltr'>ita</span> <span class='ocrx_word' id='word_1_41' title='bbox 725 765 895 796; x_wconf 83' lang='lat' dir='ltr'><strong>Larissam</strong></span> 
     </span>
     <span class='ocr_line' id='line_1_9' title="bbox 193 815 898 859; baseline -0.007 -9"><span class='ocrx_word' id='word_1_42' title='bbox 193 819 320 859; x_wconf 79' lang='lat' dir='ltr'>Illyriis</span> <span class='ocrx_word' id='word_1_43' title='bbox 335 819 520 859; x_wconf 85' lang='lat' dir='ltr'>subjungit,</span> <span class='ocrx_word' id='word_1_44' title='bbox 538 817 632 858; x_wconf 85' lang='lat' dir='ltr'>quasi</span> <span class='ocrx_word' id='word_1_45' title='bbox 658 816 793 847; x_wconf 83' lang='lat' dir='ltr'>Larissa</span> <span class='ocrx_word' id='word_1_46' title='bbox 816 815 898 855; x_wconf 76' lang='lat' dir='ltr'>llly-</span> 
     </span>
     <span class='ocr_line' id='line_1_10' title="bbox 193 864 896 909; baseline -0.009 -9"><span class='ocrx_word' id='word_1_47' title='bbox 193 869 331 909; x_wconf 81' lang='lat' dir='ltr'>riorum,</span> <span class='ocrx_word' id='word_1_48' title='bbox 341 878 406 899; x_wconf 90' lang='lat' dir='ltr'>non</span> <span class='ocrx_word' id='word_1_49' title='bbox 418 867 666 905; x_wconf 83' lang='lat' dir='ltr'>Thessalorum,</span> <span class='ocrx_word' id='word_1_50' title='bbox 676 865 755 896; x_wconf 89' lang='lat' dir='ltr'>urbs</span> <span class='ocrx_word' id='word_1_51' title='bbox 769 864 874 895; x_wconf 82' lang='lat' dir='ltr'>fuerit</span> <span class='ocrx_word' id='word_1_52' title='bbox 887 874 896 903; x_wconf 89' lang='lat'>;</span> 
     </span>
     <span class='ocr_line' id='line_1_11' title="bbox 194 915 896 950; baseline -0.006 0"><span class='ocrx_word' id='word_1_53' title='bbox 194 928 306 950; x_wconf 83' lang='lat' dir='ltr'>rursus</span> <span class='ocrx_word' id='word_1_54' title='bbox 334 918 536 949; x_wconf 84' lang='lat' dir='ltr'>Thessaliam</span> <span class='ocrx_word' id='word_1_55' title='bbox 566 917 713 948; x_wconf 86' lang='lat' dir='ltr'>Larissae</span> <span class='ocrx_word' id='word_1_56' title='bbox 753 915 896 946; x_wconf 88' lang='lat' dir='ltr'>subnec-</span> 
     </span>
     <span class='ocr_line' id='line_1_12' title="bbox 194 965 896 1010; baseline -0.009 -10"><span class='ocrx_word' id='word_1_57' title='bbox 194 972 284 1008; x_wconf 87' lang='lat' dir='ltr'>tens,</span> <span class='ocrx_word' id='word_1_58' title='bbox 305 968 400 1010; x_wconf 86' lang='lat' dir='ltr'>quasi</span> <span class='ocrx_word' id='word_1_59' title='bbox 426 967 562 998; x_wconf 87' lang='lat' dir='ltr'>Larissa</span> <span class='ocrx_word' id='word_1_60' title='bbox 582 975 649 997; x_wconf 93' lang='lat' dir='ltr'>non</span> <span class='ocrx_word' id='word_1_61' title='bbox 665 965 708 996; x_wconf 85' lang='lat' dir='ltr'>sit</span> <span class='ocrx_word' id='word_1_62' title='bbox 722 965 896 996; x_wconf 88' lang='lat' dir='ltr'>Thessalo-</span> 
     </span>
     <span class='ocr_line' id='line_1_13' title="bbox 194 1015 893 1050; baseline -0.007 0"><span class='ocrx_word' id='word_1_63' title='bbox 194 1028 268 1050; x_wconf 86' lang='lat' dir='ltr'>rum</span> <span class='ocrx_word' id='word_1_64' title='bbox 295 1018 396 1049; x_wconf 88' lang='lat' dir='ltr'>urbs:</span> <span class='ocrx_word' id='word_1_65' title='bbox 419 1017 478 1048; x_wconf 90' lang='lat' dir='ltr'>sed</span> <span class='ocrx_word' id='word_1_66' title='bbox 506 1017 572 1048; x_wconf 92' lang='lat' dir='ltr'>duo</span> <span class='ocrx_word' id='word_1_67' title='bbox 599 1016 631 1047; x_wconf 89' lang='lat' dir='ltr'>hi</span> <span class='ocrx_word' id='word_1_68' title='bbox 658 1025 790 1047; x_wconf 85' lang='lat' dir='ltr'>errores</span> <span class='ocrx_word' id='word_1_69' title='bbox 817 1015 893 1046; x_wconf 89' lang='lat' dir='ltr'>eod.</span> 
     </span>
     <span class='ocr_line' id='line_1_14' title="bbox 194 1066 896 1109; baseline -0.007 -9"><span class='ocrx_word' id='word_1_70' title='bbox 194 1069 290 1100; x_wconf 87' lang='lat' dir='ltr'>fonte</span> <span class='ocrx_word' id='word_1_71' title='bbox 313 1073 462 1107; x_wconf 85' lang='lat' dir='ltr'>manant,</span> <span class='ocrx_word' id='word_1_72' title='bbox 487 1067 575 1109; x_wconf 89' lang='lat' dir='ltr'>quod</span> <span class='ocrx_word' id='word_1_73' title='bbox 601 1076 662 1108; x_wconf 92' lang='lat' dir='ltr'>pro</span> <span class='ocrx_word' id='word_1_74' title='bbox 684 1066 782 1107; x_wconf 79' lang='lat' dir='ltr'>Lysso</span> <span class='ocrx_word' id='word_1_75' title='bbox 803 1066 896 1105; x_wconf 87' lang='lat' dir='ltr'>lege-</span> 
     </span>
     <span class='ocr_line' id='line_1_15' title="bbox 195 1115 895 1155; baseline -0.007 -5"><span class='ocrx_word' id='word_1_76' title='bbox 195 1122 275 1150; x_wconf 87' lang='lat' dir='ltr'>runt</span> <span class='ocrx_word' id='word_1_77' title='bbox 295 1118 432 1149; x_wconf 80' lang='lat' dir='ltr'>Larissa.</span> <span class='ocrx_word' id='word_1_78' title='bbox 476 1118 539 1148; x_wconf 90' lang='lat' dir='ltr'>Est</span> <span class='ocrx_word' id='word_1_79' title='bbox 555 1121 667 1148; x_wconf 86' lang='lat' dir='ltr'>autem</span> <span class='ocrx_word' id='word_1_80' title='bbox 686 1117 809 1155; x_wconf 87' lang='lat' dir='ltr'>Lyssus</span> <span class='ocrx_word' id='word_1_81' title='bbox 827 1115 895 1155; x_wconf 88' lang='lat' dir='ltr'>pri-</span> 
     </span>
     <span class='ocr_line' id='line_1_16' title="bbox 194 1165 895 1206; baseline -0.006 -8"><span class='ocrx_word' id='word_1_82' title='bbox 194 1177 250 1198; x_wconf 89' lang='lat' dir='ltr'>ma</span> <span class='ocrx_word' id='word_1_83' title='bbox 264 1167 446 1198; x_wconf 88' lang='lat' dir='ltr'>Dalmatiae</span> <span class='ocrx_word' id='word_1_84' title='bbox 463 1166 544 1197; x_wconf 90' lang='lat' dir='ltr'>urbs</span> <span class='ocrx_word' id='word_1_85' title='bbox 562 1170 636 1206; x_wconf 90' lang='lat' dir='ltr'>post</span> <span class='ocrx_word' id='word_1_86' title='bbox 649 1165 895 1206; x_wconf 78' lang='lat' dir='ltr'>Dyrrhachium</span> 
     </span>
     <span class='ocr_line' id='line_1_17' title="bbox 193 1216 895 1256; baseline -0.006 -7"><span class='ocrx_word' id='word_1_87' title='bbox 193 1218 237 1249; x_wconf 84' lang='lat' dir='ltr'>ad</span> <span class='ocrx_word' id='word_1_88' title='bbox 248 1218 345 1249; x_wconf 88' lang='lat' dir='ltr'>Mare</span> <span class='ocrx_word' id='word_1_89' title='bbox 356 1217 582 1256; x_wconf 83' lang='lat' dir='ltr'>Adriaticum,</span> <span class='ocrx_word' id='word_1_90' title='bbox 591 1216 683 1256; x_wconf 88' lang='lat' dir='ltr'>cujus</span> <span class='ocrx_word' id='word_1_91' title='bbox 695 1225 748 1256; x_wconf 89' lang='lat' dir='ltr'>ap.</span> <span class='ocrx_word' id='word_1_92' title='bbox 757 1225 895 1255; x_wconf 82' lang='lat' dir='ltr'>magnos</span> 
     </span>
     <span class='ocr_line' id='line_1_18' title="bbox 194 1265 873 1308; baseline -0.004 -9"><span class='ocrx_word' id='word_1_93' title='bbox 194 1272 352 1299; x_wconf 81' lang='lat' dir='ltr'>auctores</span> <span class='ocrx_word' id='word_1_94' title='bbox 368 1267 528 1308; x_wconf 86' lang='lat' dir='ltr'>frequens</span> <span class='ocrx_word' id='word_1_95' title='bbox 543 1270 596 1297; x_wconf 90' lang='lat' dir='ltr'>est</span> <span class='ocrx_word' id='word_1_96' title='bbox 611 1266 753 1297; x_wconf 88' lang='lat' dir='ltr'>mentio.</span> <span class='ocrx_word' id='word_1_97' title='bbox 779 1265 873 1296; x_wconf 90' lang='lat' dir='ltr'>Glar.</span> 
     </span>
    </p>

    <p class='ocr_par' dir='ltr' id='par_1_5' title="bbox 189 1315 905 3016">
     <span class='ocr_line' id='line_1_19' title="bbox 236 1315 896 1357; baseline -0.005 -9"><span class='ocrx_word' id='word_1_98' title='bbox 236 1317 411 1357; x_wconf 81' lang='lat' dir='ltr'>Larissam]</span> <span class='ocrx_word' id='word_1_99' title='bbox 436 1318 530 1348; x_wconf 84' lang='lat' dir='ltr'>Vett.</span> <span class='ocrx_word' id='word_1_100' title='bbox 558 1317 728 1347; x_wconf 88' lang='lat' dir='ltr'>Lariseam.</span> <span class='ocrx_word' id='word_1_101' title='bbox 761 1318 771 1333; x_wconf 89' lang='lat'>‘</span> <span class='ocrx_word' id='word_1_102' title='bbox 786 1315 896 1346; x_wconf 84' lang='lat' dir='ltr'>Laris-</span> 
     </span>
     <span class='ocr_line' id='line_1_20' title="bbox 195 1366 896 1408; baseline -0.004 -9"><span class='ocrx_word' id='word_1_103' title='bbox 195 1370 264 1400; x_wconf 83' lang='lat' dir='ltr'>sas&#39;</span> <span class='ocrx_word' id='word_1_104' title='bbox 278 1369 391 1408; x_wconf 86' lang='lat' dir='ltr'>plures</span> <span class='ocrx_word' id='word_1_105' title='bbox 404 1372 584 1398; x_wconf 81' lang='lat' dir='ltr'>recensent</span> <span class='ocrx_word' id='word_1_106' title='bbox 597 1375 648 1397; x_wconf 75' lang='lat' dir='ltr'>xx.</span> <span class='ocrx_word' id='word_1_107' title='bbox 663 1371 698 1397; x_wconf 87' lang='lat' dir='ltr'>et</span> <span class='ocrx_word' id='word_1_108' title='bbox 711 1375 792 1397; x_wconf 83' lang='lat' dir='ltr'>xm.</span> <span class='ocrx_word' id='word_1_109' title='bbox 804 1366 896 1396; x_wconf 86' lang='lat' dir='ltr'>Stra-</span> 
     </span>
     <span class='ocr_line' id='line_1_21' title="bbox 196 1417 895 1458; baseline -0.007 -7"><span class='ocrx_word' id='word_1_110' title='bbox 196 1420 242 1452; x_wconf 91' lang='lat' dir='ltr'>bo</span> <span class='ocrx_word' id='word_1_111' title='bbox 270 1423 306 1450; x_wconf 88' lang='lat' dir='ltr'>et</span> <span class='ocrx_word' id='word_1_112' title='bbox 329 1419 447 1458; x_wconf 89' lang='lat' dir='ltr'>Steph.</span> <span class='ocrx_word' id='word_1_113' title='bbox 474 1418 517 1449; x_wconf 91' lang='lat' dir='ltr'>de</span> <span class='ocrx_word' id='word_1_114' title='bbox 546 1417 631 1448; x_wconf 92' lang='lat' dir='ltr'>Urb.</span> <span class='ocrx_word' id='word_1_115' title='bbox 657 1417 796 1455; x_wconf 88' lang='lat' dir='ltr'>nullam,</span> <span class='ocrx_word' id='word_1_116' title='bbox 821 1426 895 1457; x_wconf 76' lang='lat' dir='ltr'>quae</span> 
     </span>
     <span class='ocr_line' id='line_1_22' title="bbox 192 1460 896 1508; baseline -0.006 -8"><span class='ocrx_word' id='word_1_117' title='bbox 192 1469 270 1500; x_wconf 86' lang='lat' dir='ltr'>huic</span> <span class='ocrx_word' id='word_1_118' title='bbox 287 1470 307 1500; x_wconf 89' lang='lat'>1.</span> <span class='ocrx_word' id='word_1_119' title='bbox 326 1469 520 1508; x_wconf 89' lang='lat' dir='ltr'>conveniat,</span> <span class='ocrx_word' id='word_1_120' title='bbox 538 1460 605 1498; x_wconf 80' lang='lat' dir='ltr'>nisi</span> <span class='ocrx_word' id='word_1_121' title='bbox 623 1468 714 1507; x_wconf 85' lang='lat' dir='ltr'>legas</span> <span class='ocrx_word' id='word_1_122' title='bbox 736 1466 896 1497; x_wconf 83' lang='lat' dir='ltr'>Larissam</span> 
     </span>
     <span class='ocr_line' id='line_1_23' title="bbox 194 1516 896 1550; baseline -0.009 0"><span class='ocrx_word' id='word_1_123' title='bbox 194 1519 229 1550; x_wconf 76' lang='lat' dir='ltr'>in</span> <span class='ocrx_word' id='word_1_124' title='bbox 247 1518 421 1550; x_wconf 79' lang='lat' dir='ltr'>Thessalia:</span> <span class='ocrx_word' id='word_1_125' title='bbox 445 1522 481 1548; x_wconf 92' lang='lat' dir='ltr'>et</span> <span class='ocrx_word' id='word_1_126' title='bbox 496 1527 537 1548; x_wconf 85' lang='lat' dir='ltr'>ea</span> <span class='ocrx_word' id='word_1_127' title='bbox 553 1518 632 1548; x_wconf 92' lang='lat' dir='ltr'>lect.</span> <span class='ocrx_word' id='word_1_128' title='bbox 648 1526 713 1546; x_wconf 94' lang='lat' dir='ltr'>uno</span> <span class='ocrx_word' id='word_1_129' title='bbox 730 1516 797 1547; x_wconf 89' lang='lat' dir='ltr'>Ms.</span> <span class='ocrx_word' id='word_1_130' title='bbox 814 1525 896 1546; x_wconf 91' lang='lat' dir='ltr'>con-</span> 
     </span>
     <span class='ocr_line' id='line_1_24' title="bbox 194 1565 897 1600; baseline -0.006 -1"><span class='ocrx_word' id='word_1_131' title='bbox 194 1568 367 1600; x_wconf 82' lang='lat' dir='ltr'>firmatur:</span> <span class='ocrx_word' id='word_1_132' title='bbox 393 1567 495 1599; x_wconf 88' lang='lat' dir='ltr'>habet</span> <span class='ocrx_word' id='word_1_133' title='bbox 522 1567 549 1597; x_wconf 88' lang='lat' dir='ltr'>is</span> <span class='ocrx_word' id='word_1_134' title='bbox 576 1567 734 1597; x_wconf 79' lang='lat' dir='ltr'>Larissam</span> <span class='ocrx_word' id='word_1_135' title='bbox 762 1566 834 1596; x_wconf 75' lang='lat' dir='ltr'>hinc</span> <span class='ocrx_word' id='word_1_136' title='bbox 863 1565 897 1596; x_wconf 78' lang='lat' dir='ltr'>in</span> 
     </span>
     <span class='ocr_line' id='line_1_25' title="bbox 199 1615 896 1655; baseline -0.006 -6"><span class='ocrx_word' id='word_1_137' title='bbox 199 1618 398 1650; x_wconf 82' lang='lat' dir='ltr'>Thessaliam.</span> <span class='ocrx_word' id='word_1_138' title='bbox 435 1617 551 1649; x_wconf 87' lang='lat' dir='ltr'>Ceteri</span> <span class='ocrx_word' id='word_1_139' title='bbox 567 1617 724 1647; x_wconf 80' lang='lat' dir='ltr'>Larissam</span> <span class='ocrx_word' id='word_1_140' title='bbox 736 1616 831 1655; x_wconf 79' lang='lat' dir='ltr'>capit,</span> <span class='ocrx_word' id='word_1_141' title='bbox 846 1615 896 1646; x_wconf 78' lang='lat' dir='ltr'>liic</span> 
     </span>
     <span class='ocr_line' id='line_1_26' title="bbox 196 1665 899 1705; baseline -0.007 -5"><span class='ocrx_word' id='word_1_142' title='bbox 196 1669 230 1699; x_wconf 75' lang='lat' dir='ltr'>in</span> <span class='ocrx_word' id='word_1_143' title='bbox 245 1669 442 1700; x_wconf 77' lang='lat' dir='ltr'>Thessaliam.</span> <span class='ocrx_word' id='word_1_144' title='bbox 465 1667 653 1698; x_wconf 85' lang='lat' dir='ltr'>Glareanus</span> <span class='ocrx_word' id='word_1_145' title='bbox 667 1666 790 1696; x_wconf 81' lang='lat' dir='ltr'>Lissum</span> <span class='ocrx_word' id='word_1_146' title='bbox 803 1665 899 1705; x_wconf 88' lang='lat' dir='ltr'>legit,</span> 
     </span>
     <span class='ocr_line' id='line_1_27' title="bbox 198 1716 897 1759; baseline -0.006 -9"><span class='ocrx_word' id='word_1_147' title='bbox 198 1728 273 1759; x_wconf 82' lang='lat' dir='ltr'>quae</span> <span class='ocrx_word' id='word_1_148' title='bbox 289 1725 342 1749; x_wconf 87' lang='lat' dir='ltr'>est</span> <span class='ocrx_word' id='word_1_149' title='bbox 359 1718 438 1749; x_wconf 88' lang='lat' dir='ltr'>urbs</span> <span class='ocrx_word' id='word_1_150' title='bbox 454 1717 593 1758; x_wconf 85' lang='lat' dir='ltr'>Illyriae.</span> <span class='ocrx_word' id='word_1_151' title='bbox 617 1717 762 1748; x_wconf 89' lang='lat' dir='ltr'>Ptolem.</span> <span class='ocrx_word' id='word_1_152' title='bbox 778 1716 897 1756; x_wconf 87' lang='lat' dir='ltr'>Steph.</span> 
     </span>
     <span class='ocr_line' id='line_1_28' title="bbox 194 1766 897 1808; baseline -0.007 -8"><span class='ocrx_word' id='word_1_153' title='bbox 194 1769 397 1800; x_wconf 86' lang='lat' dir='ltr'>Thessaliam</span> <span class='ocrx_word' id='word_1_154' title='bbox 420 1777 597 1808; x_wconf 80' lang='lat' dir='ltr'>aggressus</span> <span class='ocrx_word' id='word_1_155' title='bbox 624 1770 677 1798; x_wconf 91' lang='lat' dir='ltr'>est</span> <span class='ocrx_word' id='word_1_156' title='bbox 701 1766 897 1806; x_wconf 87' lang='lat' dir='ltr'>Philippus,</span> 
     </span>
     <span class='ocr_line' id='line_1_29' title="bbox 196 1817 896 1859; baseline -0.001 -9"><span class='ocrx_word' id='word_1_157' title='bbox 196 1824 289 1850; x_wconf 87' lang='lat' dir='ltr'>cont.</span> <span class='ocrx_word' id='word_1_158' title='bbox 313 1823 475 1859; x_wconf 87' lang='lat' dir='ltr'>tyrannos</span> <span class='ocrx_word' id='word_1_159' title='bbox 500 1822 649 1849; x_wconf 89' lang='lat' dir='ltr'>vocatus.</span> <span class='ocrx_word' id='word_1_160' title='bbox 688 1817 791 1848; x_wconf 89' lang='lat' dir='ltr'>Diod.</span> <span class='ocrx_word' id='word_1_161' title='bbox 819 1826 896 1849; x_wconf 84' lang='lat' dir='ltr'>xv1.</span> 
     </span>
     <span class='ocr_line' id='line_1_30' title="bbox 198 1866 897 1908; baseline -0.006 -8"><span class='ocrx_word' id='word_1_162' title='bbox 198 1872 251 1900; x_wconf 81' lang='lat'>14.</span> <span class='ocrx_word' id='word_1_163' title='bbox 285 1870 442 1908; x_wconf 85' lang='lat' dir='ltr'>Bongars.</span> <span class='ocrx_word' id='word_1_164' title='bbox 487 1868 586 1900; x_wconf 88' lang='lat' dir='ltr'>Junt.</span> <span class='ocrx_word' id='word_1_165' title='bbox 609 1871 647 1898; x_wconf 90' lang='lat' dir='ltr'>ut</span> <span class='ocrx_word' id='word_1_166' title='bbox 668 1866 800 1907; x_wconf 86' lang='lat' dir='ltr'>pridem</span> <span class='ocrx_word' id='word_1_167' title='bbox 816 1875 897 1897; x_wconf 88' lang='lat' dir='ltr'>con-</span> 
     </span>
     <span class='ocr_line' id='line_1_31' title="bbox 189 1918 897 1963; baseline -0.007 -10"><span class='ocrx_word' id='word_1_168' title='bbox 189 1921 279 1963; x_wconf 90' lang='lat' dir='ltr'>jecit</span> <span class='ocrx_word' id='word_1_169' title='bbox 294 1922 367 1952; x_wconf 91' lang='lat' dir='ltr'>Bon</span> <span class='ocrx_word' id='word_1_170' title='bbox 373 1930 405 1961; x_wconf 86' lang='lat' dir='ltr'>g.</span> <span class='ocrx_word' id='word_1_171' title='bbox 442 1920 602 1951; x_wconf 84' lang='lat' dir='ltr'>Larissam</span> <span class='ocrx_word' id='word_1_172' title='bbox 616 1918 649 1949; x_wconf 80' lang='lat' dir='ltr'>in</span> <span class='ocrx_word' id='word_1_173' title='bbox 666 1918 823 1949; x_wconf 81' lang='lat' dir='ltr'>Thessalia</span> <span class='ocrx_word' id='word_1_174' title='bbox 837 1928 897 1948; x_wconf 83' lang='lat' dir='ltr'>non</span> 
     </span>
     <span class='ocr_line' id='line_1_32' title="bbox 192 1971 897 2015; baseline -0.004 -11"><span class='ocrx_word' id='word_1_175' title='bbox 192 1974 309 2015; x_wconf 75' lang='lat' dir='ltr'>proedae</span> <span class='ocrx_word' id='word_1_176' title='bbox 324 1972 504 2013; x_wconf 82' lang='lat' dir='ltr'>cupiditate.</span> <span class='ocrx_word' id='word_1_177' title='bbox 549 1972 635 2004; x_wconf 81' lang='lat' dir='ltr'>Quae</span> <span class='ocrx_word' id='word_1_178' title='bbox 658 1971 738 2002; x_wconf 89' lang='lat' dir='ltr'>lect.</span> <span class='ocrx_word' id='word_1_179' title='bbox 761 1980 827 2001; x_wconf 92' lang='lat' dir='ltr'>non</span> <span class='ocrx_word' id='word_1_180' title='bbox 845 1975 897 2002; x_wconf 90' lang='lat' dir='ltr'>est</span> 
     </span>
     <span class='ocr_line' id='line_1_33' title="bbox 198 2022 896 2061; baseline -0.004 -7"><span class='ocrx_word' id='word_1_181' title='bbox 198 2022 423 2054; x_wconf 83' lang='lat' dir='ltr'>sollicitanda.</span> <span class='ocrx_word' id='word_1_182' title='bbox 483 2022 586 2061; x_wconf 89' lang='lat' dir='ltr'>Nam,</span> <span class='ocrx_word' id='word_1_183' title='bbox 617 2022 752 2052; x_wconf 88' lang='lat' dir='ltr'>Larissa</span> <span class='ocrx_word' id='word_1_184' title='bbox 782 2022 896 2061; x_wconf 84' lang='lat' dir='ltr'>capite</span> 
     </span>
     <span class='ocr_line' id='line_1_34' title="bbox 194 2071 896 2113; baseline -0.003 -9"><span class='ocrx_word' id='word_1_185' title='bbox 194 2073 372 2105; x_wconf 86' lang='lat' dir='ltr'>Thessaliae</span> <span class='ocrx_word' id='word_1_186' title='bbox 388 2072 584 2113; x_wconf 85' lang='lat' dir='ltr'>subjugata,</span> <span class='ocrx_word' id='word_1_187' title='bbox 599 2071 707 2103; x_wconf 89' lang='lat' dir='ltr'>ceteri</span> <span class='ocrx_word' id='word_1_188' title='bbox 730 2071 896 2112; x_wconf 87' lang='lat' dir='ltr'>cogeban-</span> 
     </span>
     <span class='ocr_line' id='line_1_35' title="bbox 198 2123 896 2163; baseline -0.003 -8"><span class='ocrx_word' id='word_1_189' title='bbox 198 2128 252 2156; x_wconf 89' lang='lat' dir='ltr'>tur</span> <span class='ocrx_word' id='word_1_190' title='bbox 264 2123 416 2154; x_wconf 89' lang='lat' dir='ltr'>nolentes</span> <span class='ocrx_word' id='word_1_191' title='bbox 430 2123 580 2154; x_wconf 86' lang='lat' dir='ltr'>volentes</span> <span class='ocrx_word' id='word_1_192' title='bbox 590 2123 708 2163; x_wconf 83' lang='lat' dir='ltr'>jugum</span> <span class='ocrx_word' id='word_1_193' title='bbox 722 2123 896 2154; x_wconf 86' lang='lat' dir='ltr'>servitutis</span> 
     </span>
     <span class='ocr_line' id='line_1_36' title="bbox 199 2172 898 2214; baseline -0.003 -9"><span class='ocrx_word' id='word_1_194' title='bbox 199 2174 324 2213; x_wconf 78' lang='lat' dir='ltr'>subire,</span> <span class='ocrx_word' id='word_1_195' title='bbox 351 2177 387 2204; x_wconf 80' lang='lat' dir='ltr'>et</span> <span class='ocrx_word' id='word_1_196' title='bbox 417 2173 563 2214; x_wconf 89' lang='lat' dir='ltr'>equites,</span> <span class='ocrx_word' id='word_1_197' title='bbox 594 2183 676 2214; x_wconf 91' lang='lat' dir='ltr'>quos</span> <span class='ocrx_word' id='word_1_198' title='bbox 705 2172 898 2213; x_wconf 87' lang='lat' dir='ltr'>imperabat</span> 
     </span>
     <span class='ocr_line' id='line_1_37' title="bbox 198 2222 896 2265; baseline -0.004 -9"><span class='ocrx_word' id='word_1_199' title='bbox 198 2224 389 2265; x_wconf 85' lang='lat' dir='ltr'>Philippus,</span> <span class='ocrx_word' id='word_1_200' title='bbox 404 2229 580 2264; x_wconf 83' lang='lat' dir='ltr'>praestare.</span> <span class='ocrx_word' id='word_1_201' title='bbox 607 2223 728 2254; x_wconf 90' lang='lat' dir='ltr'>Paullo</span> <span class='ocrx_word' id='word_1_202' title='bbox 744 2227 821 2263; x_wconf 87' lang='lat' dir='ltr'>post</span> <span class='ocrx_word' id='word_1_203' title='bbox 837 2222 896 2253; x_wconf 91' lang='lat' dir='ltr'>iid.</span> 
     </span>
     <span class='ocr_line' id='line_1_38' title="bbox 199 2273 897 2315; baseline -0.006 -8"><span class='ocrx_word' id='word_1_204' title='bbox 199 2275 330 2314; x_wconf 82' lang='lat' dir='ltr'>Juntae,</span> <span class='ocrx_word' id='word_1_205' title='bbox 358 2275 434 2306; x_wconf 91' lang='lat' dir='ltr'>itid.</span> <span class='ocrx_word' id='word_1_206' title='bbox 469 2278 509 2305; x_wconf 90' lang='lat' dir='ltr'>ut</span> <span class='ocrx_word' id='word_1_207' title='bbox 545 2273 752 2315; x_wconf 87' lang='lat' dir='ltr'>conjiciebat</span> <span class='ocrx_word' id='word_1_208' title='bbox 786 2274 897 2313; x_wconf 83' lang='lat' dir='ltr'>Bong.</span> 
     </span>
     <span class='ocr_line' id='line_1_39' title="bbox 197 2323 898 2365; baseline -0.003 -9"><span class='ocrx_word' id='word_1_209' title='bbox 197 2328 298 2356; x_wconf 78' lang='lat' dir='ltr'>tutore</span> <span class='ocrx_word' id='word_1_210' title='bbox 313 2324 448 2364; x_wconf 77' lang='lat' dir='ltr'>virginis</span> <span class='ocrx_word' id='word_1_211' title='bbox 469 2323 638 2365; x_wconf 82' lang='lat' dir='ltr'>Arrymba.</span> <span class='ocrx_word' id='word_1_212' title='bbox 662 2324 777 2356; x_wconf 85' lang='lat' dir='ltr'>Graev.</span> <span class='ocrx_word' id='word_1_213' title='bbox 818 2324 898 2355; x_wconf 92' lang='lat' dir='ltr'>Scio</span> 
     </span>
     <span class='ocr_line' id='line_1_40' title="bbox 201 2374 899 2416; baseline -0.001 -10"><span class='ocrx_word' id='word_1_214' title='bbox 201 2375 280 2416; x_wconf 87' lang='lat' dir='ltr'>quid</span> <span class='ocrx_word' id='word_1_215' title='bbox 310 2374 352 2406; x_wconf 88' lang='lat' dir='ltr'>ad</span> <span class='ocrx_word' id='word_1_216' title='bbox 381 2375 455 2406; x_wconf 85' lang='lat' dir='ltr'>haec</span> <span class='ocrx_word' id='word_1_217' title='bbox 487 2374 581 2406; x_wconf 87' lang='lat' dir='ltr'>docti</span> <span class='ocrx_word' id='word_1_218' title='bbox 609 2374 770 2413; x_wconf 86' lang='lat' dir='ltr'>dixerint,</span> <span class='ocrx_word' id='word_1_219' title='bbox 799 2379 835 2406; x_wconf 86' lang='lat' dir='ltr'>et</span> <span class='ocrx_word' id='word_1_220' title='bbox 864 2375 899 2405; x_wconf 91' lang='lat' dir='ltr'>in</span> 
     </span>
     <span class='ocr_line' id='line_1_41' title="bbox 200 2423 900 2466; baseline -0.003 -11"><span class='ocrx_word' id='word_1_221' title='bbox 200 2424 315 2466; x_wconf 86' lang='lat' dir='ltr'>primis</span> <span class='ocrx_word' id='word_1_222' title='bbox 329 2425 439 2464; x_wconf 84' lang='lat' dir='ltr'>Bong.</span> <span class='ocrx_word' id='word_1_223' title='bbox 456 2425 498 2455; x_wconf 91' lang='lat' dir='ltr'>V.</span> <span class='ocrx_word' id='word_1_224' title='bbox 515 2424 557 2456; x_wconf 90' lang='lat' dir='ltr'>cl.</span> <span class='ocrx_word' id='word_1_225' title='bbox 572 2423 631 2455; x_wconf 84' lang='lat' dir='ltr'>sed</span> <span class='ocrx_word' id='word_1_226' title='bbox 647 2424 709 2455; x_wconf 88' lang='lat' dir='ltr'>hoc</span> <span class='ocrx_word' id='word_1_227' title='bbox 726 2424 807 2454; x_wconf 90' lang='lat' dir='ltr'>mihi</span> <span class='ocrx_word' id='word_1_228' title='bbox 824 2432 900 2464; x_wconf 90' lang='lat' dir='ltr'>per-</span> 
     </span>
     <span class='ocr_line' id='line_1_42' title="bbox 201 2475 902 2515; baseline -0.001 -8"><span class='ocrx_word' id='word_1_229' title='bbox 201 2476 334 2507; x_wconf 81' lang='lat' dir='ltr'>suasiss.</span> <span class='ocrx_word' id='word_1_230' title='bbox 345 2475 633 2515; x_wconf 86' lang='lat' dir='ltr'>est,Glareanum,</span> <span class='ocrx_word' id='word_1_231' title='bbox 642 2476 806 2506; x_wconf 87' lang='lat' dir='ltr'>hominem</span> <span class='ocrx_word' id='word_1_232' title='bbox 819 2475 902 2506; x_wconf 91' lang='lat' dir='ltr'>Hel-</span> 
     </span>
     <span class='ocr_line' id='line_1_43' title="bbox 203 2526 901 2567; baseline -0.003 -8"><span class='ocrx_word' id='word_1_233' title='bbox 203 2527 343 2566; x_wconf 88' lang='lat' dir='ltr'>vetium,</span> <span class='ocrx_word' id='word_1_234' title='bbox 358 2527 452 2567; x_wconf 90' lang='lat' dir='ltr'>cujus</span> <span class='ocrx_word' id='word_1_235' title='bbox 475 2536 538 2567; x_wconf 84' lang='lat' dir='ltr'>ego</span> <span class='ocrx_word' id='word_1_236' title='bbox 560 2526 664 2557; x_wconf 84' lang='lat' dir='ltr'>libros</span> <span class='ocrx_word' id='word_1_237' title='bbox 688 2527 840 2558; x_wconf 87' lang='lat' dir='ltr'>Musicos</span> <span class='ocrx_word' id='word_1_238' title='bbox 865 2530 901 2557; x_wconf 92' lang='lat' dir='ltr'>et</span> 
     </span>
     <span class='ocr_line' id='line_1_44' title="bbox 201 2575 904 2616; baseline -0.003 -9"><span class='ocrx_word' id='word_1_239' title='bbox 201 2576 400 2608; x_wconf 88' lang='lat' dir='ltr'>Animadvv.</span> <span class='ocrx_word' id='word_1_240' title='bbox 417 2576 451 2607; x_wconf 87' lang='lat' dir='ltr'>in</span> <span class='ocrx_word' id='word_1_241' title='bbox 468 2576 597 2607; x_wconf 89' lang='lat' dir='ltr'>Livium</span> <span class='ocrx_word' id='word_1_242' title='bbox 614 2585 700 2616; x_wconf 89' lang='lat' dir='ltr'>pene</span> <span class='ocrx_word' id='word_1_243' title='bbox 716 2585 801 2616; x_wconf 90' lang='lat' dir='ltr'>puer</span> <span class='ocrx_word' id='word_1_244' title='bbox 821 2575 904 2616; x_wconf 82' lang='lat' dir='ltr'>legi,</span> 
     </span>
     <span class='ocr_line' id='line_1_45' title="bbox 202 2627 900 2660; baseline -0.001 -1"><span class='ocrx_word' id='word_1_245' title='bbox 202 2629 310 2660; x_wconf 86' lang='lat' dir='ltr'>virum</span> <span class='ocrx_word' id='word_1_246' title='bbox 332 2628 561 2659; x_wconf 87' lang='lat' dir='ltr'>acutissimum</span> <span class='ocrx_word' id='word_1_247' title='bbox 586 2627 700 2659; x_wconf 87' lang='lat' dir='ltr'>fuisse.</span> <span class='ocrx_word' id='word_1_248' title='bbox 745 2628 809 2659; x_wconf 89' lang='lat' dir='ltr'>Ille</span> <span class='ocrx_word' id='word_1_249' title='bbox 834 2638 900 2659; x_wconf 83' lang='lat' dir='ltr'>non</span> 
     </span>
     <span class='ocr_line' id='line_1_46' title="bbox 202 2677 902 2718; baseline -0.003 -8"><span class='ocrx_word' id='word_1_250' title='bbox 202 2678 361 2710; x_wconf 83' lang='lat' dir='ltr'>Larissam</span> <span class='ocrx_word' id='word_1_251' title='bbox 384 2677 480 2718; x_wconf 86' lang='lat' dir='ltr'>legit,</span> <span class='ocrx_word' id='word_1_252' title='bbox 502 2677 561 2708; x_wconf 92' lang='lat' dir='ltr'>sed</span> <span class='ocrx_word' id='word_1_253' title='bbox 587 2677 721 2709; x_wconf 83' lang='lat' dir='ltr'>Lissum.</span> <span class='ocrx_word' id='word_1_254' title='bbox 767 2677 850 2718; x_wconf 86' lang='lat' dir='ltr'>opt.</span> <span class='ocrx_word' id='word_1_255' title='bbox 874 2677 902 2708; x_wconf 86' lang='lat' dir='ltr'>si</span> 
     </span>
     <span class='ocr_line' id='line_1_47' title="bbox 204 2727 902 2769; baseline 0 -11"><span class='ocrx_word' id='word_1_256' title='bbox 204 2728 285 2769; x_wconf 88' lang='lat' dir='ltr'>quid</span> <span class='ocrx_word' id='word_1_257' title='bbox 302 2729 334 2758; x_wconf 92' lang='lat' dir='ltr'>in</span> <span class='ocrx_word' id='word_1_258' title='bbox 350 2727 401 2758; x_wconf 91' lang='lat' dir='ltr'>his</span> <span class='ocrx_word' id='word_1_259' title='bbox 418 2727 527 2768; x_wconf 82' lang='lat' dir='ltr'>sapio.</span> <span class='ocrx_word' id='word_1_260' title='bbox 572 2728 658 2758; x_wconf 90' lang='lat' dir='ltr'>Erat</span> <span class='ocrx_word' id='word_1_261' title='bbox 681 2728 768 2758; x_wconf 90' lang='lat' dir='ltr'>enim</span> <span class='ocrx_word' id='word_1_262' title='bbox 785 2728 902 2759; x_wconf 86' lang='lat' dir='ltr'>Lissus</span> 
     </span>
     <span class='ocr_line' id='line_1_48' title="bbox 202 2777 903 2818; baseline 0.001 -10"><span class='ocrx_word' id='word_1_263' title='bbox 202 2777 291 2808; x_wconf 88' lang='lat' dir='ltr'>inter</span> <span class='ocrx_word' id='word_1_264' title='bbox 305 2777 478 2817; x_wconf 88' lang='lat' dir='ltr'>primarias</span> <span class='ocrx_word' id='word_1_265' title='bbox 492 2777 620 2818; x_wconf 80' lang='lat' dir='ltr'>Illyriae</span> <span class='ocrx_word' id='word_1_266' title='bbox 633 2778 746 2816; x_wconf 87' lang='lat' dir='ltr'>urbes,</span> <span class='ocrx_word' id='word_1_267' title='bbox 758 2778 798 2808; x_wconf 84' lang='lat' dir='ltr'>ad</span> <span class='ocrx_word' id='word_1_268' title='bbox 812 2787 903 2809; x_wconf 85' lang='lat' dir='ltr'>mare</span> 
     </span>
     <span class='ocr_line' id='line_1_49' title="bbox 205 2827 905 2868; baseline 0.003 -11"><span class='ocrx_word' id='word_1_269' title='bbox 205 2836 253 2858; x_wconf 79' lang='lat' dir='ltr'>sc.</span> <span class='ocrx_word' id='word_1_270' title='bbox 270 2827 347 2857; x_wconf 91' lang='lat' dir='ltr'>Scio</span> <span class='ocrx_word' id='word_1_271' title='bbox 364 2832 399 2857; x_wconf 92' lang='lat' dir='ltr'>et</span> <span class='ocrx_word' id='word_1_272' title='bbox 422 2827 497 2866; x_wconf 86' lang='lat' dir='ltr'>hoc,</span> <span class='ocrx_word' id='word_1_273' title='bbox 511 2827 618 2858; x_wconf 88' lang='lat' dir='ltr'>multa</span> <span class='ocrx_word' id='word_1_274' title='bbox 633 2836 767 2868; x_wconf 89' lang='lat' dir='ltr'>quoque</span> <span class='ocrx_word' id='word_1_275' title='bbox 783 2832 905 2859; x_wconf 86' lang='lat' dir='ltr'>contra</span> 
     </span>
     <span class='ocr_line' id='line_1_50' title="bbox 206 2876 903 2918; baseline 0 -10"><span class='ocrx_word' id='word_1_276' title='bbox 206 2887 304 2918; x_wconf 86' lang='lat' dir='ltr'>posse</span> <span class='ocrx_word' id='word_1_277' title='bbox 329 2876 453 2908; x_wconf 84' lang='lat' dir='ltr'>afferri.</span> <span class='ocrx_word' id='word_1_278' title='bbox 497 2877 564 2908; x_wconf 88' lang='lat' dir='ltr'>Sed</span> <span class='ocrx_word' id='word_1_279' title='bbox 593 2887 658 2907; x_wconf 91' lang='lat' dir='ltr'>uno</span> <span class='ocrx_word' id='word_1_280' title='bbox 684 2878 799 2917; x_wconf 83' lang='lat' dir='ltr'>verbo,</span> <span class='ocrx_word' id='word_1_281' title='bbox 826 2878 903 2908; x_wconf 86' lang='lat' dir='ltr'>(lico</span> 
     </span>
     <span class='ocr_line' id='line_1_51' title="bbox 205 2927 904 2965; baseline 0 -7"><span class='ocrx_word' id='word_1_282' title='bbox 205 2927 341 2965; x_wconf 88' lang='lat' dir='ltr'>iterum,</span> <span class='ocrx_word' id='word_1_283' title='bbox 357 2927 546 2958; x_wconf 84' lang='lat' dir='ltr'>Glareanus</span> <span class='ocrx_word' id='word_1_284' title='bbox 572 2927 668 2958; x_wconf 89' lang='lat' dir='ltr'>homo</span> <span class='ocrx_word' id='word_1_285' title='bbox 692 2927 788 2958; x_wconf 81' lang='lat' dir='ltr'>bonae</span> <span class='ocrx_word' id='word_1_286' title='bbox 815 2937 904 2959; x_wconf 86' lang='lat' dir='ltr'>men-</span> 
     </span>
     <span class='ocr_line' id='line_1_52' title="bbox 206 2976 903 3016; baseline 0.004 -9"><span class='ocrx_word' id='word_1_287' title='bbox 206 2976 250 3008; x_wconf 88' lang='lat' dir='ltr'>tis</span> <span class='ocrx_word' id='word_1_288' title='bbox 279 2976 365 3015; x_wconf 87' lang='lat' dir='ltr'>fuit;</span> <span class='ocrx_word' id='word_1_289' title='bbox 388 2981 422 3008; x_wconf 89' lang='lat' dir='ltr'>et</span> <span class='ocrx_word' id='word_1_290' title='bbox 449 2977 581 3016; x_wconf 83' lang='lat' dir='ltr'>legend.</span> <span class='ocrx_word' id='word_1_291' title='bbox 612 2977 755 3014; x_wconf 82' lang='lat' dir='ltr'>Lissum;</span> <span class='ocrx_word' id='word_1_292' title='bbox 786 2983 903 3010; x_wconf 80' lang='lat' dir='ltr'>cetera</span> 
     </span>
    </p>
   </div>
   <div class='ocr_carea' id='block_1_3' title="bbox 1564 355 1649 396">
    <p class='ocr_par' dir='ltr' id='par_1_6' title="bbox 1564 355 1649 396">
     <span class='ocr_line' id='line_1_53' title="bbox 1564 355 1649 396; baseline -0.012 0"><span class='ocrx_word' id='word_1_293' title='bbox 1564 355 1649 396; x_wconf 77' lang='lat'>747</span> 
     </span>
    </p>
   </div>
   <div class='ocr_carea' id='block_1_4' title="bbox 943 458 1698 3011">
    <p class='ocr_par' dir='ltr' id='par_1_7' title="bbox 943 458 1698 2460">
     <span class='ocr_line' id='line_1_54' title="bbox 947 458 1649 502; baseline -0.004 -10"><span class='ocrx_word' id='word_1_294' title='bbox 947 462 1048 502; x_wconf 88' lang='lat' dir='ltr'>plana</span> <span class='ocrx_word' id='word_1_295' title='bbox 1060 465 1149 493; x_wconf 91' lang='lat' dir='ltr'>sunt.</span> <span class='ocrx_word' id='word_1_296' title='bbox 1173 462 1282 501; x_wconf 84' lang='lat' dir='ltr'>Bong.</span> <span class='ocrx_word' id='word_1_297' title='bbox 1295 460 1374 491; x_wconf 87' lang='lat' dir='ltr'>mihi</span> <span class='ocrx_word' id='word_1_298' title='bbox 1388 469 1453 491; x_wconf 92' lang='lat' dir='ltr'>non</span> <span class='ocrx_word' id='word_1_299' title='bbox 1470 458 1649 498; x_wconf 82' lang='lat' dir='ltr'>satisfacit,</span> 
     </span>
     <span class='ocr_line' id='line_1_55' title="bbox 944 509 1647 547; baseline -0.007 -5"><span class='ocrx_word' id='word_1_300' title='bbox 944 511 977 542; x_wconf 87' lang='lat' dir='ltr'>h.</span> <span class='ocrx_word' id='word_1_301' title='bbox 995 512 1028 542; x_wconf 91' lang='lat' dir='ltr'>in</span> <span class='ocrx_word' id='word_1_302' title='bbox 1045 511 1066 542; x_wconf 90' lang='grc'>1.</span> <span class='ocrx_word' id='word_1_303' title='bbox 1083 521 1130 542; x_wconf 90' lang='lat' dir='ltr'>sc.</span> <span class='ocrx_word' id='word_1_304' title='bbox 1146 519 1223 541; x_wconf 89' lang='lat' dir='ltr'>nam</span> <span class='ocrx_word' id='word_1_305' title='bbox 1240 510 1320 540; x_wconf 87' lang='lat' dir='ltr'>alibi</span> <span class='ocrx_word' id='word_1_306' title='bbox 1344 509 1394 539; x_wconf 91' lang='lat' dir='ltr'>vir</span> <span class='ocrx_word' id='word_1_307' title='bbox 1410 509 1488 539; x_wconf 88' lang='lat' dir='ltr'>mihi</span> <span class='ocrx_word' id='word_1_308' title='bbox 1507 517 1647 547; x_wconf 79' lang='lat' dir='ltr'>magnus</span> 
     </span>
     <span class='ocr_line' id='line_1_56' title="bbox 945 559 1650 602; baseline -0.006 -10"><span class='ocrx_word' id='word_1_309' title='bbox 945 566 982 593; x_wconf 86' lang='lat' dir='ltr'>et</span> <span class='ocrx_word' id='word_1_310' title='bbox 997 561 1222 602; x_wconf 84' lang='lat' dir='ltr'>praestantiss.</span> <span class='ocrx_word' id='word_1_311' title='bbox 1237 560 1383 591; x_wconf 76' lang='lat' dir='ltr'>videtur.</span> <span class='ocrx_word' id='word_1_312' title='bbox 1434 561 1443 576; x_wconf 93' lang='lat'>‘</span> <span class='ocrx_word' id='word_1_313' title='bbox 1464 559 1571 589; x_wconf 87' lang='lat' dir='ltr'>Hinc’</span> <span class='ocrx_word' id='word_1_314' title='bbox 1592 568 1650 589; x_wconf 86' lang='lat' dir='ltr'>au-</span> 
     </span>
     <span class='ocr_line' id='line_1_57' title="bbox 946 609 1647 651; baseline -0.009 -7"><span class='ocrx_word' id='word_1_315' title='bbox 946 616 1029 651; x_wconf 90' lang='lat' dir='ltr'>tem,</span> <span class='ocrx_word' id='word_1_316' title='bbox 1046 612 1067 642; x_wconf 91' lang='lat' dir='ltr'>i.</span> <span class='ocrx_word' id='word_1_317' title='bbox 1085 621 1114 642; x_wconf 91' lang='lat' dir='ltr'>e.</span> <span class='ocrx_word' id='word_1_318' title='bbox 1131 614 1308 651; x_wconf 87' lang='lat' dir='ltr'>postquam</span> <span class='ocrx_word' id='word_1_319' title='bbox 1326 609 1456 640; x_wconf 87' lang='lat' dir='ltr'>Lissum</span> <span class='ocrx_word' id='word_1_320' title='bbox 1483 609 1525 638; x_wconf 87' lang='lat' dir='ltr'>ad</span> <span class='ocrx_word' id='word_1_321' title='bbox 1547 609 1647 639; x_wconf 83' lang='lat' dir='ltr'>Mare</span> 
     </span>
     <span class='ocr_line' id='line_1_58' title="bbox 945 658 1650 700; baseline -0.009 -7"><span class='ocrx_word' id='word_1_322' title='bbox 945 661 1160 693; x_wconf 86' lang='lat' dir='ltr'>Adriaticum</span> <span class='ocrx_word' id='word_1_323' title='bbox 1185 660 1290 700; x_wconf 87' lang='lat' dir='ltr'>cepit,</span> <span class='ocrx_word' id='word_1_324' title='bbox 1316 659 1350 688; x_wconf 91' lang='lat' dir='ltr'>in</span> <span class='ocrx_word' id='word_1_325' title='bbox 1375 658 1585 689; x_wconf 85' lang='lat' dir='ltr'>Thessaliam</span> <span class='ocrx_word' id='word_1_326' title='bbox 1613 667 1650 688; x_wconf 86' lang='lat' dir='ltr'>se</span> 
     </span>
     <span class='ocr_line' id='line_1_59' title="bbox 946 709 1651 751; baseline -0.007 -8"><span class='ocrx_word' id='word_1_327' title='bbox 946 712 1094 751; x_wconf 88' lang='lat' dir='ltr'>confert,</span> <span class='ocrx_word' id='word_1_328' title='bbox 1116 713 1180 742; x_wconf 71' lang='grc' dir='ltr'>ὅτε.</span> <span class='ocrx_word' id='word_1_329' title='bbox 1227 710 1262 741; x_wconf 94' lang='lat' dir='ltr'>Si</span> <span class='ocrx_word' id='word_1_330' title='bbox 1294 709 1337 740; x_wconf 90' lang='lat' dir='ltr'>de</span> <span class='ocrx_word' id='word_1_331' title='bbox 1365 709 1499 740; x_wconf 83' lang='lat' dir='ltr'>Larissa</span> <span class='ocrx_word' id='word_1_332' title='bbox 1530 709 1651 739; x_wconf 85' lang='lat' dir='ltr'>vellem</span> 
     </span>
     <span class='ocr_line' id='line_1_60' title="bbox 946 759 1651 803; baseline -0.006 -10"><span class='ocrx_word' id='word_1_333' title='bbox 946 762 1086 803; x_wconf 88' lang='lat' dir='ltr'>aliquid,</span> <span class='ocrx_word' id='word_1_334' title='bbox 1101 761 1165 792; x_wconf 91' lang='lat' dir='ltr'>hoc</span> <span class='ocrx_word' id='word_1_335' title='bbox 1183 760 1345 799; x_wconf 88' lang='lat' dir='ltr'>dicerem,</span> <span class='ocrx_word' id='word_1_336' title='bbox 1364 759 1532 790; x_wconf 87' lang='lat' dir='ltr'>Larissam</span> <span class='ocrx_word' id='word_1_337' title='bbox 1549 760 1651 790; x_wconf 83' lang='lat' dir='ltr'>Thes-</span> 
     </span>
     <span class='ocr_line' id='line_1_61' title="bbox 945 807 1647 845; baseline -0.009 -1"><span class='ocrx_word' id='word_1_338' title='bbox 945 814 1034 844; x_wconf 86' lang='lat' dir='ltr'>saliae</span> <span class='ocrx_word' id='word_1_339' title='bbox 1050 811 1288 843; x_wconf 86' lang='lat' dir='ltr'>nobilissimam</span> <span class='ocrx_word' id='word_1_340' title='bbox 1313 809 1430 840; x_wconf 87' lang='lat' dir='ltr'>urbem</span> <span class='ocrx_word' id='word_1_341' title='bbox 1456 807 1576 845; x_wconf 84' lang='lat' dir='ltr'>fuisse,</span> <span class='ocrx_word' id='word_1_342' title='bbox 1593 810 1647 839; x_wconf 79' lang='lat' dir='ltr'>vel</span> 
     </span>
     <span class='ocr_line' id='line_1_62' title="bbox 945 858 1646 899; baseline -0.007 -5"><span class='ocrx_word' id='word_1_343' title='bbox 945 863 1009 894; x_wconf 88' lang='lat' dir='ltr'>hoc.</span> <span class='ocrx_word' id='word_1_344' title='bbox 1038 862 1171 893; x_wconf 89' lang='lat' dir='ltr'>nomine</span> <span class='ocrx_word' id='word_1_345' title='bbox 1201 865 1345 899; x_wconf 84' lang='lat' dir='ltr'>tantum,</span> <span class='ocrx_word' id='word_1_346' title='bbox 1373 859 1462 899; x_wconf 86' lang='lat' dir='ltr'>quod</span> <span class='ocrx_word' id='word_1_347' title='bbox 1494 858 1646 890; x_wconf 85' lang='lat' dir='ltr'>Achilles</span> 
     </span>
     <span class='ocr_line' id='line_1_63' title="bbox 945 909 1651 950; baseline -0.007 -6"><span class='ocrx_word' id='word_1_348' title='bbox 945 913 1069 944; x_wconf 87' lang='lat' dir='ltr'>dicitur</span> <span class='ocrx_word' id='word_1_349' title='bbox 1081 911 1280 950; x_wconf 80' lang='lat' dir='ltr'>Larissaeus,</span> <span class='ocrx_word' id='word_1_350' title='bbox 1295 910 1348 941; x_wconf 86' lang='lat' dir='ltr'>vel</span> <span class='ocrx_word' id='word_1_351' title='bbox 1366 909 1454 950; x_wconf 85' lang='lat' dir='ltr'>quod</span> <span class='ocrx_word' id='word_1_352' title='bbox 1478 910 1613 940; x_wconf 89' lang='lat' dir='ltr'>Larissa</span> <span class='ocrx_word' id='word_1_353' title='bbox 1631 919 1651 940; x_wconf 88' lang='lat' dir='ltr'>a</span> 
     </span>
     <span class='ocr_line' id='line_1_64' title="bbox 946 959 1648 1003; baseline -0.004 -8"><span class='ocrx_word' id='word_1_354' title='bbox 946 964 1042 995; x_wconf 87' lang='lat' dir='ltr'>Livio</span> <span class='ocrx_word' id='word_1_355' title='bbox 1058 967 1164 1003; x_wconf 84' lang='lat' dir='ltr'>caput</span> <span class='ocrx_word' id='word_1_356' title='bbox 1176 961 1358 992; x_wconf 74' lang='lat' dir='ltr'>Thessaliae</span> <span class='ocrx_word' id='word_1_357' title='bbox 1374 959 1479 990; x_wconf 85' lang='lat' dir='ltr'>fuisse</span> <span class='ocrx_word' id='word_1_358' title='bbox 1502 959 1648 992; x_wconf 86' lang='lat' dir='ltr'>dicatur.</span> 
     </span>
     <span class='ocr_line' id='line_1_65' title="bbox 943 1010 1648 1051; baseline -0.007 -5"><span class='ocrx_word' id='word_1_359' title='bbox 943 1013 1010 1047; x_wconf 91' lang='lat' dir='ltr'>Sed</span> <span class='ocrx_word' id='word_1_360' title='bbox 1027 1014 1100 1044; x_wconf 81' lang='lat' dir='ltr'>haec</span> <span class='ocrx_word' id='word_1_361' title='bbox 1121 1013 1166 1043; x_wconf 87' lang='lat' dir='ltr'>nil</span> <span class='ocrx_word' id='word_1_362' title='bbox 1190 1011 1232 1043; x_wconf 90' lang='lat' dir='ltr'>ad</span> <span class='ocrx_word' id='word_1_363' title='bbox 1250 1011 1378 1042; x_wconf 82' lang='lat' dir='ltr'>Lissum</span> <span class='ocrx_word' id='word_1_364' title='bbox 1396 1010 1572 1048; x_wconf 87' lang='lat' dir='ltr'>Glareani‚</span> <span class='ocrx_word' id='word_1_365' title='bbox 1589 1011 1648 1051; x_wconf 84' lang='lat' dir='ltr'>qui</span> 
     </span>
     <span class='ocr_line' id='line_1_66' title="bbox 945 1060 1648 1104; baseline -0.004 -9"><span class='ocrx_word' id='word_1_366' title='bbox 945 1074 1021 1095; x_wconf 90' lang='lat' dir='ltr'>meo</span> <span class='ocrx_word' id='word_1_367' title='bbox 1049 1062 1182 1104; x_wconf 89' lang='lat' dir='ltr'>judicio</span> <span class='ocrx_word' id='word_1_368' title='bbox 1207 1061 1306 1092; x_wconf 86' lang='lat' dir='ltr'>valde</span> <span class='ocrx_word' id='word_1_369' title='bbox 1335 1060 1503 1100; x_wconf 87' lang='lat' dir='ltr'>sapiebat.</span> <span class='ocrx_word' id='word_1_370' title='bbox 1532 1060 1648 1092; x_wconf 86' lang='lat' dir='ltr'>Faber.</span> 
     </span>
     <span class='ocr_line' id='line_1_67' title="bbox 945 1110 1650 1152; baseline -0.006 -7"><span class='ocrx_word' id='word_1_371' title='bbox 945 1115 1040 1145; x_wconf 91' lang='lat' dir='ltr'>Unus</span> <span class='ocrx_word' id='word_1_372' title='bbox 1068 1112 1154 1144; x_wconf 92' lang='lat' dir='ltr'>Cod.</span> <span class='ocrx_word' id='word_1_373' title='bbox 1180 1112 1246 1143; x_wconf 90' lang='lat' dir='ltr'>Ms.</span> <span class='ocrx_word' id='word_1_374' title='bbox 1277 1120 1377 1152; x_wconf 89' lang='lat' dir='ltr'>quem</span> <span class='ocrx_word' id='word_1_375' title='bbox 1406 1111 1516 1150; x_wconf 86' lang='lat' dir='ltr'>Bong.</span> <span class='ocrx_word' id='word_1_376' title='bbox 1550 1110 1650 1149; x_wconf 89' lang='lat' dir='ltr'>vidit,</span> 
     </span>
     <span class='ocr_line' id='line_1_68' title="bbox 944 1161 1650 1195; baseline -0.006 0"><span class='ocrx_word' id='word_1_377' title='bbox 944 1164 1104 1195; x_wconf 84' lang='lat' dir='ltr'>Larissam</span> <span class='ocrx_word' id='word_1_378' title='bbox 1132 1163 1204 1193; x_wconf 81' lang='lat' dir='ltr'>hinc</span> <span class='ocrx_word' id='word_1_379' title='bbox 1231 1162 1264 1193; x_wconf 86' lang='lat' dir='ltr'>in</span> <span class='ocrx_word' id='word_1_380' title='bbox 1295 1161 1492 1193; x_wconf 82' lang='lat' dir='ltr'>Thessaliam.</span> <span class='ocrx_word' id='word_1_381' title='bbox 1548 1161 1650 1192; x_wconf 89' lang='lat' dir='ltr'>Unde</span> 
     </span>
     <span class='ocr_line' id='line_1_69' title="bbox 945 1211 1652 1255; baseline -0.007 -9"><span class='ocrx_word' id='word_1_382' title='bbox 945 1215 1002 1246; x_wconf 88' lang='lat' dir='ltr'>ille</span> <span class='ocrx_word' id='word_1_383' title='bbox 1018 1213 1155 1255; x_wconf 87' lang='lat' dir='ltr'>legend.</span> <span class='ocrx_word' id='word_1_384' title='bbox 1172 1216 1290 1244; x_wconf 85' lang='lat' dir='ltr'>censet</span> <span class='ocrx_word' id='word_1_385' title='bbox 1312 1212 1472 1243; x_wconf 86' lang='lat' dir='ltr'>Larissam</span> <span class='ocrx_word' id='word_1_386' title='bbox 1497 1211 1530 1242; x_wconf 82' lang='lat' dir='ltr'>in</span> <span class='ocrx_word' id='word_1_387' title='bbox 1560 1211 1652 1241; x_wconf 82' lang='lat' dir='ltr'>Thes-</span> 
     </span>
     <span class='ocr_line' id='line_1_70' title="bbox 944 1262 1651 1306; baseline -0.007 -9"><span class='ocrx_word' id='word_1_388' title='bbox 944 1267 1033 1297; x_wconf 84' lang='lat' dir='ltr'>salia.</span> <span class='ocrx_word' id='word_1_389' title='bbox 1078 1264 1194 1306; x_wconf 86' lang='lat' dir='ltr'>Atque</span> <span class='ocrx_word' id='word_1_390' title='bbox 1212 1265 1259 1295; x_wconf 84' lang='lat' dir='ltr'>ita</span> <span class='ocrx_word' id='word_1_391' title='bbox 1281 1263 1462 1294; x_wconf 80' lang='lat' dir='ltr'>manifeste</span> <span class='ocrx_word' id='word_1_392' title='bbox 1479 1263 1533 1294; x_wconf 88' lang='lat' dir='ltr'>ed.</span> <span class='ocrx_word' id='word_1_393' title='bbox 1550 1262 1651 1293; x_wconf 85' lang='lat' dir='ltr'>Junt.</span> 
     </span>
     <span class='ocr_line' id='line_1_71' title="bbox 944 1313 1653 1347; baseline -0.006 0"><span class='ocrx_word' id='word_1_394' title='bbox 944 1316 1071 1347; x_wconf 87' lang='lat' dir='ltr'>habere</span> <span class='ocrx_word' id='word_1_395' title='bbox 1085 1319 1230 1346; x_wconf 86' lang='lat' dir='ltr'>testatur</span> <span class='ocrx_word' id='word_1_396' title='bbox 1240 1313 1408 1346; x_wconf 81' lang='lat' dir='ltr'>Graevius.</span> <span class='ocrx_word' id='word_1_397' title='bbox 1427 1313 1529 1345; x_wconf 88' lang='lat' dir='ltr'>Vorst.</span> <span class='ocrx_word' id='word_1_398' title='bbox 1552 1313 1653 1343; x_wconf 82' lang='lat' dir='ltr'>Lect.</span> 
     </span>
     <span class='ocr_line' id='line_1_72' title="bbox 946 1362 1654 1405; baseline -0.008 -7"><span class='ocrx_word' id='word_1_399' title='bbox 946 1367 1084 1405; x_wconf 83' lang='lat' dir='ltr'>vitiosa3</span> <span class='ocrx_word' id='word_1_400' title='bbox 1101 1366 1194 1396; x_wconf 87' lang='lat' dir='ltr'>nulla</span> <span class='ocrx_word' id='word_1_401' title='bbox 1208 1365 1295 1395; x_wconf 85' lang='lat' dir='ltr'>enirn</span> <span class='ocrx_word' id='word_1_402' title='bbox 1310 1363 1445 1395; x_wconf 86' lang='lat' dir='ltr'>Larissa</span> <span class='ocrx_word' id='word_1_403' title='bbox 1458 1363 1489 1393; x_wconf 93' lang='lat' dir='ltr'>in</span> <span class='ocrx_word' id='word_1_404' title='bbox 1503 1362 1654 1403; x_wconf 87' lang='lat' dir='ltr'>Illyrico,</span> 
     </span>
     <span class='ocr_line' id='line_1_73' title="bbox 945 1413 1654 1452; baseline -0.01 -3"><span class='ocrx_word' id='word_1_405' title='bbox 945 1427 1008 1449; x_wconf 91' lang='lat' dir='ltr'>nec</span> <span class='ocrx_word' id='word_1_406' title='bbox 1024 1417 1159 1448; x_wconf 89' lang='lat' dir='ltr'>videtur</span> <span class='ocrx_word' id='word_1_407' title='bbox 1175 1414 1368 1447; x_wconf 82' lang='lat' dir='ltr'>emendatio</span> <span class='ocrx_word' id='word_1_408' title='bbox 1392 1413 1572 1452; x_wconf 76' lang='lat' dir='ltr'>Bongarsii</span> <span class='ocrx_word' id='word_1_409' title='bbox 1597 1413 1654 1452; x_wconf 90' lang='lat' dir='ltr'>ju-</span> 
     </span>
     <span class='ocr_line' id='line_1_74' title="bbox 945 1463 1653 1508; baseline -0.01 -8"><span class='ocrx_word' id='word_1_410' title='bbox 945 1479 1040 1508; x_wconf 89' lang='lat' dir='ltr'>vare,</span> <span class='ocrx_word' id='word_1_411' title='bbox 1055 1467 1211 1508; x_wconf 83' lang='lat' dir='ltr'>legentis,</span> <span class='ocrx_word' id='word_1_412' title='bbox 1233 1465 1339 1496; x_wconf 85' lang='lat' dir='ltr'>urbem</span> <span class='ocrx_word' id='word_1_413' title='bbox 1354 1464 1575 1495; x_wconf 77' lang='lat' dir='ltr'>nobilissimam</span> <span class='ocrx_word' id='word_1_414' title='bbox 1591 1463 1653 1494; x_wconf 86' lang='lat' dir='ltr'>La-</span> 
     </span>
     <span class='ocr_line' id='line_1_75' title="bbox 946 1513 1654 1555; baseline -0.013 -4"><span class='ocrx_word' id='word_1_415' title='bbox 946 1521 1056 1551; x_wconf 83' lang='lat' dir='ltr'>rissam</span> <span class='ocrx_word' id='word_1_416' title='bbox 1067 1519 1100 1549; x_wconf 84' lang='lat' dir='ltr'>in</span> <span class='ocrx_word' id='word_1_417' title='bbox 1120 1517 1292 1555; x_wconf 84' lang='lat' dir='ltr'>Thessalia,</span> <span class='ocrx_word' id='word_1_418' title='bbox 1309 1517 1362 1555; x_wconf 53' lang='grc' dir='ltr'>ξε.</span> <span class='ocrx_word' id='word_1_419' title='bbox 1386 1514 1440 1545; x_wconf 90' lang='lat' dir='ltr'>An</span> <span class='ocrx_word' id='word_1_420' title='bbox 1459 1514 1548 1544; x_wconf 86' lang='lat' dir='ltr'>enim</span> <span class='ocrx_word' id='word_1_421' title='bbox 1566 1513 1654 1544; x_wconf 89' lang='lat' dir='ltr'>veri-</span> 
     </span>
     <span class='ocr_line' id='line_1_76' title="bbox 947 1561 1698 1608; baseline -0.013 -7"><span class='ocrx_word' id='word_1_422' title='bbox 947 1571 1069 1608; x_wconf 88' lang='lat' dir='ltr'>simile,</span> <span class='ocrx_word' id='word_1_423' title='bbox 1095 1568 1293 1607; x_wconf 86' lang='lat' dir='ltr'>Philippum</span> <span class='ocrx_word' id='word_1_424' title='bbox 1320 1575 1361 1596; x_wconf 86' lang='lat' dir='ltr'>ex</span> <span class='ocrx_word' id='word_1_425' title='bbox 1390 1574 1459 1595; x_wconf 86' lang='lat' dir='ltr'>una</span> <span class='ocrx_word' id='word_1_426' title='bbox 1486 1564 1544 1594; x_wconf 89' lang='lat' dir='ltr'>illa</span> <span class='ocrx_word' id='word_1_427' title='bbox 1570 1561 1652 1593; x_wconf 86' lang='lat' dir='ltr'>urbe</span> <span class='ocrx_word' id='word_1_428' title='bbox 1695 1601 1698 1606; x_wconf 36' lang='grc'><strong>,</strong></span> 
     </span>
     <span class='ocr_line' id='line_1_77' title="bbox 946 1614 1654 1659; baseline -0.013 -7"><span class='ocrx_word' id='word_1_429' title='bbox 946 1625 1079 1652; x_wconf 87' lang='lat' dir='ltr'>tantum</span> <span class='ocrx_word' id='word_1_430' title='bbox 1095 1622 1316 1659; x_wconf 87' lang='lat' dir='ltr'>exspectasse</span> <span class='ocrx_word' id='word_1_431' title='bbox 1331 1614 1544 1657; x_wconf 83' lang='lat' dir='ltr'>equitatum?</span> <span class='ocrx_word' id='word_1_432' title='bbox 1562 1614 1654 1646; x_wconf 82' lang='lat' dir='ltr'>Qua-</span> 
     </span>
     <span class='ocr_line' id='line_1_78' title="bbox 946 1665 1652 1712; baseline -0.011 -9"><span class='ocrx_word' id='word_1_433' title='bbox 946 1682 983 1703; x_wconf 88' lang='lat' dir='ltr'>re</span> <span class='ocrx_word' id='word_1_434' title='bbox 996 1672 1072 1712; x_wconf 90' lang='lat' dir='ltr'>plus</span> <span class='ocrx_word' id='word_1_435' title='bbox 1089 1669 1286 1711; x_wconf 87' lang='lat' dir='ltr'>propendeo</span> <span class='ocrx_word' id='word_1_436' title='bbox 1301 1668 1333 1698; x_wconf 91' lang='lat' dir='ltr'>in</span> <span class='ocrx_word' id='word_1_437' title='bbox 1350 1666 1553 1697; x_wconf 85' lang='lat' dir='ltr'>sententiam</span> <span class='ocrx_word' id='word_1_438' title='bbox 1570 1665 1652 1696; x_wconf 89' lang='lat' dir='ltr'>Gla-</span> 
     </span>
     <span class='ocr_line' id='line_1_79' title="bbox 946 1719 1652 1762; baseline -0.011 -9"><span class='ocrx_word' id='word_1_439' title='bbox 946 1722 1054 1760; x_wconf 87' lang='lat' dir='ltr'>reani,</span> <span class='ocrx_word' id='word_1_440' title='bbox 1070 1720 1127 1762; x_wconf 88' lang='lat' dir='ltr'>qui</span> <span class='ocrx_word' id='word_1_441' title='bbox 1152 1719 1326 1750; x_wconf 83' lang='lat' dir='ltr'>existimat</span> <span class='ocrx_word' id='word_1_442' title='bbox 1352 1720 1550 1756; x_wconf 83' lang='lat' dir='ltr'>corruptum</span> <span class='ocrx_word' id='word_1_443' title='bbox 1576 1724 1652 1746; x_wconf 84' lang='lat' dir='ltr'>esse</span> 
     </span>
     <span class='ocr_line' id='line_1_80' title="bbox 946 1766 1651 1807; baseline -0.01 -4"><span class='ocrx_word' id='word_1_444' title='bbox 946 1781 1069 1803; x_wconf 88' lang='lat' dir='ltr'>nomen</span> <span class='ocrx_word' id='word_1_445' title='bbox 1085 1770 1174 1802; x_wconf 86' lang='lat' dir='ltr'>urbis</span> <span class='ocrx_word' id='word_1_446' title='bbox 1190 1779 1256 1800; x_wconf 87' lang='lat' dir='ltr'>non</span> <span class='ocrx_word' id='word_1_447' title='bbox 1273 1768 1471 1807; x_wconf 81' lang='lat' dir='ltr'>Thessaliae,</span> <span class='ocrx_word' id='word_1_448' title='bbox 1492 1766 1551 1798; x_wconf 89' lang='lat' dir='ltr'>sed</span> <span class='ocrx_word' id='word_1_449' title='bbox 1570 1766 1651 1807; x_wconf 87' lang='lat' dir='ltr'>Illy-</span> 
     </span>
     <span class='ocr_line' id='line_1_81' title="bbox 947 1815 1654 1861; baseline -0.011 -8"><span class='ocrx_word' id='word_1_450' title='bbox 947 1822 1022 1853; x_wconf 90' lang='lat' dir='ltr'>rici.</span> <span class='ocrx_word' id='word_1_451' title='bbox 1070 1822 1112 1852; x_wconf 90' lang='lat' dir='ltr'>Et</span> <span class='ocrx_word' id='word_1_452' title='bbox 1128 1819 1222 1861; x_wconf 88' lang='lat' dir='ltr'>quid,</span> <span class='ocrx_word' id='word_1_453' title='bbox 1234 1819 1262 1850; x_wconf 89' lang='lat' dir='ltr'>si</span> <span class='ocrx_word' id='word_1_454' title='bbox 1277 1819 1367 1851; x_wconf 84' lang='lat' dir='ltr'>Just.</span> <span class='ocrx_word' id='word_1_455' title='bbox 1382 1817 1532 1857; x_wconf 80' lang='lat' dir='ltr'>scripsit,</span> <span class='ocrx_word' id='word_1_456' title='bbox 1550 1815 1654 1847; x_wconf 82' lang='lat' dir='ltr'>urbem</span> 
     </span>
     <span class='ocr_line' id='line_1_82' title="bbox 945 1864 1656 1909; baseline -0.008 -6"><span class='ocrx_word' id='word_1_457' title='bbox 945 1871 1165 1902; x_wconf 85' lang='lat' dir='ltr'>nobilissimam</span> <span class='ocrx_word' id='word_1_458' title='bbox 1181 1868 1318 1909; x_wconf 83' lang='lat' dir='ltr'>Illyrici,</span> <span class='ocrx_word' id='word_1_459' title='bbox 1333 1868 1429 1898; x_wconf 86' lang='lat' dir='ltr'>Issem</span> <span class='ocrx_word' id='word_1_460' title='bbox 1442 1864 1549 1907; x_wconf 79' lang='lat' dir='ltr'>capii?</span> <span class='ocrx_word' id='word_1_461' title='bbox 1572 1866 1656 1897; x_wconf 86' lang='lat' dir='ltr'>Pot-</span> 
     </span>
     <span class='ocr_line' id='line_1_83' title="bbox 946 1916 1655 1957; baseline -0.01 -4"><span class='ocrx_word' id='word_1_462' title='bbox 946 1926 1001 1953; x_wconf 86' lang='lat' dir='ltr'>est</span> <span class='ocrx_word' id='word_1_463' title='bbox 1035 1921 1155 1952; x_wconf 87' lang='lat' dir='ltr'>vitium</span> <span class='ocrx_word' id='word_1_464' title='bbox 1195 1928 1269 1950; x_wconf 89' lang='lat' dir='ltr'>esse</span> <span class='ocrx_word' id='word_1_465' title='bbox 1302 1922 1427 1957; x_wconf 86' lang='lat' dir='ltr'>ortum,</span> <span class='ocrx_word' id='word_1_466' title='bbox 1461 1916 1552 1957; x_wconf 89' lang='lat' dir='ltr'>quod</span> <span class='ocrx_word' id='word_1_467' title='bbox 1590 1926 1655 1956; x_wconf 88' lang='lat' dir='ltr'>pro</span> 
     </span>
     <span class='ocr_line' id='line_1_84' title="bbox 946 1968 1653 2013; baseline -0.007 -9"><span class='ocrx_word' id='word_1_468' title='bbox 946 1973 1069 2013; x_wconf 79' lang='lat' dir='ltr'>Illyrici</span> <span class='ocrx_word' id='word_1_469' title='bbox 1082 1975 1216 2002; x_wconf 87' lang='lat' dir='ltr'>vetusta</span> <span class='ocrx_word' id='word_1_470' title='bbox 1233 1970 1361 2000; x_wconf 89' lang='lat' dir='ltr'>ratione</span> <span class='ocrx_word' id='word_1_471' title='bbox 1378 1968 1542 2009; x_wconf 83' lang='lat' dir='ltr'>scriptum</span> <span class='ocrx_word' id='word_1_472' title='bbox 1561 1972 1653 2000; x_wconf 84' lang='lat' dir='ltr'>esset</span> 
     </span>
     <span class='ocr_line' id='line_1_85' title="bbox 946 2020 1650 2060; baseline -0.006 -6"><span class='ocrx_word' id='word_1_473' title='bbox 946 2022 1071 2054; x_wconf 89' lang='lat' dir='ltr'>litteris</span> <span class='ocrx_word' id='word_1_474' title='bbox 1081 2021 1276 2052; x_wconf 90' lang='lat' dir='ltr'>minusculis</span> <span class='ocrx_word' id='word_1_475' title='bbox 1287 2025 1323 2051; x_wconf 90' lang='lat' dir='ltr'>et</span> <span class='ocrx_word' id='word_1_476' title='bbox 1336 2029 1397 2060; x_wconf 90' lang='lat' dir='ltr'>per</span> <span class='ocrx_word' id='word_1_477' title='bbox 1410 2020 1650 2060; x_wconf 88' lang='lat' dir='ltr'>compendium</span> 
     </span>
     <span class='ocr_line' id='line_1_86' title="bbox 945 2070 1655 2111; baseline -0.007 -6"><span class='ocrx_word' id='word_1_478' title='bbox 945 2074 1044 2106; x_wconf 87' lang='lat' dir='ltr'>inliri.</span> <span class='ocrx_word' id='word_1_479' title='bbox 1077 2073 1134 2104; x_wconf 91' lang='lat' dir='ltr'>Sic</span> <span class='ocrx_word' id='word_1_480' title='bbox 1151 2072 1239 2102; x_wconf 89' lang='lat' dir='ltr'>enim</span> <span class='ocrx_word' id='word_1_481' title='bbox 1257 2071 1377 2111; x_wconf 85' lang='lat' dir='ltr'>primae</span> <span class='ocrx_word' id='word_1_482' title='bbox 1391 2070 1466 2101; x_wconf 82' lang='lat' dir='ltr'>duae</span> <span class='ocrx_word' id='word_1_483' title='bbox 1479 2070 1604 2101; x_wconf 81' lang='lat' dir='ltr'>litterae</span> <span class='ocrx_word' id='word_1_484' title='bbox 1620 2071 1655 2101; x_wconf 82' lang='lat' dir='ltr'>in</span> 
     </span>
     <span class='ocr_line' id='line_1_87' title="bbox 946 2119 1654 2163; baseline -0.006 -8"><span class='ocrx_word' id='word_1_485' title='bbox 946 2124 1108 2155; x_wconf 87' lang='lat' dir='ltr'>absumtae</span> <span class='ocrx_word' id='word_1_486' title='bbox 1124 2131 1185 2163; x_wconf 90' lang='lat' dir='ltr'>per</span> <span class='ocrx_word' id='word_1_487' title='bbox 1200 2131 1304 2162; x_wconf 85' lang='lat' dir='ltr'>praec.</span> <span class='ocrx_word' id='word_1_488' title='bbox 1321 2131 1353 2151; x_wconf 90' lang='lat' dir='ltr'>m</span> <span class='ocrx_word' id='word_1_489' title='bbox 1375 2119 1519 2152; x_wconf 88' lang='lat' dir='ltr'>totidem</span> <span class='ocrx_word' id='word_1_490' title='bbox 1546 2120 1654 2152; x_wconf 92' lang='lat' dir='ltr'>lineo-</span> 
     </span>
     <span class='ocr_line' id='line_1_88' title="bbox 947 2172 1652 2205; baseline -0.007 0"><span class='ocrx_word' id='word_1_491' title='bbox 947 2175 988 2205; x_wconf 90' lang='lat' dir='ltr'>lis</span> <span class='ocrx_word' id='word_1_492' title='bbox 1001 2177 1172 2205; x_wconf 80' lang='lat' dir='ltr'>constans,</span> <span class='ocrx_word' id='word_1_493' title='bbox 1218 2172 1352 2203; x_wconf 78' lang='lat' dir='ltr'>Ceterae</span> <span class='ocrx_word' id='word_1_494' title='bbox 1369 2180 1534 2201; x_wconf 82' lang='lat' dir='ltr'>connexae</span> <span class='ocrx_word' id='word_1_495' title='bbox 1550 2180 1652 2201; x_wconf 85' lang='lat' dir='ltr'>voca-</span> 
     </span>
     <span class='ocr_line' id='line_1_89' title="bbox 947 2221 1652 2264; baseline -0.007 -8"><span class='ocrx_word' id='word_1_496' title='bbox 947 2224 1026 2256; x_wconf 91' lang='lat' dir='ltr'>bulo</span> <span class='ocrx_word' id='word_1_497' title='bbox 1051 2234 1122 2264; x_wconf 88' lang='lat' dir='ltr'>seq.</span> <span class='ocrx_word' id='word_1_498' title='bbox 1151 2222 1241 2254; x_wconf 88' lang='lat' dir='ltr'>unde</span> <span class='ocrx_word' id='word_1_499' title='bbox 1267 2221 1397 2252; x_wconf 88' lang='lat' dir='ltr'>factum</span> <span class='ocrx_word' id='word_1_500' title='bbox 1423 2221 1584 2259; x_wconf 79' lang='lat' dir='ltr'>liriissam,</span> <span class='ocrx_word' id='word_1_501' title='bbox 1611 2231 1652 2252; x_wconf 82' lang='lat' dir='ltr'>ex</span> 
     </span>
     <span class='ocr_line' id='line_1_90' title="bbox 948 2270 1652 2315; baseline -0.003 -10"><span class='ocrx_word' id='word_1_502' title='bbox 948 2284 1013 2315; x_wconf 92' lang='lat' dir='ltr'>quo</span> <span class='ocrx_word' id='word_1_503' title='bbox 1043 2273 1187 2315; x_wconf 88' lang='lat' dir='ltr'>peritior</span> <span class='ocrx_word' id='word_1_504' title='bbox 1226 2271 1443 2312; x_wconf 76' lang='lat' dir='ltr'>geographiae</span> <span class='ocrx_word' id='word_1_505' title='bbox 1481 2281 1530 2302; x_wconf 91' lang='lat' dir='ltr'>sc.</span> <span class='ocrx_word' id='word_1_506' title='bbox 1565 2270 1652 2303; x_wconf 82' lang='lat' dir='ltr'>fecit</span> 
     </span>
     <span class='ocr_line' id='line_1_91' title="bbox 948 2322 1654 2362; baseline -0.006 -6"><span class='ocrx_word' id='word_1_507' title='bbox 948 2325 1119 2356; x_wconf 87' lang='lat' dir='ltr'>Larissam.</span> <span class='ocrx_word' id='word_1_508' title='bbox 1177 2323 1234 2354; x_wconf 93' lang='lat' dir='ltr'>De</span> <span class='ocrx_word' id='word_1_509' title='bbox 1271 2323 1355 2362; x_wconf 90' lang='lat' dir='ltr'>Isse,</span> <span class='ocrx_word' id='word_1_510' title='bbox 1392 2322 1524 2362; x_wconf 88' lang='lat' dir='ltr'>Illyrici</span> <span class='ocrx_word' id='word_1_511' title='bbox 1555 2322 1654 2360; x_wconf 87' lang='lat' dir='ltr'>urbe,</span> 
     </span>
     <span class='ocr_line' id='line_1_92' title="bbox 950 2372 1654 2412; baseline -0.003 -7"><span class='ocrx_word' id='word_1_512' title='bbox 950 2373 1116 2405; x_wconf 90' lang='lat' dir='ltr'>videndus</span> <span class='ocrx_word' id='word_1_513' title='bbox 1141 2377 1196 2404; x_wconf 91' lang='lat' dir='ltr'>est</span> <span class='ocrx_word' id='word_1_514' title='bbox 1219 2372 1311 2403; x_wconf 86' lang='lat' dir='ltr'>Plin.</span> <span class='ocrx_word' id='word_1_515' title='bbox 1333 2381 1374 2402; x_wconf 81' lang='grc' dir='ltr'>η.</span> <span class='ocrx_word' id='word_1_516' title='bbox 1397 2374 1452 2402; x_wconf 84' lang='grc'>21.</span> <span class='ocrx_word' id='word_1_517' title='bbox 1477 2375 1512 2402; x_wconf 91' lang='lat' dir='ltr'>et</span> <span class='ocrx_word' id='word_1_518' title='bbox 1533 2372 1654 2412; x_wconf 85' lang='lat' dir='ltr'>Steph.</span> 
     </span>
     <span class='ocr_line' id='line_1_93' title="bbox 951 2421 1438 2460; baseline -0.006 -4"><span class='ocrx_word' id='word_1_519' title='bbox 951 2424 994 2456; x_wconf 89' lang='lat' dir='ltr'>de</span> <span class='ocrx_word' id='word_1_520' title='bbox 1006 2424 1090 2455; x_wconf 89' lang='lat' dir='ltr'>Urb.</span> <span class='ocrx_word' id='word_1_521' title='bbox 1105 2423 1140 2453; x_wconf 90' lang='lat' dir='ltr'>in</span> <span class='ocrx_word' id='word_1_522' title='bbox 1156 2432 1197 2453; x_wconf 87' lang='lat' dir='ltr'>ea</span> <span class='ocrx_word' id='word_1_523' title='bbox 1211 2432 1307 2453; x_wconf 89' lang='lat' dir='ltr'>voce.</span> <span class='ocrx_word' id='word_1_524' title='bbox 1331 2421 1438 2460; x_wconf 80' lang='lat' dir='ltr'>Sches.</span> 
     </span>
    </p>

    <p class='ocr_par' dir='ltr' id='par_1_8' title="bbox 953 2471 1656 2865">
     <span class='ocr_line' id='line_1_94' title="bbox 994 2471 1644 2514; baseline -0.002 -10"><span class='ocrx_word' id='word_1_525' title='bbox 994 2475 1045 2514; x_wconf 65' lang='lat'>§8</span> <span class='ocrx_word' id='word_1_526' title='bbox 1069 2473 1156 2504; x_wconf 83' lang='lat' dir='ltr'>Hinc</span> <span class='ocrx_word' id='word_1_527' title='bbox 1173 2472 1376 2512; x_wconf 85' lang='lat' dir='ltr'>Thessaliam]</span> <span class='ocrx_word' id='word_1_528' title='bbox 1402 2472 1485 2502; x_wconf 90' lang='lat' dir='ltr'>Mss.</span> <span class='ocrx_word' id='word_1_529' title='bbox 1500 2471 1644 2512; x_wconf 89' lang='lat' dir='ltr'>habent,</span> 
     </span>
     <span class='ocr_line' id='line_1_95' title="bbox 953 2521 1652 2563; baseline -0.006 -7"><span class='ocrx_word' id='word_1_530' title='bbox 953 2525 1041 2556; x_wconf 78' lang='lat' dir='ltr'>Hinc</span> <span class='ocrx_word' id='word_1_531' title='bbox 1054 2524 1087 2554; x_wconf 83' lang='lat' dir='ltr'>in</span> <span class='ocrx_word' id='word_1_532' title='bbox 1106 2523 1163 2554; x_wconf 87' lang='grc' dir='ltr'><strong><em>ΤΙι.</em></strong></span> <span class='ocrx_word' id='word_1_533' title='bbox 1187 2532 1262 2563; x_wconf 81' lang='lat' dir='ltr'>quae</span> <span class='ocrx_word' id='word_1_534' title='bbox 1279 2523 1360 2552; x_wconf 89' lang='lat' dir='ltr'>lect.</span> <span class='ocrx_word' id='word_1_535' title='bbox 1377 2521 1512 2552; x_wconf 87' lang='lat' dir='ltr'>videtur</span> <span class='ocrx_word' id='word_1_536' title='bbox 1529 2522 1652 2561; x_wconf 89' lang='lat' dir='ltr'>proba,</span> 
     </span>
     <span class='ocr_line' id='line_1_96' title="bbox 953 2571 1656 2614; baseline -0.007 -8"><span class='ocrx_word' id='word_1_537' title='bbox 953 2575 1011 2606; x_wconf 88' lang='lat' dir='ltr'>sed</span> <span class='ocrx_word' id='word_1_538' title='bbox 1029 2573 1208 2614; x_wconf 87' lang='lat' dir='ltr'>repudiata</span> <span class='ocrx_word' id='word_1_539' title='bbox 1224 2572 1265 2602; x_wconf 91' lang='lat' dir='ltr'>ab</span> <span class='ocrx_word' id='word_1_540' title='bbox 1282 2571 1358 2610; x_wconf 82' lang='lat' dir='ltr'>illis,</span> <span class='ocrx_word' id='word_1_541' title='bbox 1384 2572 1440 2612; x_wconf 91' lang='lat' dir='ltr'>qui</span> <span class='ocrx_word' id='word_1_542' title='bbox 1457 2581 1523 2602; x_wconf 91' lang='lat' dir='ltr'>non</span> <span class='ocrx_word' id='word_1_543' title='bbox 1541 2572 1656 2602; x_wconf 89' lang='lat' dir='ltr'>obser-</span> 
     </span>
     <span class='ocr_line' id='line_1_97' title="bbox 953 2620 1656 2662; baseline -0.006 -7"><span class='ocrx_word' id='word_1_544' title='bbox 953 2623 1081 2655; x_wconf 88' lang='lat' dir='ltr'>vabant</span> <span class='ocrx_word' id='word_1_545' title='bbox 1105 2632 1148 2653; x_wconf 85' lang='lat' dir='ltr'>ex</span> <span class='ocrx_word' id='word_1_546' title='bbox 1175 2620 1407 2661; x_wconf 89' lang='lat' dir='ltr'>superioribus</span> <span class='ocrx_word' id='word_1_547' title='bbox 1434 2621 1489 2651; x_wconf 91' lang='lat' dir='ltr'>hic</span> <span class='ocrx_word' id='word_1_548' title='bbox 1520 2631 1656 2662; x_wconf 88' lang='lat' dir='ltr'>quoque</span> 
     </span>
     <span class='ocr_line' id='line_1_98' title="bbox 953 2669 1656 2705; baseline -0.006 0"><span class='ocrx_word' id='word_1_549' title='bbox 953 2674 1058 2705; x_wconf 90' lang='lat' dir='ltr'>verba</span> <span class='ocrx_word' id='word_1_550' title='bbox 1081 2672 1191 2702; x_wconf 86' lang='lat' dir='ltr'>‘bello</span> <span class='ocrx_word' id='word_1_551' title='bbox 1217 2669 1405 2701; x_wconf 82' lang='lat' dir='ltr'>translato&#39;</span> <span class='ocrx_word' id='word_1_552' title='bbox 1431 2680 1506 2701; x_wconf 87' lang='lat' dir='ltr'>esse</span> <span class='ocrx_word' id='word_1_553' title='bbox 1531 2671 1656 2702; x_wconf 89' lang='lat' dir='ltr'>intelli-</span> 
     </span>
     <span class='ocr_line' id='line_1_99' title="bbox 954 2720 1656 2764; baseline -0.006 -9"><span class='ocrx_word' id='word_1_554' title='bbox 954 2724 1074 2764; x_wconf 84' lang='lat' dir='ltr'>genda.</span> <span class='ocrx_word' id='word_1_555' title='bbox 1118 2722 1241 2761; x_wconf 83' lang='lat' dir='ltr'>Liquet</span> <span class='ocrx_word' id='word_1_556' title='bbox 1265 2724 1378 2750; x_wconf 88' lang='lat' dir='ltr'>autem</span> <span class='ocrx_word' id='word_1_557' title='bbox 1407 2720 1517 2760; x_wconf 89' lang='lat' dir='ltr'>simul,</span> <span class='ocrx_word' id='word_1_558' title='bbox 1543 2729 1656 2751; x_wconf 87' lang='lat' dir='ltr'>emen-</span> 
     </span>
     <span class='ocr_line' id='line_1_100' title="bbox 954 2769 1655 2810; baseline -0.004 -5"><span class='ocrx_word' id='word_1_559' title='bbox 954 2774 1124 2806; x_wconf 88' lang='lat' dir='ltr'>dationem</span> <span class='ocrx_word' id='word_1_560' title='bbox 1152 2769 1328 2810; x_wconf 81' lang='lat' dir='ltr'>Bongarsii</span> <span class='ocrx_word' id='word_1_561' title='bbox 1354 2774 1448 2800; x_wconf 86' lang='lat' dir='ltr'>recte</span> <span class='ocrx_word' id='word_1_562' title='bbox 1472 2780 1491 2800; x_wconf 91' lang='lat' dir='ltr'>a</span> <span class='ocrx_word' id='word_1_563' title='bbox 1507 2770 1602 2801; x_wconf 90' lang='lat' dir='ltr'>nobis</span> <span class='ocrx_word' id='word_1_564' title='bbox 1620 2771 1655 2802; x_wconf 91' lang='lat' dir='ltr'>in</span> 
     </span>
     <span class='ocr_line' id='line_1_101' title="bbox 954 2820 1641 2865; baseline -0.006 -11"><span class='ocrx_word' id='word_1_565' title='bbox 954 2822 1227 2865; x_wconf 73' lang='lat' dir='ltr'>praecedentibus</span> <span class='ocrx_word' id='word_1_566' title='bbox 1242 2820 1403 2860; x_wconf 82' lang='lat' dir='ltr'>rejectam</span> <span class='ocrx_word' id='word_1_567' title='bbox 1420 2829 1506 2851; x_wconf 87' lang='lat' dir='ltr'>esse.</span> <span class='ocrx_word' id='word_1_568' title='bbox 1537 2820 1641 2858; x_wconf 81' lang='lat' dir='ltr'>Sches.</span> 
     </span>
    </p>

    <p class='ocr_par' dir='ltr' id='par_1_9' title="bbox 953 2870 1657 3011">
     <span class='ocr_line' id='line_1_102' title="bbox 998 2870 1655 2911; baseline -0.003 -7"><span class='ocrx_word' id='word_1_569' title='bbox 998 2873 1116 2911; x_wconf 84' lang='lat' dir='ltr'>Robur,</span> <span class='ocrx_word' id='word_1_570' title='bbox 1134 2870 1204 2911; x_wconf 56' lang='lat' dir='ltr'>ise]</span> <span class='ocrx_word' id='word_1_571' title='bbox 1227 2871 1304 2901; x_wconf 88' lang='lat' dir='ltr'>Sen.</span> <span class='ocrx_word' id='word_1_572' title='bbox 1332 2870 1453 2900; x_wconf 80' lang='lat' dir='ltr'>Phoen.</span> <span class='ocrx_word' id='word_1_573' title='bbox 1481 2873 1555 2902; x_wconf 84' lang='grc'>627.</span> <span class='ocrx_word' id='word_1_574' title='bbox 1580 2871 1655 2902; x_wconf 89' lang='lat' dir='ltr'>‘Li-</span> 
     </span>
     <span class='ocr_line' id='line_1_103' title="bbox 954 2919 1657 2956; baseline -0.01 1"><span class='ocrx_word' id='word_1_575' title='bbox 954 2929 1010 2956; x_wconf 72' lang='lat' dir='ltr'>cet</span> <span class='ocrx_word' id='word_1_576' title='bbox 1026 2933 1123 2955; x_wconf 89' lang='lat' dir='ltr'>omne</span> <span class='ocrx_word' id='word_1_577' title='bbox 1150 2927 1261 2953; x_wconf 84' lang='lat' dir='ltr'>tecum</span> <span class='ocrx_word' id='word_1_578' title='bbox 1287 2920 1433 2951; x_wconf 79' lang='lat' dir='ltr'>Graeciae</span> <span class='ocrx_word' id='word_1_579' title='bbox 1460 2919 1561 2950; x_wconf 87' lang='lat' dir='ltr'>robur</span> <span class='ocrx_word' id='word_1_580' title='bbox 1587 2924 1657 2951; x_wconf 81' lang='lat' dir='ltr'>tra-</span> 
     </span>
     <span class='ocr_line' id='line_1_104' title="bbox 953 2969 1654 3011; baseline -0.007 -4"><span class='ocrx_word' id='word_1_581' title='bbox 953 2974 1033 3007; x_wconf 59' lang='lat' dir='ltr'>has?</span> <span class='ocrx_word' id='word_1_582' title='bbox 1078 2973 1167 3005; x_wconf 83' lang='lat' dir='ltr'>Saxo</span> <span class='ocrx_word' id='word_1_583' title='bbox 1186 2981 1210 3004; x_wconf 83' lang='grc' dir='ltr'>ι.</span> <span class='ocrx_word' id='word_1_584' title='bbox 1236 2980 1269 3011; x_wconf 86' lang='lat' dir='ltr'>p.</span> <span class='ocrx_word' id='word_1_585' title='bbox 1288 2973 1339 3001; x_wconf 83' lang='lat'>12.</span> <span class='ocrx_word' id='word_1_586' title='bbox 1355 2969 1379 3001; x_wconf 82' lang='lat' dir='ltr'>f.</span> <span class='ocrx_word' id='word_1_587' title='bbox 1402 2970 1654 3002; x_wconf 81' lang='lat' dir='ltr'>‘Orientalium</span> 
     </span>
    </p>
   </div>
  </div>
 </body>
</html>
