<?xml version="1.0" encoding="UTF-8"?>
<!DOCTYPE html PUBLIC "-//W3C//DTD XHTML 1.0 Transitional//EN"
    "http://www.w3.org/TR/xhtml1/DTD/xhtml1-transitional.dtd">
<html xmlns="http://www.w3.org/1999/xhtml" xml:lang="en" lang="en">
 <head>
  <title>
</title>
<meta http-equiv="Content-Type" content="text/html;charset=utf-8" />
  <meta name='ocr-system' content='tesseract 3.04.00' />
  <meta name='ocr-capabilities' content='ocr_page ocr_carea ocr_par ocr_line ocrx_word'/>
</head>
<body>
  <div class='ocr_page' id='page_1' title='image "./historiaephilipp02just/historiaephilipp02just_0542.png"; bbox 0 0 2101 3419; ppageno 0'>
   <div class='ocr_carea' id='block_1_1' title="bbox 442 333 536 376">
    <p class='ocr_par' dir='ltr' id='par_1_1' title="bbox 442 333 536 376">
     <span class='ocr_line' id='line_1_1' title="bbox 442 333 536 376; baseline 0 -1"><span class='ocrx_word' id='word_1_1' title='bbox 442 333 536 376; x_wconf 83' lang='lat' dir='ltr'>lxiv</span> 
     </span>
    </p>
   </div>
   <div class='ocr_carea' id='block_1_2' title="bbox 431 439 1146 2948">
    <p class='ocr_par' dir='ltr' id='par_1_2' title="bbox 486 439 947 483">
     <span class='ocr_line' id='line_1_2' title="bbox 486 439 947 483; baseline -0.004 -9"><span class='ocrx_word' id='word_1_2' title='bbox 486 443 666 483; x_wconf 84' lang='lat' dir='ltr'>Importune</span> <span class='ocrx_word' id='word_1_3' title='bbox 680 449 789 471; x_wconf 86' lang='lat' dir='ltr'>vexare</span> <span class='ocrx_word' id='word_1_4' title='bbox 804 439 868 478; x_wconf 78' lang='lat' dir='ltr'>xlii,</span> <span class='ocrx_word' id='word_1_5' title='bbox 881 443 913 478; x_wconf 89' lang='lat'>1,</span> <span class='ocrx_word' id='word_1_6' title='bbox 928 443 947 472; x_wconf 90' lang='grc'><strong>3</strong></span> 
     </span>
    </p>

    <p class='ocr_par' dir='ltr' id='par_1_3' title="bbox 486 484 831 525">
     <span class='ocr_line' id='line_1_3' title="bbox 486 484 831 525; baseline 0 -10"><span class='ocrx_word' id='word_1_7' title='bbox 486 484 682 525; x_wconf 83' lang='lat' dir='ltr'><strong>Impossibile</strong></span> <span class='ocrx_word' id='word_1_8' title='bbox 697 484 730 520; x_wconf 91' lang='lat' dir='ltr'>ii,</span> <span class='ocrx_word' id='word_1_9' title='bbox 744 487 776 518; x_wconf 88' lang='grc'>4,</span> <span class='ocrx_word' id='word_1_10' title='bbox 791 486 831 515; x_wconf 90' lang='grc'>18</span> 
     </span>
    </p>

    <p class='ocr_par' dir='ltr' id='par_1_4' title="bbox 444 524 1144 607">
     <span class='ocr_line' id='line_1_4' title="bbox 487 524 1144 568; baseline -0.002 -11"><span class='ocrx_word' id='word_1_11' title='bbox 487 527 646 567; x_wconf 88' lang='lat' dir='ltr'>Impotens</span> <span class='ocrx_word' id='word_1_12' title='bbox 656 525 747 556; x_wconf 87' lang='lat' dir='ltr'>alicui</span> <span class='ocrx_word' id='word_1_13' title='bbox 759 526 842 568; x_wconf 90' lang='lat' dir='ltr'>(pro,</span> <span class='ocrx_word' id='word_1_14' title='bbox 854 525 885 555; x_wconf 88' lang='lat' dir='ltr'>in</span> <span class='ocrx_word' id='word_1_15' title='bbox 901 524 1052 568; x_wconf 88' lang='lat' dir='ltr'>aliquem)</span> <span class='ocrx_word' id='word_1_16' title='bbox 1064 526 1144 564; x_wconf 88' lang='lat' dir='ltr'>xxvi,</span> 
     </span>
     <span class='ocr_line' id='line_1_5' title="bbox 444 569 629 607; baseline -0.022 -5"><span class='ocrx_word' id='word_1_17' title='bbox 444 573 475 607; x_wconf 83' lang='lat'>3,</span> <span class='ocrx_word' id='word_1_18' title='bbox 491 573 511 601; x_wconf 90' lang='grc'>4</span> <span class='ocrx_word' id='word_1_19' title='bbox 528 569 629 600; x_wconf 86' lang='lat' dir='ltr'>Vorst.</span> 
     </span>
    </p>

    <p class='ocr_par' dir='ltr' id='par_1_5' title="bbox 484 610 983 652">
     <span class='ocr_line' id='line_1_6' title="bbox 484 610 983 652; baseline 0 -10"><span class='ocrx_word' id='word_1_20' title='bbox 484 612 676 652; x_wconf 88' lang='lat' dir='ltr'>Impotenter</span> <span class='ocrx_word' id='word_1_21' title='bbox 689 610 826 651; x_wconf 87' lang='lat' dir='ltr'>flagitare</span> <span class='ocrx_word' id='word_1_22' title='bbox 840 610 902 647; x_wconf 83' lang='lat' dir='ltr'>xvi,</span> <span class='ocrx_word' id='word_1_23' title='bbox 917 613 949 646; x_wconf 86' lang='lat'>4,</span> <span class='ocrx_word' id='word_1_24' title='bbox 963 614 983 642; x_wconf 90' lang='grc'><strong>2</strong></span> 
     </span>
    </p>

    <p class='ocr_par' dir='ltr' id='par_1_6' title="bbox 442 653 1144 779">
     <span class='ocr_line' id='line_1_7' title="bbox 484 653 1144 695; baseline 0 -11"><span class='ocrx_word' id='word_1_25' title='bbox 484 655 719 695; x_wconf 88' lang='lat' dir='ltr'>Impressionem</span> <span class='ocrx_word' id='word_1_26' title='bbox 732 655 831 684; x_wconf 89' lang='lat' dir='ltr'>facere</span> <span class='ocrx_word' id='word_1_27' title='bbox 841 653 918 694; x_wconf 88' lang='lat' dir='ltr'>(hoc</span> <span class='ocrx_word' id='word_1_28' title='bbox 928 657 984 689; x_wconf 88' lang='lat' dir='ltr'>est,</span> <span class='ocrx_word' id='word_1_29' title='bbox 996 653 1144 694; x_wconf 89' lang='lat' dir='ltr'>impetum</span> 
     </span>
     <span class='ocr_line' id='line_1_8' title="bbox 442 696 1144 737; baseline 0 -10"><span class='ocrx_word' id='word_1_30' title='bbox 442 697 559 737; x_wconf 82' lang='lat' dir='ltr'>facere)</span> <span class='ocrx_word' id='word_1_31' title='bbox 587 697 608 733; x_wconf 93' lang='lat' dir='ltr'>i,</span> <span class='ocrx_word' id='word_1_32' title='bbox 624 700 656 732; x_wconf 87' lang='grc'>6,</span> <span class='ocrx_word' id='word_1_33' title='bbox 684 700 722 727; x_wconf 89' lang='grc'>15</span> <span class='ocrx_word' id='word_1_34' title='bbox 754 696 1018 737; x_wconf 50' lang='lat' dir='ltr'>(impressionem</span> <span class='ocrx_word' id='word_1_35' title='bbox 1044 696 1144 733; x_wconf 88' lang='lat' dir='ltr'>dare,’</span> 
     </span>
     <span class='ocr_line' id='line_1_9' title="bbox 442 738 969 779; baseline -0.004 -9"><span class='ocrx_word' id='word_1_36' title='bbox 442 740 521 770; x_wconf 86' lang='lat' dir='ltr'>dixit</span> <span class='ocrx_word' id='word_1_37' title='bbox 532 739 636 769; x_wconf 86' lang='lat' dir='ltr'>Livius</span> <span class='ocrx_word' id='word_1_38' title='bbox 651 739 693 775; x_wconf 80' lang='grc' dir='ltr'>ἰν,</span> <span class='ocrx_word' id='word_1_39' title='bbox 709 741 762 775; x_wconf 91' lang='grc'>28,</span> <span class='ocrx_word' id='word_1_40' title='bbox 778 738 816 779; x_wconf 91' lang='grc'>8)</span> <span class='ocrx_word' id='word_1_41' title='bbox 832 738 969 769; x_wconf 76' lang='lat' dir='ltr'>Freinsh-</span> 
     </span>
    </p>

    <p class='ocr_par' dir='ltr' id='par_1_7' title="bbox 439 780 1145 904">
     <span class='ocr_line' id='line_1_10' title="bbox 484 780 1143 823; baseline 0 -11"><span class='ocrx_word' id='word_1_42' title='bbox 484 782 671 823; x_wconf 86' lang='lat' dir='ltr'>Improvisus</span> <span class='ocrx_word' id='word_1_43' title='bbox 686 785 842 822; x_wconf 83' lang='lat' dir='ltr'>expugnat</span> <span class='ocrx_word' id='word_1_44' title='bbox 864 780 1018 821; x_wconf 79' lang='lat' dir='ltr'>regionem</span> <span class='ocrx_word' id='word_1_45' title='bbox 1043 780 1096 818; x_wconf 86' lang='lat' dir='ltr'>vii,</span> <span class='ocrx_word' id='word_1_46' title='bbox 1111 784 1143 818; x_wconf 88' lang='lat'>6,</span> 
     </span>
     <span class='ocr_line' id='line_1_11' title="bbox 442 823 1145 865; baseline -0.004 -9"><span class='ocrx_word' id='word_1_47' title='bbox 442 827 463 856; x_wconf 91' lang='grc'>8</span> <span class='ocrx_word' id='word_1_48' title='bbox 495 835 532 856; x_wconf 88' lang='lat' dir='ltr'>ex</span> <span class='ocrx_word' id='word_1_49' title='bbox 558 824 721 865; x_wconf 90' lang='lat' dir='ltr'>improviso</span> <span class='ocrx_word' id='word_1_50' title='bbox 745 824 899 855; x_wconf 87' lang='lat' dir='ltr'>civitatem</span> <span class='ocrx_word' id='word_1_51' title='bbox 922 823 1047 864; x_wconf 85' lang='lat' dir='ltr'>aggredi</span> <span class='ocrx_word' id='word_1_52' title='bbox 1071 823 1145 861; x_wconf 87' lang='lat' dir='ltr'>xxii,</span> 
     </span>
     <span class='ocr_line' id='line_1_12' title="bbox 439 869 507 904; baseline -0.015 -5"><span class='ocrx_word' id='word_1_53' title='bbox 439 869 471 904; x_wconf 78' lang='lat'>8,</span> <span class='ocrx_word' id='word_1_54' title='bbox 489 870 507 898; x_wconf 95' lang='grc'>1</span> 
     </span>
    </p>

    <p class='ocr_par' dir='ltr' id='par_1_8' title="bbox 440 909 1146 988">
     <span class='ocr_line' id='line_1_13' title="bbox 482 909 1146 950; baseline -0.002 -10"><span class='ocrx_word' id='word_1_55' title='bbox 482 909 694 950; x_wconf 84' lang='lat' dir='ltr'>Imprudentia</span> <span class='ocrx_word' id='word_1_56' title='bbox 706 920 714 939; x_wconf 76' lang='grc' dir='ltr'>ε</span> <span class='ocrx_word' id='word_1_57' title='bbox 736 918 799 940; x_wconf 93' lang='lat' dir='ltr'>non</span> <span class='ocrx_word' id='word_1_58' title='bbox 815 919 926 950; x_wconf 90' lang='lat' dir='ltr'>pueros</span> <span class='ocrx_word' id='word_1_59' title='bbox 940 909 1146 949; x_wconf 85' lang='lat' dir='ltr'>imprudentia</span> 
     </span>
     <span class='ocr_line' id='line_1_14' title="bbox 440 952 748 988; baseline 0.003 -6"><span class='ocrx_word' id='word_1_60' title='bbox 440 952 524 982; x_wconf 89' lang='lat' dir='ltr'>dorni</span> <span class='ocrx_word' id='word_1_61' title='bbox 540 957 625 983; x_wconf 88' lang='lat' dir='ltr'>tenet</span> <span class='ocrx_word' id='word_1_62' title='bbox 638 962 668 988; x_wconf 79' lang='lat' dir='ltr'>v,</span> <span class='ocrx_word' id='word_1_63' title='bbox 682 954 714 987; x_wconf 88' lang='grc'>7,</span> <span class='ocrx_word' id='word_1_64' title='bbox 730 956 748 983; x_wconf 89' lang='lat'>5</span> 
     </span>
    </p>

    <p class='ocr_par' dir='ltr' id='par_1_9' title="bbox 439 993 1143 1156">
     <span class='ocr_line' id='line_1_15' title="bbox 482 993 1142 1035; baseline -0.002 -10"><span class='ocrx_word' id='word_1_65' title='bbox 482 995 651 1035; x_wconf 89' lang='lat' dir='ltr'>Impuber:</span> <span class='ocrx_word' id='word_1_66' title='bbox 674 994 780 1024; x_wconf 90' lang='lat' dir='ltr'>relicto</span> <span class='ocrx_word' id='word_1_67' title='bbox 802 993 959 1034; x_wconf 76' lang='lat' dir='ltr'>impubere</span> <span class='ocrx_word' id='word_1_68' title='bbox 986 993 1049 1023; x_wconf 88' lang='lat' dir='ltr'>filio</span> <span class='ocrx_word' id='word_1_69' title='bbox 1074 994 1095 1030; x_wconf 86' lang='lat' dir='ltr'>i,</span> <span class='ocrx_word' id='word_1_70' title='bbox 1113 996 1142 1030; x_wconf 89' lang='lat'>1,</span> 
     </span>
     <span class='ocr_line' id='line_1_16' title="bbox 440 1035 1142 1078; baseline -0.001 -10"><span class='ocrx_word' id='word_1_71' title='bbox 440 1040 482 1068; x_wconf 89' lang='grc'>10</span> <span class='ocrx_word' id='word_1_72' title='bbox 516 1037 689 1078; x_wconf 86' lang='lat' dir='ltr'>impuberes</span> <span class='ocrx_word' id='word_1_73' title='bbox 703 1041 857 1066; x_wconf 84' lang='lat' dir='ltr'>armantur</span> <span class='ocrx_word' id='word_1_74' title='bbox 870 1035 1003 1066; x_wconf 86' lang='lat' dir='ltr'>Athenis</span> <span class='ocrx_word' id='word_1_75' title='bbox 1028 1046 1059 1072; x_wconf 80' lang='lat' dir='ltr'>V,</span> <span class='ocrx_word' id='word_1_76' title='bbox 1075 1039 1106 1072; x_wconf 85' lang='lat'>6,</span> <span class='ocrx_word' id='word_1_77' title='bbox 1123 1039 1142 1067; x_wconf 86' lang='grc'><strong>3</strong></span> 
     </span>
     <span class='ocr_line' id='line_1_17' title="bbox 439 1078 1143 1120; baseline 0 -11"><span class='ocrx_word' id='word_1_78' title='bbox 439 1079 580 1120; x_wconf 86' lang='lat' dir='ltr'>impubes</span> <span class='ocrx_word' id='word_1_79' title='bbox 596 1080 697 1109; x_wconf 87' lang='lat' dir='ltr'>adhuc</span> <span class='ocrx_word' id='word_1_80' title='bbox 711 1078 884 1109; x_wconf 85' lang='lat' dir='ltr'>Antiochus</span> <span class='ocrx_word' id='word_1_81' title='bbox 907 1078 1043 1120; x_wconf 86' lang='lat' dir='ltr'>Magnus</span> <span class='ocrx_word' id='word_1_82' title='bbox 1058 1078 1143 1109; x_wconf 84' lang='lat' dir='ltr'>Asiae</span> 
     </span>
     <span class='ocr_line' id='line_1_18' title="bbox 440 1121 863 1156; baseline -0.005 -3"><span class='ocrx_word' id='word_1_83' title='bbox 440 1133 490 1153; x_wconf 85' lang='lat' dir='ltr'>rex</span> <span class='ocrx_word' id='word_1_84' title='bbox 506 1121 701 1153; x_wconf 85' lang='lat' dir='ltr'>constituitur</span> <span class='ocrx_word' id='word_1_85' title='bbox 714 1121 784 1151; x_wconf 84' lang='lat' dir='ltr'>xxix</span> <span class='ocrx_word' id='word_1_86' title='bbox 798 1124 828 1156; x_wconf 86' lang='lat'>1,</span> <span class='ocrx_word' id='word_1_87' title='bbox 845 1123 863 1151; x_wconf 88' lang='grc'><strong>3</strong></span> 
     </span>
    </p>

    <p class='ocr_par' dir='ltr' id='par_1_10' title="bbox 482 1163 901 1205">
     <span class='ocr_line' id='line_1_19' title="bbox 482 1163 901 1205; baseline -0.005 -10"><span class='ocrx_word' id='word_1_88' title='bbox 482 1163 682 1205; x_wconf 86' lang='lat' dir='ltr'>Impudentia</span> <span class='ocrx_word' id='word_1_89' title='bbox 695 1163 820 1198; x_wconf 87' lang='lat' dir='ltr'>xxxviii,</span> <span class='ocrx_word' id='word_1_90' title='bbox 834 1166 866 1199; x_wconf 83' lang='lat'>2,</span> <span class='ocrx_word' id='word_1_91' title='bbox 882 1166 901 1193; x_wconf 91' lang='grc'><strong><em>5</em></strong></span> 
     </span>
    </p>

    <p class='ocr_par' dir='ltr' id='par_1_11' title="bbox 437 1205 1141 1287">
     <span class='ocr_line' id='line_1_20' title="bbox 481 1205 1141 1247; baseline -0.002 -10"><span class='ocrx_word' id='word_1_92' title='bbox 481 1206 680 1247; x_wconf 88' lang='lat' dir='ltr'>Impudicum</span> <span class='ocrx_word' id='word_1_93' title='bbox 695 1205 770 1236; x_wconf 86' lang='lat' dir='ltr'>fecit</span> <span class='ocrx_word' id='word_1_94' title='bbox 783 1210 947 1246; x_wconf 82' lang='lat' dir='ltr'>antequam</span> <span class='ocrx_word' id='word_1_95' title='bbox 961 1215 1064 1247; x_wconf 86' lang='lat' dir='ltr'>regem</span> <span class='ocrx_word' id='word_1_96' title='bbox 1079 1205 1141 1243; x_wconf 89' lang='lat' dir='ltr'>viii,</span> 
     </span>
     <span class='ocr_line' id='line_1_21' title="bbox 437 1252 506 1287; baseline -0.014 -6"><span class='ocrx_word' id='word_1_97' title='bbox 437 1252 470 1287; x_wconf 88' lang='grc'>6,</span> <span class='ocrx_word' id='word_1_98' title='bbox 486 1252 506 1280; x_wconf 91' lang='grc'><strong>8</strong></span> 
     </span>
    </p>

    <p class='ocr_par' dir='ltr' id='par_1_12' title="bbox 438 1289 1142 1369">
     <span class='ocr_line' id='line_1_22' title="bbox 480 1289 1142 1332; baseline 0.002 -11"><span class='ocrx_word' id='word_1_99' title='bbox 480 1292 666 1332; x_wconf 84' lang='lat' dir='ltr'>Impugnare</span> <span class='ocrx_word' id='word_1_100' title='bbox 677 1290 777 1321; x_wconf 88' lang='lat' dir='ltr'>aliena</span> <span class='ocrx_word' id='word_1_101' title='bbox 791 1289 863 1326; x_wconf 87' lang='lat' dir='ltr'>xxii,</span> <span class='ocrx_word' id='word_1_102' title='bbox 878 1293 910 1326; x_wconf 84' lang='lat'>4,</span> <span class='ocrx_word' id='word_1_103' title='bbox 925 1292 945 1322; x_wconf 83' lang='lat'><strong>2</strong></span> <span class='ocrx_word' id='word_1_104' title='bbox 968 1289 1142 1332; x_wconf 84' lang='lat' dir='ltr'>impugnari</span> 
     </span>
     <span class='ocr_line' id='line_1_23' title="bbox 438 1333 864 1369; baseline -0.002 -4"><span class='ocrx_word' id='word_1_105' title='bbox 438 1334 584 1365; x_wconf 85' lang='lat' dir='ltr'>intestino</span> <span class='ocrx_word' id='word_1_106' title='bbox 600 1333 681 1364; x_wconf 90' lang='lat' dir='ltr'>bello</span> <span class='ocrx_word' id='word_1_107' title='bbox 697 1333 781 1369; x_wconf 89' lang='lat' dir='ltr'>xxiii,</span> <span class='ocrx_word' id='word_1_108' title='bbox 796 1336 827 1369; x_wconf 83' lang='lat'>2,</span> <span class='ocrx_word' id='word_1_109' title='bbox 844 1335 864 1364; x_wconf 88' lang='grc'>4</span> 
     </span>
    </p>

    <p class='ocr_par' dir='ltr' id='par_1_13' title="bbox 437 1374 1141 1503">
     <span class='ocr_line' id='line_1_24' title="bbox 481 1374 1140 1416; baseline 0 -9"><span class='ocrx_word' id='word_1_110' title='bbox 481 1387 544 1407; x_wconf 91' lang='lat' dir='ltr'>non</span> <span class='ocrx_word' id='word_1_111' title='bbox 559 1376 691 1416; x_wconf 90' lang='lat' dir='ltr'>Impune</span> <span class='ocrx_word' id='word_1_112' title='bbox 704 1375 829 1411; x_wconf 84' lang='lat' dir='ltr'>laturus,</span> <span class='ocrx_word' id='word_1_113' title='bbox 846 1375 871 1405; x_wconf 92' lang='lat' dir='ltr'>si</span> <span class='ocrx_word' id='word_1_114' title='bbox 884 1374 943 1405; x_wconf 86' lang='lat' dir='ltr'>&amp;c.</span> <span class='ocrx_word' id='word_1_115' title='bbox 971 1374 1057 1412; x_wconf 84' lang='lat' dir='ltr'>xviii,</span> <span class='ocrx_word' id='word_1_116' title='bbox 1073 1378 1104 1412; x_wconf 89' lang='lat'>5,</span> <span class='ocrx_word' id='word_1_117' title='bbox 1120 1379 1140 1407; x_wconf 94' lang='grc'><strong>7</strong></span> 
     </span>
     <span class='ocr_line' id='line_1_25' title="bbox 437 1416 1141 1459; baseline -0.001 -10"><span class='ocrx_word' id='word_1_118' title='bbox 437 1429 502 1449; x_wconf 92' lang='lat' dir='ltr'>non</span> <span class='ocrx_word' id='word_1_119' title='bbox 530 1419 656 1459; x_wconf 88' lang='lat' dir='ltr'>impune</span> <span class='ocrx_word' id='word_1_120' title='bbox 692 1428 724 1448; x_wconf 85' lang='lat' dir='ltr'>se</span> <span class='ocrx_word' id='word_1_121' title='bbox 752 1417 918 1448; x_wconf 88' lang='lat' dir='ltr'>Nicomedi</span> <span class='ocrx_word' id='word_1_122' title='bbox 945 1416 1141 1448; x_wconf 85' lang='lat' dir='ltr'>lacerandum</span> 
     </span>
     <span class='ocr_line' id='line_1_26' title="bbox 438 1459 811 1503; baseline -0.003 -11"><span class='ocrx_word' id='word_1_123' title='bbox 438 1461 570 1503; x_wconf 84' lang='lat' dir='ltr'>praebuit</span> <span class='ocrx_word' id='word_1_124' title='bbox 584 1459 707 1497; x_wconf 84' lang='lat' dir='ltr'>xxxviii,</span> <span class='ocrx_word' id='word_1_125' title='bbox 722 1463 754 1496; x_wconf 85' lang='lat'>5,</span> <span class='ocrx_word' id='word_1_126' title='bbox 770 1463 811 1491; x_wconf 91' lang='grc'>10</span> 
     </span>
    </p>

    <p class='ocr_par' dir='ltr' id='par_1_14' title="bbox 437 1502 1141 1626">
     <span class='ocr_line' id='line_1_27' title="bbox 480 1502 1141 1544; baseline -0.003 -10"><span class='ocrx_word' id='word_1_127' title='bbox 480 1504 653 1544; x_wconf 84' lang='lat' dir='ltr'>Impunitas</span> <span class='ocrx_word' id='word_1_128' title='bbox 676 1502 773 1543; x_wconf 86' lang='lat' dir='ltr'>stupri</span> <span class='ocrx_word' id='word_1_129' title='bbox 799 1502 842 1539; x_wconf 89' lang='lat' dir='ltr'>ix,</span> <span class='ocrx_word' id='word_1_130' title='bbox 858 1505 891 1539; x_wconf 90' lang='grc'>7,</span> <span class='ocrx_word' id='word_1_131' title='bbox 906 1504 926 1533; x_wconf 87' lang='grc'><strong>8</strong></span> <span class='ocrx_word' id='word_1_132' title='bbox 959 1502 1141 1533; x_wconf 87' lang='lat' dir='ltr'>defectionis</span> 
     </span>
     <span class='ocr_line' id='line_1_28' title="bbox 437 1545 1140 1587; baseline -0.001 -11"><span class='ocrx_word' id='word_1_133' title='bbox 437 1545 491 1582; x_wconf 92' lang='lat' dir='ltr'>xli,</span> <span class='ocrx_word' id='word_1_134' title='bbox 503 1549 535 1582; x_wconf 87' lang='lat'>4,</span> <span class='ocrx_word' id='word_1_135' title='bbox 550 1549 571 1578; x_wconf 91' lang='grc'>4</span> <span class='ocrx_word' id='word_1_136' title='bbox 603 1545 817 1587; x_wconf 85' lang='lat' dir='ltr'>impunitatem</span> <span class='ocrx_word' id='word_1_137' title='bbox 844 1545 996 1575; x_wconf 89' lang='lat' dir='ltr'>damnatis</span> <span class='ocrx_word' id='word_1_138' title='bbox 1011 1545 1084 1576; x_wconf 85' lang='lat' dir='ltr'>dare</span> <span class='ocrx_word' id='word_1_139' title='bbox 1109 1556 1140 1583; x_wconf 86' lang='lat' dir='ltr'>v,</span> 
     </span>
     <span class='ocr_line' id='line_1_29' title="bbox 437 1592 503 1626; baseline 0 -5"><span class='ocrx_word' id='word_1_140' title='bbox 437 1592 470 1626; x_wconf 93' lang='grc'>6,</span> <span class='ocrx_word' id='word_1_141' title='bbox 485 1593 503 1621; x_wconf 89' lang='grc'><strong>5</strong></span> 
     </span>
    </p>

    <p class='ocr_par' dir='ltr' id='par_1_15' title="bbox 436 1629 1141 1752">
     <span class='ocr_line' id='line_1_30' title="bbox 479 1629 1141 1672; baseline -0.003 -11"><span class='ocrx_word' id='word_1_142' title='bbox 479 1631 637 1672; x_wconf 87' lang='lat' dir='ltr'>Imputare</span> <span class='ocrx_word' id='word_1_143' title='bbox 650 1630 742 1662; x_wconf 90' lang='lat' dir='ltr'>alicui</span> <span class='ocrx_word' id='word_1_144' title='bbox 754 1640 823 1671; x_wconf 84' lang='lat' dir='ltr'>quae</span> <span class='ocrx_word' id='word_1_145' title='bbox 837 1630 914 1660; x_wconf 82' lang='lat' dir='ltr'>alius</span> <span class='ocrx_word' id='word_1_146' title='bbox 928 1629 1002 1660; x_wconf 83' lang='lat' dir='ltr'>facit</span> <span class='ocrx_word' id='word_1_147' title='bbox 1014 1630 1141 1667; x_wconf 87' lang='lat' dir='ltr'>xxxviii,</span> 
     </span>
     <span class='ocr_line' id='line_1_31' title="bbox 436 1672 1140 1714; baseline -0.003 -9"><span class='ocrx_word' id='word_1_148' title='bbox 436 1678 469 1711; x_wconf 88' lang='lat'>5,</span> <span class='ocrx_word' id='word_1_149' title='bbox 486 1677 505 1705; x_wconf 89' lang='lat'>8</span> <span class='ocrx_word' id='word_1_150' title='bbox 527 1673 671 1714; x_wconf 83' lang='lat' dir='ltr'>imputari</span> <span class='ocrx_word' id='word_1_151' title='bbox 685 1673 777 1705; x_wconf 85' lang='lat' dir='ltr'>alicui</span> <span class='ocrx_word' id='word_1_152' title='bbox 802 1672 917 1704; x_wconf 87' lang='lat' dir='ltr'>victum</span> <span class='ocrx_word' id='word_1_153' title='bbox 933 1672 1140 1704; x_wconf 86' lang='lat' dir='ltr'>Hannibalem</span> 
     </span>
     <span class='ocr_line' id='line_1_32' title="bbox 436 1717 639 1752; baseline 0.01 -6"><span class='ocrx_word' id='word_1_154' title='bbox 436 1717 558 1752; x_wconf 87' lang='lat' dir='ltr'>xxxviii,</span> <span class='ocrx_word' id='word_1_155' title='bbox 573 1720 605 1752; x_wconf 86' lang='lat'>6,</span> <span class='ocrx_word' id='word_1_156' title='bbox 621 1720 639 1747; x_wconf 82' lang='lat'>5</span> 
     </span>
    </p>

    <p class='ocr_par' dir='ltr' id='par_1_16' title="bbox 431 1757 1141 2948">
     <span class='ocr_line' id='line_1_33' title="bbox 480 1757 1140 1801; baseline -0.003 -12"><span class='ocrx_word' id='word_1_157' title='bbox 480 1759 519 1789; x_wconf 91' lang='lat' dir='ltr'>In</span> <span class='ocrx_word' id='word_1_158' title='bbox 533 1760 606 1801; x_wconf 90' lang='lat' dir='ltr'>(pro</span> <span class='ocrx_word' id='word_1_159' title='bbox 620 1757 742 1800; x_wconf 88' lang='lat' dir='ltr'>contra)</span> <span class='ocrx_word' id='word_1_160' title='bbox 766 1768 797 1795; x_wconf 91' lang='lat' dir='ltr'>v,</span> <span class='ocrx_word' id='word_1_161' title='bbox 814 1760 844 1795; x_wconf 88' lang='lat'>1,</span> <span class='ocrx_word' id='word_1_162' title='bbox 859 1760 878 1789; x_wconf 88' lang='grc'><strong>7</strong></span> <span class='ocrx_word' id='word_1_163' title='bbox 895 1759 900 1767; x_wconf 84' lang='grc'><em>”</em></span> <span class='ocrx_word' id='word_1_164' title='bbox 917 1767 972 1798; x_wconf 89' lang='lat' dir='ltr'>pro</span> <span class='ocrx_word' id='word_1_165' title='bbox 987 1767 1058 1798; x_wconf 86' lang='lat' dir='ltr'>erga</span> <span class='ocrx_word' id='word_1_166' title='bbox 1087 1757 1140 1794; x_wconf 86' lang='lat' dir='ltr'>xii,</span> 
     </span>
     <span class='ocr_line' id='line_1_34' title="bbox 438 1799 1138 1838; baseline -0.003 -5"><span class='ocrx_word' id='word_1_167' title='bbox 438 1805 490 1838; x_wconf 85' lang='lat'>12,</span> <span class='ocrx_word' id='word_1_168' title='bbox 506 1805 526 1833; x_wconf 86' lang='lat'><strong>2</strong></span> <span class='ocrx_word' id='word_1_169' title='bbox 563 1803 594 1832; x_wconf 92' lang='lat' dir='ltr'>in</span> <span class='ocrx_word' id='word_1_170' title='bbox 610 1801 793 1832; x_wconf 83' lang='lat' dir='ltr'>adulterium</span> <span class='ocrx_word' id='word_1_171' title='bbox 822 1799 975 1830; x_wconf 83' lang='lat' dir='ltr'>solicitare</span> <span class='ocrx_word' id='word_1_172' title='bbox 997 1800 1018 1835; x_wconf 92' lang='lat' dir='ltr'>i,</span> <span class='ocrx_word' id='word_1_173' title='bbox 1042 1803 1074 1835; x_wconf 97' lang='grc'>7,</span> <span class='ocrx_word' id='word_1_174' title='bbox 1099 1803 1138 1831; x_wconf 88' lang='grc'>18</span> 
     </span>
     <span class='ocr_line' id='line_1_35' title="bbox 436 1842 1139 1883; baseline -0.004 -9"><span class='ocrx_word' id='word_1_175' title='bbox 436 1843 582 1874; x_wconf 86' lang='lat' dir='ltr'>auxilium</span> <span class='ocrx_word' id='word_1_176' title='bbox 603 1844 708 1874; x_wconf 85' lang='lat' dir='ltr'>venire</span> <span class='ocrx_word' id='word_1_177' title='bbox 728 1844 763 1881; x_wconf 90' lang='lat' dir='ltr'>ii,</span> <span class='ocrx_word' id='word_1_178' title='bbox 790 1846 842 1879; x_wconf 89' lang='grc'>12,</span> <span class='ocrx_word' id='word_1_179' title='bbox 869 1846 885 1873; x_wconf 94' lang='grc'>1</span> <span class='ocrx_word' id='word_1_180' title='bbox 924 1842 1039 1872; x_wconf 85' lang='lat' dir='ltr'>bellum</span> <span class='ocrx_word' id='word_1_181' title='bbox 1068 1852 1139 1883; x_wconf 92' lang='lat' dir='ltr'>pro-</span> 
     </span>
     <span class='ocr_line' id='line_1_36' title="bbox 438 1884 1138 1925; baseline -0.003 -9"><span class='ocrx_word' id='word_1_182' title='bbox 438 1887 535 1918; x_wconf 85' lang='lat' dir='ltr'>ficisci</span> <span class='ocrx_word' id='word_1_183' title='bbox 560 1886 593 1923; x_wconf 91' lang='lat' dir='ltr'>ii,</span> <span class='ocrx_word' id='word_1_184' title='bbox 619 1890 672 1922; x_wconf 92' lang='grc'>11,</span> <span class='ocrx_word' id='word_1_185' title='bbox 699 1889 720 1917; x_wconf 88' lang='grc'><strong>9</strong></span> <span class='ocrx_word' id='word_1_186' title='bbox 771 1891 869 1916; x_wconf 85' lang='lat' dir='ltr'>castra</span> <span class='ocrx_word' id='word_1_187' title='bbox 903 1884 1068 1925; x_wconf 90' lang='lat' dir='ltr'>irrumpere</span> <span class='ocrx_word' id='word_1_188' title='bbox 1105 1885 1138 1921; x_wconf 91' lang='lat' dir='ltr'>ii,</span> 
     </span>
     <span class='ocr_line' id='line_1_37' title="bbox 438 1927 1139 1968; baseline -0.007 -7"><span class='ocrx_word' id='word_1_189' title='bbox 438 1933 490 1965; x_wconf 92' lang='grc'>11,</span> <span class='ocrx_word' id='word_1_190' title='bbox 518 1931 557 1960; x_wconf 92' lang='lat'>15</span> <span class='ocrx_word' id='word_1_191' title='bbox 595 1928 694 1968; x_wconf 88' lang='lat' dir='ltr'>majus</span> <span class='ocrx_word' id='word_1_192' title='bbox 725 1928 829 1958; x_wconf 91' lang='lat' dir='ltr'>omnia</span> <span class='ocrx_word' id='word_1_193' title='bbox 854 1927 974 1958; x_wconf 80' lang='lat' dir='ltr'>extollit</span> <span class='ocrx_word' id='word_1_194' title='bbox 1002 1927 1084 1957; x_wconf 85' lang='lat' dir='ltr'>fama</span> <span class='ocrx_word' id='word_1_195' title='bbox 1105 1927 1139 1963; x_wconf 84' lang='lat' dir='ltr'>ii,</span> 
     </span>
     <span class='ocr_line' id='line_1_38' title="bbox 438 1968 1139 2011; baseline -0.007 -8"><span class='ocrx_word' id='word_1_196' title='bbox 438 1975 491 2011; x_wconf 84' lang='lat'>13,</span> <span class='ocrx_word' id='word_1_197' title='bbox 506 1974 526 2002; x_wconf 88' lang='lat'>2</span> <span class='ocrx_word' id='word_1_198' title='bbox 549 1981 673 2000; x_wconf 89' lang='lat' dir='ltr'>manum</span> <span class='ocrx_word' id='word_1_199' title='bbox 689 1971 827 2010; x_wconf 88' lang='lat' dir='ltr'>accipere</span> <span class='ocrx_word' id='word_1_200' title='bbox 842 1970 922 2010; x_wconf 87' lang='lat' dir='ltr'>(vid.</span> <span class='ocrx_word' id='word_1_201' title='bbox 945 1979 1013 2009; x_wconf 88' lang='lat' dir='ltr'>sup.</span> <span class='ocrx_word' id='word_1_202' title='bbox 1028 1970 1060 1999; x_wconf 89' lang='lat' dir='ltr'>in</span> <span class='ocrx_word' id='word_1_203' title='bbox 1076 1968 1139 1999; x_wconf 93' lang='lat' dir='ltr'>Ac-</span> 
     </span>
     <span class='ocr_line' id='line_1_39' title="bbox 439 2012 1140 2054; baseline -0.004 -11"><span class='ocrx_word' id='word_1_204' title='bbox 439 2012 573 2054; x_wconf 85' lang='lat' dir='ltr'>cipere).</span> <span class='ocrx_word' id='word_1_205' title='bbox 587 2012 811 2043; x_wconf 86' lang='lat' dir='ltr'>matrimonium</span> <span class='ocrx_word' id='word_1_206' title='bbox 824 2021 975 2042; x_wconf 89' lang='lat' dir='ltr'>assumere</span> <span class='ocrx_word' id='word_1_207' title='bbox 990 2012 1066 2051; x_wconf 89' lang='lat' dir='ltr'>(hoc</span> <span class='ocrx_word' id='word_1_208' title='bbox 1082 2015 1140 2048; x_wconf 91' lang='lat' dir='ltr'>est,</span> 
     </span>
     <span class='ocr_line' id='line_1_40' title="bbox 436 2053 1138 2096; baseline -0.003 -10"><span class='ocrx_word' id='word_1_209' title='bbox 436 2054 567 2096; x_wconf 84' lang='lat' dir='ltr'>ducere)</span> <span class='ocrx_word' id='word_1_210' title='bbox 582 2055 616 2092; x_wconf 90' lang='lat' dir='ltr'>ii,</span> <span class='ocrx_word' id='word_1_211' title='bbox 630 2057 663 2092; x_wconf 95' lang='lat'>4,</span> <span class='ocrx_word' id='word_1_212' title='bbox 679 2058 720 2087; x_wconf 84' lang='lat'>24</span> <span class='ocrx_word' id='word_1_213' title='bbox 743 2054 969 2084; x_wconf 86' lang='lat' dir='ltr'>matrimonium</span> <span class='ocrx_word' id='word_1_214' title='bbox 985 2055 1057 2084; x_wconf 91' lang='lat' dir='ltr'>dare</span> <span class='ocrx_word' id='word_1_215' title='bbox 1073 2053 1094 2090; x_wconf 91' lang='lat' dir='ltr'>i,</span> <span class='ocrx_word' id='word_1_216' title='bbox 1106 2056 1138 2090; x_wconf 90' lang='grc'><strong>4,</strong></span> 
     </span>
     <span class='ocr_line' id='line_1_41' title="bbox 434 2095 1137 2137; baseline -0.003 -8"><span class='ocrx_word' id='word_1_217' title='bbox 434 2101 467 2130; x_wconf 87' lang='grc'>4.</span> <span class='ocrx_word' id='word_1_218' title='bbox 490 2098 513 2134; x_wconf 88' lang='lat' dir='ltr'>i,</span> <span class='ocrx_word' id='word_1_219' title='bbox 537 2101 570 2134; x_wconf 87' lang='grc'><strong>7,</strong></span> <span class='ocrx_word' id='word_1_220' title='bbox 587 2101 603 2129; x_wconf 91' lang='lat'>1</span> <span class='ocrx_word' id='word_1_221' title='bbox 645 2098 771 2137; x_wconf 90' lang='lat' dir='ltr'>planum</span> <span class='ocrx_word' id='word_1_222' title='bbox 787 2098 941 2127; x_wconf 81' lang='lat' dir='ltr'>deducere</span> <span class='ocrx_word' id='word_1_223' title='bbox 967 2095 999 2132; x_wconf 90' lang='lat' dir='ltr'>ii,</span> <span class='ocrx_word' id='word_1_224' title='bbox 1017 2099 1068 2132; x_wconf 90' lang='grc'><strong>10,</strong></span> <span class='ocrx_word' id='word_1_225' title='bbox 1096 2099 1137 2127; x_wconf 89' lang='grc'>24</span> 
     </span>
     <span class='ocr_line' id='line_1_42' title="bbox 435 2138 1138 2181; baseline -0.004 -10"><span class='ocrx_word' id='word_1_226' title='bbox 435 2140 595 2181; x_wconf 88' lang='lat' dir='ltr'>publicum</span> <span class='ocrx_word' id='word_1_227' title='bbox 607 2140 747 2180; x_wconf 84' lang='lat' dir='ltr'>progredi</span> <span class='ocrx_word' id='word_1_228' title='bbox 763 2140 795 2176; x_wconf 90' lang='lat' dir='ltr'>ii,</span> <span class='ocrx_word' id='word_1_229' title='bbox 811 2142 843 2175; x_wconf 81' lang='lat'>8,</span> <span class='ocrx_word' id='word_1_230' title='bbox 858 2142 877 2170; x_wconf 87' lang='grc'><strong>7</strong></span> <span class='ocrx_word' id='word_1_231' title='bbox 901 2148 1035 2179; x_wconf 88' lang='lat' dir='ltr'>pugnam</span> <span class='ocrx_word' id='word_1_232' title='bbox 1048 2138 1090 2168; x_wconf 90' lang='lat' dir='ltr'>ire</span> <span class='ocrx_word' id='word_1_233' title='bbox 1106 2139 1138 2175; x_wconf 86' lang='lat' dir='ltr'>ii,</span> 
     </span>
     <span class='ocr_line' id='line_1_43' title="bbox 435 2182 1141 2223; baseline -0.006 -9"><span class='ocrx_word' id='word_1_234' title='bbox 435 2186 468 2219; x_wconf 91' lang='grc'>9,</span> <span class='ocrx_word' id='word_1_235' title='bbox 486 2186 524 2214; x_wconf 86' lang='lat' dir='ltr'>ll</span> <span class='ocrx_word' id='word_1_236' title='bbox 549 2183 687 2223; x_wconf 86' lang='lat' dir='ltr'>praelium</span> <span class='ocrx_word' id='word_1_237' title='bbox 701 2183 805 2223; x_wconf 86' lang='lat' dir='ltr'>egredi</span> <span class='ocrx_word' id='word_1_238' title='bbox 819 2182 851 2217; x_wconf 92' lang='lat' dir='ltr'>ii,</span> <span class='ocrx_word' id='word_1_239' title='bbox 867 2185 899 2217; x_wconf 89' lang='grc'><strong>9,</strong></span> <span class='ocrx_word' id='word_1_240' title='bbox 914 2184 935 2212; x_wconf 86' lang='grc'><strong>9</strong></span> <span class='ocrx_word' id='word_1_241' title='bbox 967 2191 1061 2221; x_wconf 82' lang='lat' dir='ltr'>regno</span> <span class='ocrx_word' id='word_1_242' title='bbox 1077 2192 1141 2211; x_wconf 87' lang='lat' dir='ltr'>sus-</span> 
     </span>
     <span class='ocr_line' id='line_1_44' title="bbox 433 2223 1135 2267; baseline -0.001 -11"><span class='ocrx_word' id='word_1_243' title='bbox 433 2230 543 2266; x_wconf 84' lang='lat' dir='ltr'>ceptus</span> <span class='ocrx_word' id='word_1_244' title='bbox 557 2226 634 2267; x_wconf 90' lang='lat' dir='ltr'>(hoc</span> <span class='ocrx_word' id='word_1_245' title='bbox 648 2229 706 2261; x_wconf 85' lang='lat' dir='ltr'>est,</span> <span class='ocrx_word' id='word_1_246' title='bbox 722 2230 807 2266; x_wconf 89' lang='lat' dir='ltr'>patre</span> <span class='ocrx_word' id='word_1_247' title='bbox 821 2223 985 2264; x_wconf 85' lang='lat' dir='ltr'>regnante)</span> <span class='ocrx_word' id='word_1_248' title='bbox 1000 2224 1033 2259; x_wconf 86' lang='lat' dir='ltr'>ii,</span> <span class='ocrx_word' id='word_1_249' title='bbox 1050 2227 1101 2260; x_wconf 88' lang='grc'>10,</span> <span class='ocrx_word' id='word_1_250' title='bbox 1120 2227 1135 2255; x_wconf 91' lang='grc'>1</span> 
     </span>
     <span class='ocr_line' id='line_1_45' title="bbox 434 2266 1140 2309; baseline -0.004 -11"><span class='ocrx_word' id='word_1_251' title='bbox 434 2278 561 2309; x_wconf 88' lang='lat' dir='ltr'>regnum</span> <span class='ocrx_word' id='word_1_252' title='bbox 573 2272 733 2308; x_wconf 85' lang='lat' dir='ltr'>susceptus</span> <span class='ocrx_word' id='word_1_253' title='bbox 747 2268 820 2308; x_wconf 92' lang='lat' dir='ltr'>(hoc</span> <span class='ocrx_word' id='word_1_254' title='bbox 831 2271 889 2302; x_wconf 83' lang='lat' dir='ltr'>est,</span> <span class='ocrx_word' id='word_1_255' title='bbox 899 2267 930 2296; x_wconf 92' lang='lat' dir='ltr'>in</span> <span class='ocrx_word' id='word_1_256' title='bbox 942 2276 1027 2306; x_wconf 89' lang='lat' dir='ltr'>spem</span> <span class='ocrx_word' id='word_1_257' title='bbox 1037 2266 1140 2306; x_wconf 87' lang='lat' dir='ltr'>regni)</span> 
     </span>
     <span class='ocr_line' id='line_1_46' title="bbox 433 2308 1139 2348; baseline -0.001 -8"><span class='ocrx_word' id='word_1_258' title='bbox 433 2309 468 2347; x_wconf 87' lang='lat' dir='ltr'>ii,</span> <span class='ocrx_word' id='word_1_259' title='bbox 487 2314 538 2347; x_wconf 87' lang='grc'>10,</span> <span class='ocrx_word' id='word_1_260' title='bbox 554 2313 573 2342; x_wconf 85' lang='grc'><strong>3</strong></span> <span class='ocrx_word' id='word_1_261' title='bbox 597 2320 660 2340; x_wconf 89' lang='lat' dir='ltr'>rem</span> <span class='ocrx_word' id='word_1_262' title='bbox 675 2309 833 2341; x_wconf 86' lang='lat' dir='ltr'>consulere</span> <span class='ocrx_word' id='word_1_263' title='bbox 848 2308 881 2345; x_wconf 90' lang='lat' dir='ltr'>ii,</span> <span class='ocrx_word' id='word_1_264' title='bbox 899 2312 950 2344; x_wconf 87' lang='lat'>15,</span> <span class='ocrx_word' id='word_1_265' title='bbox 967 2311 1007 2340; x_wconf 90' lang='grc'>16</span> <span class='ocrx_word' id='word_1_266' title='bbox 1040 2309 1139 2348; x_wconf 87' lang='lat' dir='ltr'>speci-</span> 
     </span>
     <span class='ocr_line' id='line_1_47' title="bbox 432 2351 1139 2393; baseline -0.001 -10"><span class='ocrx_word' id='word_1_267' title='bbox 432 2363 482 2383; x_wconf 87' lang='lat' dir='ltr'>em</span> <span class='ocrx_word' id='word_1_268' title='bbox 497 2353 577 2389; x_wconf 87' lang='lat' dir='ltr'>xxvi,</span> <span class='ocrx_word' id='word_1_269' title='bbox 593 2356 624 2388; x_wconf 89' lang='grc'><strong>2,</strong></span> <span class='ocrx_word' id='word_1_270' title='bbox 643 2355 658 2384; x_wconf 95' lang='lat' dir='ltr'>l</span> <span class='ocrx_word' id='word_1_271' title='bbox 683 2362 800 2383; x_wconf 89' lang='lat' dir='ltr'>summa</span> <span class='ocrx_word' id='word_1_272' title='bbox 814 2352 891 2393; x_wconf 90' lang='lat' dir='ltr'>(hoc</span> <span class='ocrx_word' id='word_1_273' title='bbox 906 2356 964 2387; x_wconf 85' lang='lat' dir='ltr'>est,</span> <span class='ocrx_word' id='word_1_274' title='bbox 979 2351 1085 2392; x_wconf 82' lang='lat' dir='ltr'>enfin.</span> <span class='ocrx_word' id='word_1_275' title='bbox 1099 2352 1139 2382; x_wconf 89' lang='lat' dir='ltr'>ad</span> 
     </span>
     <span class='ocr_line' id='line_1_48' title="bbox 433 2393 1138 2437; baseline -0.004 -11"><span class='ocrx_word' id='word_1_276' title='bbox 433 2394 637 2437; x_wconf 86' lang='lat' dir='ltr'>postremum)</span> <span class='ocrx_word' id='word_1_277' title='bbox 646 2394 749 2431; x_wconf 84' lang='lat' dir='ltr'>xiii,8,</span> <span class='ocrx_word' id='word_1_278' title='bbox 761 2398 791 2426; x_wconf 88' lang='grc'>8.</span> <span class='ocrx_word' id='word_1_279' title='bbox 814 2395 915 2430; x_wconf 88' lang='lat' dir='ltr'>xxviii,</span> <span class='ocrx_word' id='word_1_280' title='bbox 927 2397 957 2429; x_wconf 85' lang='lat'>3,</span> <span class='ocrx_word' id='word_1_281' title='bbox 967 2397 986 2424; x_wconf 91' lang='lat'>8</span> <span class='ocrx_word' id='word_1_282' title='bbox 1002 2393 1138 2424; x_wconf 85' lang='lat' dir='ltr'>Freinsh.</span> 
     </span>
     <span class='ocr_line' id='line_1_49' title="bbox 433 2437 1137 2479; baseline -0.003 -12"><span class='ocrx_word' id='word_1_283' title='bbox 433 2438 466 2467; x_wconf 90' lang='lat' dir='ltr'>in</span> <span class='ocrx_word' id='word_1_284' title='bbox 481 2438 618 2479; x_wconf 84' lang='lat' dir='ltr'>auspicia</span> <span class='ocrx_word' id='word_1_285' title='bbox 644 2448 756 2479; x_wconf 84' lang='lat' dir='ltr'>pugnae</span> <span class='ocrx_word' id='word_1_286' title='bbox 779 2438 893 2467; x_wconf 85' lang='lat' dir='ltr'>hostias</span> <span class='ocrx_word' id='word_1_287' title='bbox 907 2438 1031 2467; x_wconf 87' lang='lat' dir='ltr'>caedunt</span> <span class='ocrx_word' id='word_1_288' title='bbox 1057 2437 1137 2473; x_wconf 79' lang='lat' dir='ltr'>xxvi,</span> 
     </span>
     <span class='ocr_line' id='line_1_50' title="bbox 433 2478 1136 2520; baseline -0.004 -9"><span class='ocrx_word' id='word_1_289' title='bbox 433 2482 465 2516; x_wconf 85' lang='lat'>2,</span> <span class='ocrx_word' id='word_1_290' title='bbox 480 2484 500 2512; x_wconf 92' lang='grc'><strong>2</strong></span> <span class='ocrx_word' id='word_1_291' title='bbox 534 2481 566 2511; x_wconf 88' lang='lat' dir='ltr'>in</span> <span class='ocrx_word' id='word_1_292' title='bbox 582 2480 729 2511; x_wconf 87' lang='lat' dir='ltr'>ultionem</span> <span class='ocrx_word' id='word_1_293' title='bbox 755 2480 858 2510; x_wconf 81' lang='lat' dir='ltr'>mortis</span> <span class='ocrx_word' id='word_1_294' title='bbox 873 2489 1011 2520; x_wconf 84' lang='lat' dir='ltr'>pugnare</span> <span class='ocrx_word' id='word_1_295' title='bbox 1035 2478 1068 2515; x_wconf 92' lang='lat' dir='ltr'>ii,</span> <span class='ocrx_word' id='word_1_296' title='bbox 1085 2483 1136 2515; x_wconf 90' lang='lat' dir='ltr'>ll,</span> 
     </span>
     <span class='ocr_line' id='line_1_51' title="bbox 434 2522 1137 2554; baseline -0.003 -1"><span class='ocrx_word' id='word_1_297' title='bbox 434 2525 475 2554; x_wconf 88' lang='grc'>16</span> <span class='ocrx_word' id='word_1_298' title='bbox 509 2523 541 2553; x_wconf 89' lang='lat' dir='ltr'>in</span> <span class='ocrx_word' id='word_1_299' title='bbox 558 2534 620 2554; x_wconf 89' lang='lat' dir='ltr'>uno</span> <span class='ocrx_word' id='word_1_300' title='bbox 643 2523 707 2553; x_wconf 87' lang='lat' dir='ltr'>viro</span> <span class='ocrx_word' id='word_1_301' title='bbox 732 2522 896 2553; x_wconf 80' lang='lat' dir='ltr'>maximum</span> <span class='ocrx_word' id='word_1_302' title='bbox 920 2522 1072 2552; x_wconf 85' lang='lat' dir='ltr'>interdum</span> <span class='ocrx_word' id='word_1_303' title='bbox 1097 2523 1137 2552; x_wconf 84' lang='lat' dir='ltr'>ad</span> 
     </span>
     <span class='ocr_line' id='line_1_52' title="bbox 432 2564 1138 2605; baseline 0 -11"><span class='ocrx_word' id='word_1_304' title='bbox 432 2564 560 2605; x_wconf 82' lang='lat' dir='ltr'>imperia</span> <span class='ocrx_word' id='word_1_305' title='bbox 580 2571 767 2596; x_wconf 85' lang='lat' dir='ltr'>momentum</span> <span class='ocrx_word' id='word_1_306' title='bbox 782 2576 813 2601; x_wconf 75' lang='lat' dir='ltr'>V,</span> <span class='ocrx_word' id='word_1_307' title='bbox 828 2568 860 2602; x_wconf 88' lang='lat'>4,</span> <span class='ocrx_word' id='word_1_308' title='bbox 876 2567 916 2596; x_wconf 85' lang='lat'>12</span> <span class='ocrx_word' id='word_1_309' title='bbox 951 2564 983 2594; x_wconf 90' lang='lat' dir='ltr'>in</span> <span class='ocrx_word' id='word_1_310' title='bbox 999 2564 1138 2595; x_wconf 84' lang='lat' dir='ltr'>dulcedi-</span> 
     </span>
     <span class='ocr_line' id='line_1_53' title="bbox 432 2607 1137 2649; baseline -0.001 -12"><span class='ocrx_word' id='word_1_311' title='bbox 432 2617 502 2638; x_wconf 87' lang='lat' dir='ltr'>nem</span> <span class='ocrx_word' id='word_1_312' title='bbox 518 2609 630 2638; x_wconf 84' lang='lat' dir='ltr'>sabulae</span> <span class='ocrx_word' id='word_1_313' title='bbox 647 2608 849 2649; x_wconf 86' lang='lat' dir='ltr'>compositum</span> <span class='ocrx_word' id='word_1_314' title='bbox 863 2607 904 2643; x_wconf 88' lang='lat' dir='ltr'>iv,</span> <span class='ocrx_word' id='word_1_315' title='bbox 918 2610 995 2642; x_wconf 82' lang='lat' dir='ltr'><em>l,l7</em></span> <span class='ocrx_word' id='word_1_316' title='bbox 1020 2608 1051 2636; x_wconf 91' lang='lat' dir='ltr'>in</span> <span class='ocrx_word' id='word_1_317' title='bbox 1065 2617 1137 2647; x_wconf 89' lang='lat' dir='ltr'>sup-</span> 
     </span>
     <span class='ocr_line' id='line_1_54' title="bbox 432 2649 1135 2690; baseline 0.001 -11"><span class='ocrx_word' id='word_1_318' title='bbox 432 2651 589 2690; x_wconf 82' lang='lat' dir='ltr'>plementa</span> <span class='ocrx_word' id='word_1_319' title='bbox 599 2651 729 2680; x_wconf 90' lang='lat' dir='ltr'>militum</span> <span class='ocrx_word' id='word_1_320' title='bbox 739 2650 912 2681; x_wconf 85' lang='lat' dir='ltr'>exhauritur</span> <span class='ocrx_word' id='word_1_321' title='bbox 920 2650 1001 2690; x_wconf 82' lang='lat' dir='ltr'>regio</span> <span class='ocrx_word' id='word_1_322' title='bbox 1014 2649 1066 2685; x_wconf 85' lang='lat' dir='ltr'>xii,</span> <span class='ocrx_word' id='word_1_323' title='bbox 1075 2652 1106 2685; x_wconf 94' lang='lat'>4,</span> <span class='ocrx_word' id='word_1_324' title='bbox 1117 2653 1135 2680; x_wconf 87' lang='lat'>5</span> 
     </span>
     <span class='ocr_line' id='line_1_55' title="bbox 432 2692 1136 2724; baseline 0 -3"><span class='ocrx_word' id='word_1_325' title='bbox 432 2692 464 2722; x_wconf 88' lang='lat' dir='ltr'>in</span> <span class='ocrx_word' id='word_1_326' title='bbox 476 2703 663 2724; x_wconf 83' lang='lat' dir='ltr'>successores</span> <span class='ocrx_word' id='word_1_327' title='bbox 676 2693 842 2723; x_wconf 81' lang='lat' dir='ltr'>Alexandri</span> <span class='ocrx_word' id='word_1_328' title='bbox 859 2693 969 2722; x_wconf 87' lang='lat' dir='ltr'>mansit</span> <span class='ocrx_word' id='word_1_329' title='bbox 981 2693 1046 2722; x_wconf 76' lang='lat' dir='ltr'>haec</span> <span class='ocrx_word' id='word_1_330' title='bbox 1062 2702 1136 2722; x_wconf 91' lang='lat' dir='ltr'>con-</span> 
     </span>
     <span class='ocr_line' id='line_1_56' title="bbox 432 2734 1137 2772; baseline 0.001 -9"><span class='ocrx_word' id='word_1_331' title='bbox 432 2737 563 2765; x_wconf 87' lang='lat' dir='ltr'>suetudo</span> <span class='ocrx_word' id='word_1_332' title='bbox 580 2736 631 2772; x_wconf 90' lang='lat' dir='ltr'>xii,</span> <span class='ocrx_word' id='word_1_333' title='bbox 647 2739 679 2771; x_wconf 88' lang='lat'>4,</span> <span class='ocrx_word' id='word_1_334' title='bbox 700 2739 719 2767; x_wconf 84' lang='lat'><strong>7</strong></span> <span class='ocrx_word' id='word_1_335' title='bbox 754 2735 839 2765; x_wconf 84' lang='lat' dir='ltr'>velut</span> <span class='ocrx_word' id='word_1_336' title='bbox 853 2735 884 2764; x_wconf 89' lang='lat' dir='ltr'>in</span> <span class='ocrx_word' id='word_1_337' title='bbox 900 2735 992 2764; x_wconf 86' lang='lat' dir='ltr'>finem</span> <span class='ocrx_word' id='word_1_338' title='bbox 1002 2734 1137 2765; x_wconf 82' lang='lat' dir='ltr'>victoriae</span> 
     </span>
     <span class='ocr_line' id='line_1_57' title="bbox 431 2777 1138 2817; baseline 0 -11"><span class='ocrx_word' id='word_1_339' title='bbox 431 2777 483 2813; x_wconf 82' lang='lat' dir='ltr'>xii,</span> <span class='ocrx_word' id='word_1_340' title='bbox 493 2781 523 2813; x_wconf 90' lang='grc'>8,</span> <span class='ocrx_word' id='word_1_341' title='bbox 539 2781 579 2809; x_wconf 88' lang='grc'>16</span> <span class='ocrx_word' id='word_1_342' title='bbox 601 2778 633 2808; x_wconf 83' lang='grc' dir='ltr'>ἰῃ</span> <span class='ocrx_word' id='word_1_343' title='bbox 648 2782 847 2808; x_wconf 89' lang='lat' dir='ltr'>monumenta</span> <span class='ocrx_word' id='word_1_344' title='bbox 856 2788 952 2807; x_wconf 90' lang='lat' dir='ltr'>rerum</span> <span class='ocrx_word' id='word_1_345' title='bbox 966 2788 983 2807; x_wconf 94' lang='lat' dir='ltr'>a</span> <span class='ocrx_word' id='word_1_346' title='bbox 996 2788 1026 2807; x_wconf 93' lang='lat' dir='ltr'>se</span> <span class='ocrx_word' id='word_1_347' title='bbox 1038 2782 1138 2817; x_wconf 86' lang='lat' dir='ltr'>gesta-</span> 
     </span>
     <span class='ocr_line' id='line_1_58' title="bbox 431 2819 1137 2860; baseline 0.001 -12"><span class='ocrx_word' id='word_1_348' title='bbox 431 2829 496 2849; x_wconf 91' lang='lat' dir='ltr'>rum</span> <span class='ocrx_word' id='word_1_349' title='bbox 511 2821 613 2850; x_wconf 87' lang='lat' dir='ltr'>urbem</span> <span class='ocrx_word' id='word_1_350' title='bbox 629 2822 761 2851; x_wconf 89' lang='lat' dir='ltr'>condere</span> <span class='ocrx_word' id='word_1_351' title='bbox 777 2820 829 2856; x_wconf 90' lang='lat' dir='ltr'>xii,</span> <span class='ocrx_word' id='word_1_352' title='bbox 846 2823 898 2856; x_wconf 90' lang='grc'>10,</span> <span class='ocrx_word' id='word_1_353' title='bbox 913 2822 933 2850; x_wconf 88' lang='grc'><strong>6</strong></span> <span class='ocrx_word' id='word_1_354' title='bbox 955 2820 987 2849; x_wconf 91' lang='lat' dir='ltr'>in</span> <span class='ocrx_word' id='word_1_355' title='bbox 1000 2819 1137 2860; x_wconf 87' lang='lat' dir='ltr'>discipli-</span> 
     </span>
     <span class='ocr_line' id='line_1_59' title="bbox 431 2861 1136 2898; baseline 0.003 -7"><span class='ocrx_word' id='word_1_356' title='bbox 431 2871 502 2891; x_wconf 83' lang='lat' dir='ltr'>nam</span> <span class='ocrx_word' id='word_1_357' title='bbox 514 2862 722 2893; x_wconf 83' lang='lat' dir='ltr'>Macedonum</span> <span class='ocrx_word' id='word_1_358' title='bbox 736 2864 863 2893; x_wconf 82' lang='lat' dir='ltr'>formare</span> <span class='ocrx_word' id='word_1_359' title='bbox 877 2861 989 2892; x_wconf 85' lang='lat' dir='ltr'>milites</span> <span class='ocrx_word' id='word_1_360' title='bbox 1014 2863 1066 2898; x_wconf 84' lang='lat' dir='ltr'>xii,</span> <span class='ocrx_word' id='word_1_361' title='bbox 1084 2865 1136 2898; x_wconf 89' lang='grc'>12,</span> 
     </span>
     <span class='ocr_line' id='line_1_60' title="bbox 431 2905 1137 2948; baseline -0.001 -11"><span class='ocrx_word' id='word_1_362' title='bbox 431 2908 452 2937; x_wconf 96' lang='grc'>4</span> <span class='ocrx_word' id='word_1_363' title='bbox 467 2905 499 2937; x_wconf 89' lang='lat' dir='ltr'>in</span> <span class='ocrx_word' id='word_1_364' title='bbox 514 2915 616 2938; x_wconf 82' lang='lat' dir='ltr'>annuo</span> <span class='ocrx_word' id='word_1_365' title='bbox 628 2906 782 2948; x_wconf 74' lang='lat' dir='ltr'>vectigali,</span> <span class='ocrx_word' id='word_1_366' title='bbox 797 2905 828 2936; x_wconf 91' lang='lat' dir='ltr'>in</span> <span class='ocrx_word' id='word_1_367' title='bbox 841 2905 989 2937; x_wconf 84' lang='lat' dir='ltr'>thesauris</span> <span class='ocrx_word' id='word_1_368' title='bbox 1004 2909 1075 2937; x_wconf 87' lang='lat' dir='ltr'>sunt</span> <span class='ocrx_word' id='word_1_369' title='bbox 1091 2909 1137 2936; x_wconf 90' lang='lat' dir='ltr'>tot</span> 
     </span>
    </p>
   </div>
   <div class='ocr_carea' id='block_1_3' title="bbox 1103 342 1263 372">
    <p class='ocr_par' dir='ltr' id='par_1_17' title="bbox 1103 342 1263 372">
     <span class='ocr_line' id='line_1_61' title="bbox 1103 342 1263 372; baseline 0 0"><span class='ocrx_word' id='word_1_370' title='bbox 1103 342 1263 372; x_wconf 82' lang='lat' dir='ltr'>INDEX</span> 
     </span>
    </p>
   </div>
   <div class='ocr_carea' id='block_1_4' title="bbox 1185 440 1899 2941">
    <p class='ocr_par' dir='ltr' id='par_1_18' title="bbox 1193 440 1899 1030">
     <span class='ocr_line' id='line_1_62' title="bbox 1195 440 1897 484; baseline 0.006 -13"><span class='ocrx_word' id='word_1_371' title='bbox 1195 440 1291 472; x_wconf 85' lang='lat' dir='ltr'>millia</span> <span class='ocrx_word' id='word_1_372' title='bbox 1305 441 1368 477; x_wconf 77' lang='lat' dir='ltr'>xiii,</span> <span class='ocrx_word' id='word_1_373' title='bbox 1382 443 1412 478; x_wconf 89' lang='lat'>1,</span> <span class='ocrx_word' id='word_1_374' title='bbox 1426 445 1447 474; x_wconf 85' lang='grc'><strong>9</strong></span> <span class='ocrx_word' id='word_1_375' title='bbox 1468 441 1500 472; x_wconf 90' lang='lat' dir='ltr'>in</span> <span class='ocrx_word' id='word_1_376' title='bbox 1516 440 1582 473; x_wconf 81' lang='lat' dir='ltr'>dies</span> <span class='ocrx_word' id='word_1_377' title='bbox 1596 442 1715 484; x_wconf 79' lang='lat' dir='ltr'>gravior</span> <span class='ocrx_word' id='word_1_378' title='bbox 1729 443 1897 475; x_wconf 80' lang='lat' dir='ltr'>crudelior·</span> 
     </span>
     <span class='ocr_line' id='line_1_63' title="bbox 1195 484 1898 527; baseline 0.007 -14"><span class='ocrx_word' id='word_1_379' title='bbox 1195 494 1256 524; x_wconf 92' lang='lat' dir='ltr'>que</span> <span class='ocrx_word' id='word_1_380' title='bbox 1272 484 1334 520; x_wconf 88' lang='lat' dir='ltr'>xxi,</span> <span class='ocrx_word' id='word_1_381' title='bbox 1349 488 1381 520; x_wconf 90' lang='lat'><em>5,</em></span> <span class='ocrx_word' id='word_1_382' title='bbox 1397 487 1414 515; x_wconf 93' lang='lat'><strong>1</strong></span> <span class='ocrx_word' id='word_1_383' title='bbox 1450 484 1482 514; x_wconf 89' lang='lat' dir='ltr'>in</span> <span class='ocrx_word' id='word_1_384' title='bbox 1498 486 1622 515; x_wconf 90' lang='lat' dir='ltr'>modum</span> <span class='ocrx_word' id='word_1_385' title='bbox 1646 486 1790 526; x_wconf 90' lang='lat' dir='ltr'>triumphi</span> <span class='ocrx_word' id='word_1_386' title='bbox 1804 487 1898 527; x_wconf 88' lang='lat' dir='ltr'>(Vid.</span> 
     </span>
     <span class='ocr_line' id='line_1_64' title="bbox 1195 525 1896 567; baseline 0.004 -11"><span class='ocrx_word' id='word_1_387' title='bbox 1195 525 1341 567; x_wconf 90' lang='lat' dir='ltr'>Modus).</span> <span class='ocrx_word' id='word_1_388' title='bbox 1356 526 1387 556; x_wconf 92' lang='lat' dir='ltr'>in</span> <span class='ocrx_word' id='word_1_389' title='bbox 1402 537 1515 558; x_wconf 90' lang='lat' dir='ltr'>morem</span> <span class='ocrx_word' id='word_1_390' title='bbox 1529 527 1684 558; x_wconf 88' lang='lat' dir='ltr'>vinearum</span> <span class='ocrx_word' id='word_1_391' title='bbox 1696 529 1834 559; x_wconf 84' lang='lat' dir='ltr'>excolere</span> <span class='ocrx_word' id='word_1_392' title='bbox 1849 539 1896 559; x_wconf 90' lang='lat' dir='ltr'>ar-</span> 
     </span>
     <span class='ocr_line' id='line_1_65' title="bbox 1194 569 1896 606; baseline 0.001 -7"><span class='ocrx_word' id='word_1_393' title='bbox 1194 569 1282 599; x_wconf 91' lang='lat' dir='ltr'>bores</span> <span class='ocrx_word' id='word_1_394' title='bbox 1298 569 1397 604; x_wconf 82' lang='lat' dir='ltr'>xxxvi,</span> <span class='ocrx_word' id='word_1_395' title='bbox 1413 572 1444 606; x_wconf 83' lang='lat'>3,</span> <span class='ocrx_word' id='word_1_396' title='bbox 1456 572 1477 601; x_wconf 87' lang='lat'><em>4</em></span> <span class='ocrx_word' id='word_1_397' title='bbox 1500 570 1532 599; x_wconf 90' lang='lat' dir='ltr'>in</span> <span class='ocrx_word' id='word_1_398' title='bbox 1548 575 1686 601; x_wconf 89' lang='lat' dir='ltr'>auctores</span> <span class='ocrx_word' id='word_1_399' title='bbox 1701 571 1819 600; x_wconf 81' lang='lat' dir='ltr'>facinus</span> <span class='ocrx_word' id='word_1_400' title='bbox 1829 571 1896 601; x_wconf 86' lang='lat' dir='ltr'>vin-</span> 
     </span>
     <span class='ocr_line' id='line_1_66' title="bbox 1194 611 1897 648; baseline 0.004 -7"><span class='ocrx_word' id='word_1_401' title='bbox 1194 611 1296 642; x_wconf 89' lang='lat' dir='ltr'>dicare</span> <span class='ocrx_word' id='word_1_402' title='bbox 1311 611 1421 647; x_wconf 88' lang='lat' dir='ltr'>xxxvii,</span> <span class='ocrx_word' id='word_1_403' title='bbox 1438 614 1469 648; x_wconf 82' lang='lat'>3,</span> <span class='ocrx_word' id='word_1_404' title='bbox 1486 615 1506 643; x_wconf 89' lang='grc'>8</span> <span class='ocrx_word' id='word_1_405' title='bbox 1528 613 1560 642; x_wconf 92' lang='lat' dir='ltr'>in</span> <span class='ocrx_word' id='word_1_406' title='bbox 1581 617 1688 642; x_wconf 85' lang='lat' dir='ltr'>senatu</span> <span class='ocrx_word' id='word_1_407' title='bbox 1704 612 1796 643; x_wconf 88' lang='lat' dir='ltr'>alicui</span> <span class='ocrx_word' id='word_1_408' title='bbox 1810 613 1897 644; x_wconf 86' lang='lat' dir='ltr'>locus</span> 
     </span>
     <span class='ocr_line' id='line_1_67' title="bbox 1194 654 1899 694; baseline 0.004 -11"><span class='ocrx_word' id='word_1_409' title='bbox 1194 654 1438 694; x_wconf 88' lang='lat' dir='ltr'>spectaculorum</span> <span class='ocrx_word' id='word_1_410' title='bbox 1453 656 1543 684; x_wconf 87' lang='lat' dir='ltr'>datus</span> <span class='ocrx_word' id='word_1_411' title='bbox 1556 654 1632 691; x_wconf 87' lang='lat' dir='ltr'>xliii,</span> <span class='ocrx_word' id='word_1_412' title='bbox 1643 659 1674 694; x_wconf 89' lang='lat'>5,</span> <span class='ocrx_word' id='word_1_413' title='bbox 1691 658 1731 686; x_wconf 91' lang='grc'>10</span> <span class='ocrx_word' id='word_1_414' title='bbox 1753 655 1786 685; x_wconf 88' lang='lat' dir='ltr'>in</span> <span class='ocrx_word' id='word_1_415' title='bbox 1795 655 1899 686; x_wconf 84' lang='lat' dir='ltr'>omnia</span> 
     </span>
     <span class='ocr_line' id='line_1_68' title="bbox 1193 696 1898 736; baseline 0.004 -11"><span class='ocrx_word' id='word_1_416' title='bbox 1193 696 1314 736; x_wconf 81' lang='lat' dir='ltr'>frugum</span> <span class='ocrx_word' id='word_1_417' title='bbox 1329 706 1440 736; x_wconf 84' lang='lat' dir='ltr'>genera</span> <span class='ocrx_word' id='word_1_418' title='bbox 1461 697 1606 727; x_wconf 75' lang='lat' dir='ltr'>foecunda</span> <span class='ocrx_word' id='word_1_419' title='bbox 1630 702 1708 727; x_wconf 91' lang='lat' dir='ltr'>terra</span> <span class='ocrx_word' id='word_1_420' title='bbox 1733 697 1805 733; x_wconf 89' lang='lat' dir='ltr'>xliv,</span> <span class='ocrx_word' id='word_1_421' title='bbox 1830 700 1860 734; x_wconf 91' lang='lat'>1,</span> <span class='ocrx_word' id='word_1_422' title='bbox 1876 700 1898 729; x_wconf 90' lang='lat'><em>4</em></span> 
     </span>
     <span class='ocr_line' id='line_1_69' title="bbox 1193 738 1899 780; baseline 0.006 -13"><span class='ocrx_word' id='word_1_423' title='bbox 1193 738 1226 767; x_wconf 89' lang='lat' dir='ltr'>in</span> <span class='ocrx_word' id='word_1_424' title='bbox 1241 739 1344 769; x_wconf 87' lang='lat' dir='ltr'>orbem</span> <span class='ocrx_word' id='word_1_425' title='bbox 1366 738 1438 774; x_wconf 77' lang='lat' dir='ltr'>xliv,</span> <span class='ocrx_word' id='word_1_426' title='bbox 1467 742 1496 775; x_wconf 94' lang='lat'>1,</span> <span class='ocrx_word' id='word_1_427' title='bbox 1523 743 1542 770; x_wconf 87' lang='grc'><strong>8</strong></span> <span class='ocrx_word' id='word_1_428' title='bbox 1577 740 1610 769; x_wconf 89' lang='lat' dir='ltr'>in</span> <span class='ocrx_word' id='word_1_429' title='bbox 1636 740 1810 780; x_wconf 85' lang='lat' dir='ltr'>exemplum</span> <span class='ocrx_word' id='word_1_430' title='bbox 1838 741 1899 771; x_wconf 91' lang='lat' dir='ltr'>hoc</span> 
     </span>
     <span class='ocr_line' id='line_1_70' title="bbox 1194 780 1897 822; baseline 0.004 -12"><span class='ocrx_word' id='word_1_431' title='bbox 1194 780 1253 810; x_wconf 83' lang='lat' dir='ltr'>fuit</span> <span class='ocrx_word' id='word_1_432' title='bbox 1278 781 1360 817; x_wconf 88' lang='lat' dir='ltr'>xxiii,</span> <span class='ocrx_word' id='word_1_433' title='bbox 1386 784 1417 817; x_wconf 82' lang='lat'>3,</span> <span class='ocrx_word' id='word_1_434' title='bbox 1434 784 1473 813; x_wconf 93' lang='grc'>11</span> <span class='ocrx_word' id='word_1_435' title='bbox 1511 782 1543 811; x_wconf 87' lang='lat' dir='ltr'>in</span> <span class='ocrx_word' id='word_1_436' title='bbox 1568 782 1622 812; x_wconf 86' lang='lat' dir='ltr'>illo</span> <span class='ocrx_word' id='word_1_437' title='bbox 1647 782 1739 822; x_wconf 85' lang='lat' dir='ltr'>fregit</span> <span class='ocrx_word' id='word_1_438' title='bbox 1763 782 1897 813; x_wconf 87' lang='lat' dir='ltr'>animum</span> 
     </span>
     <span class='ocr_line' id='line_1_71' title="bbox 1194 823 1898 864; baseline 0.003 -12"><span class='ocrx_word' id='word_1_439' title='bbox 1194 823 1344 853; x_wconf 86' lang='lat' dir='ltr'>minacem</span> <span class='ocrx_word' id='word_1_440' title='bbox 1356 823 1379 862; x_wconf 89' lang='lat' dir='ltr'>i,</span> <span class='ocrx_word' id='word_1_441' title='bbox 1391 827 1422 860; x_wconf 89' lang='lat'>5,</span> <span class='ocrx_word' id='word_1_442' title='bbox 1438 828 1456 854; x_wconf 84' lang='lat'>5</span> <span class='ocrx_word' id='word_1_443' title='bbox 1480 823 1512 853; x_wconf 89' lang='lat' dir='ltr'>in</span> <span class='ocrx_word' id='word_1_444' title='bbox 1524 824 1576 854; x_wconf 90' lang='lat' dir='ltr'>illo</span> <span class='ocrx_word' id='word_1_445' title='bbox 1588 824 1898 864; x_wconf 86' lang='lat' dir='ltr'>nepotem,victorem</span> 
     </span>
     <span class='ocr_line' id='line_1_72' title="bbox 1195 865 1898 907; baseline 0.004 -13"><span class='ocrx_word' id='word_1_446' title='bbox 1195 865 1259 906; x_wconf 88' lang='lat' dir='ltr'>egit</span> <span class='ocrx_word' id='word_1_447' title='bbox 1272 866 1292 902; x_wconf 90' lang='lat' dir='ltr'>i,</span> <span class='ocrx_word' id='word_1_448' title='bbox 1309 869 1340 902; x_wconf 83' lang='lat'>6,</span> <span class='ocrx_word' id='word_1_449' title='bbox 1359 869 1398 897; x_wconf 89' lang='grc'>16</span> <span class='ocrx_word' id='word_1_450' title='bbox 1432 865 1464 895; x_wconf 89' lang='lat' dir='ltr'>in</span> <span class='ocrx_word' id='word_1_451' title='bbox 1479 872 1597 897; x_wconf 90' lang='lat' dir='ltr'>tantum</span> <span class='ocrx_word' id='word_1_452' title='bbox 1623 868 1698 907; x_wconf 92' lang='lat' dir='ltr'>(hoc</span> <span class='ocrx_word' id='word_1_453' title='bbox 1724 871 1781 907; x_wconf 89' lang='lat' dir='ltr'>est,</span> <span class='ocrx_word' id='word_1_454' title='bbox 1806 867 1898 904; x_wconf 86' lang='lat' dir='ltr'>adeo,</span> 
     </span>
     <span class='ocr_line' id='line_1_73' title="bbox 1194 907 1899 949; baseline 0 -11"><span class='ocrx_word' id='word_1_455' title='bbox 1194 918 1232 938; x_wconf 92' lang='lat' dir='ltr'>eo</span> <span class='ocrx_word' id='word_1_456' title='bbox 1248 907 1362 949; x_wconf 88' lang='lat' dir='ltr'>usque)</span> <span class='ocrx_word' id='word_1_457' title='bbox 1378 908 1429 944; x_wconf 88' lang='lat' dir='ltr'>xli,</span> <span class='ocrx_word' id='word_1_458' title='bbox 1447 912 1477 944; x_wconf 92' lang='lat' dir='ltr'>l,</span> <span class='ocrx_word' id='word_1_459' title='bbox 1492 911 1543 940; x_wconf 92' lang='lat' dir='ltr'>ll.</span> <span class='ocrx_word' id='word_1_460' title='bbox 1576 909 1652 945; x_wconf 84' lang='lat' dir='ltr'>xliii,</span> <span class='ocrx_word' id='word_1_461' title='bbox 1668 912 1699 945; x_wconf 83' lang='lat'>3,</span> <span class='ocrx_word' id='word_1_462' title='bbox 1723 911 1763 940; x_wconf 85' lang='grc'>13</span> <span class='ocrx_word' id='word_1_463' title='bbox 1786 909 1899 949; x_wconf 89' lang='lat' dir='ltr'>(utitur</span> 
     </span>
     <span class='ocr_line' id='line_1_74' title="bbox 1194 949 1897 994; baseline 0.004 -14"><span class='ocrx_word' id='word_1_464' title='bbox 1194 955 1227 980; x_wconf 88' lang='lat' dir='ltr'>et</span> <span class='ocrx_word' id='word_1_465' title='bbox 1240 950 1378 981; x_wconf 84' lang='lat' dir='ltr'>Velleius</span> <span class='ocrx_word' id='word_1_466' title='bbox 1397 949 1418 986; x_wconf 87' lang='lat' dir='ltr'>i,</span> <span class='ocrx_word' id='word_1_467' title='bbox 1434 953 1466 987; x_wconf 88' lang='lat'>9,</span> <span class='ocrx_word' id='word_1_468' title='bbox 1479 953 1497 982; x_wconf 86' lang='lat'><strong>3</strong></span> <span class='ocrx_word' id='word_1_469' title='bbox 1513 956 1544 981; x_wconf 88' lang='lat' dir='ltr'>et</span> <span class='ocrx_word' id='word_1_470' title='bbox 1559 954 1611 988; x_wconf 83' lang='lat'>13,</span> <span class='ocrx_word' id='word_1_471' title='bbox 1626 954 1645 982; x_wconf 84' lang='grc'><strong>7</strong></span> <span class='ocrx_word' id='word_1_472' title='bbox 1662 956 1694 981; x_wconf 88' lang='lat' dir='ltr'>et</span> <span class='ocrx_word' id='word_1_473' title='bbox 1708 951 1741 988; x_wconf 86' lang='lat' dir='ltr'>ii,</span> <span class='ocrx_word' id='word_1_474' title='bbox 1758 954 1811 989; x_wconf 90' lang='grc'>14,</span> <span class='ocrx_word' id='word_1_475' title='bbox 1837 951 1897 994; x_wconf 89' lang='grc'>12)</span> 
     </span>
     <span class='ocr_line' id='line_1_75' title="bbox 1194 992 1690 1030; baseline 0.006 -8"><span class='ocrx_word' id='word_1_476' title='bbox 1194 992 1331 1023; x_wconf 87' lang='lat' dir='ltr'>Freinsh.</span> <span class='ocrx_word' id='word_1_477' title='bbox 1353 993 1385 1023; x_wconf 90' lang='lat' dir='ltr'>in</span> <span class='ocrx_word' id='word_1_478' title='bbox 1400 997 1499 1023; x_wconf 86' lang='lat' dir='ltr'>totum</span> <span class='ocrx_word' id='word_1_479' title='bbox 1513 994 1607 1030; x_wconf 82' lang='lat' dir='ltr'>xxxii,</span> <span class='ocrx_word' id='word_1_480' title='bbox 1624 997 1653 1029; x_wconf 84' lang='lat'>1,</span> <span class='ocrx_word' id='word_1_481' title='bbox 1668 997 1690 1025; x_wconf 82' lang='lat'><strong>9</strong></span> 
     </span>
    </p>

    <p class='ocr_par' dir='ltr' id='par_1_19' title="bbox 1236 1035 1670 1076">
     <span class='ocr_line' id='line_1_76' title="bbox 1236 1035 1670 1076; baseline 0.007 -12"><span class='ocrx_word' id='word_1_482' title='bbox 1236 1035 1348 1065; x_wconf 90' lang='lat' dir='ltr'>Inania</span> <span class='ocrx_word' id='word_1_483' title='bbox 1364 1035 1510 1076; x_wconf 88' lang='lat' dir='ltr'>promissa</span> <span class='ocrx_word' id='word_1_484' title='bbox 1524 1036 1585 1072; x_wconf 87' lang='lat' dir='ltr'>xiv,</span> <span class='ocrx_word' id='word_1_485' title='bbox 1601 1039 1632 1072; x_wconf 85' lang='lat'>3,</span> <span class='ocrx_word' id='word_1_486' title='bbox 1649 1039 1670 1067; x_wconf 89' lang='lat'><strong>9</strong></span> 
     </span>
    </p>

    <p class='ocr_par' dir='ltr' id='par_1_20' title="bbox 1187 1076 1897 1245">
     <span class='ocr_line' id='line_1_77' title="bbox 1235 1076 1897 1120; baseline 0.003 -13"><span class='ocrx_word' id='word_1_487' title='bbox 1235 1076 1382 1108; x_wconf 86' lang='lat' dir='ltr'>Inaudita</span> <span class='ocrx_word' id='word_1_488' title='bbox 1405 1079 1482 1120; x_wconf 82' lang='lat' dir='ltr'>(hoc</span> <span class='ocrx_word' id='word_1_489' title='bbox 1507 1083 1565 1115; x_wconf 87' lang='lat' dir='ltr'>est,</span> <span class='ocrx_word' id='word_1_490' title='bbox 1590 1077 1713 1119; x_wconf 81' lang='lat' dir='ltr'>audita)</span> <span class='ocrx_word' id='word_1_491' title='bbox 1739 1076 1813 1115; x_wconf 75' lang='lat' dir='ltr'>xxii,</span> <span class='ocrx_word' id='word_1_492' title='bbox 1827 1079 1859 1114; x_wconf 89' lang='grc'>3,</span> <span class='ocrx_word' id='word_1_493' title='bbox 1875 1079 1897 1109; x_wconf 85' lang='grc'><strong>7</strong></span> 
     </span>
     <span class='ocr_line' id='line_1_78' title="bbox 1193 1118 1897 1157; baseline 0.003 -8"><span class='ocrx_word' id='word_1_494' title='bbox 1193 1118 1329 1150; x_wconf 87' lang='lat' dir='ltr'>Freinsh.</span> <span class='ocrx_word' id='word_1_495' title='bbox 1361 1121 1535 1151; x_wconf 86' lang='lat' dir='ltr'>inauditum</span> <span class='ocrx_word' id='word_1_496' title='bbox 1561 1122 1706 1151; x_wconf 81' lang='lat' dir='ltr'>damnare</span> <span class='ocrx_word' id='word_1_497' title='bbox 1732 1121 1806 1157; x_wconf 81' lang='lat' dir='ltr'>xxii,</span> <span class='ocrx_word' id='word_1_498' title='bbox 1829 1123 1860 1156; x_wconf 90' lang='grc'>3,</span> <span class='ocrx_word' id='word_1_499' title='bbox 1875 1122 1897 1152; x_wconf 88' lang='grc'><strong>7</strong></span> 
     </span>
     <span class='ocr_line' id='line_1_79' title="bbox 1191 1162 1897 1204; baseline 0.001 -12"><span class='ocrx_word' id='word_1_500' title='bbox 1191 1162 1338 1193; x_wconf 87' lang='lat' dir='ltr'>inauditis</span> <span class='ocrx_word' id='word_1_501' title='bbox 1363 1163 1538 1204; x_wconf 85' lang='lat' dir='ltr'>ultimisque</span> <span class='ocrx_word' id='word_1_502' title='bbox 1563 1162 1806 1195; x_wconf 82' lang='lat' dir='ltr'>execrationibus</span> <span class='ocrx_word' id='word_1_503' title='bbox 1841 1162 1897 1193; x_wconf 84' lang='lat' dir='ltr'>ad-</span> 
     </span>
     <span class='ocr_line' id='line_1_80' title="bbox 1187 1204 1469 1245; baseline 0.007 -11"><span class='ocrx_word' id='word_1_504' title='bbox 1187 1204 1291 1245; x_wconf 85' lang='lat' dir='ltr'>jurare</span> <span class='ocrx_word' id='word_1_505' title='bbox 1305 1205 1386 1241; x_wconf 87' lang='lat' dir='ltr'>xxiv,</span> <span class='ocrx_word' id='word_1_506' title='bbox 1401 1208 1432 1241; x_wconf 83' lang='lat'>2,</span> <span class='ocrx_word' id='word_1_507' title='bbox 1449 1208 1469 1236; x_wconf 83' lang='lat'>8</span> 
     </span>
    </p>

    <p class='ocr_par' dir='ltr' id='par_1_21' title="bbox 1234 1247 1553 1285">
     <span class='ocr_line' id='line_1_81' title="bbox 1234 1247 1553 1285; baseline 0.006 -8"><span class='ocrx_word' id='word_1_508' title='bbox 1234 1247 1392 1278; x_wconf 74' lang='lat' dir='ltr'>Incassum</span> <span class='ocrx_word' id='word_1_509' title='bbox 1407 1248 1449 1285; x_wconf 85' lang='lat' dir='ltr'>xi,</span> <span class='ocrx_word' id='word_1_510' title='bbox 1465 1251 1517 1284; x_wconf 88' lang='lat'>15,</span> <span class='ocrx_word' id='word_1_511' title='bbox 1532 1251 1553 1279; x_wconf 92' lang='grc'><strong>6</strong></span> 
     </span>
    </p>

    <p class='ocr_par' dir='ltr' id='par_1_22' title="bbox 1190 1289 1897 1412">
     <span class='ocr_line' id='line_1_82' title="bbox 1234 1289 1897 1327; baseline 0.003 -8"><span class='ocrx_word' id='word_1_512' title='bbox 1234 1289 1397 1320; x_wconf 85' lang='lat' dir='ltr'>Incautum</span> <span class='ocrx_word' id='word_1_513' title='bbox 1412 1291 1580 1322; x_wconf 87' lang='lat' dir='ltr'>interficere</span> <span class='ocrx_word' id='word_1_514' title='bbox 1592 1290 1664 1326; x_wconf 87' lang='lat' dir='ltr'>xxii,</span> <span class='ocrx_word' id='word_1_515' title='bbox 1679 1293 1711 1327; x_wconf 85' lang='grc'>7,</span> <span class='ocrx_word' id='word_1_516' title='bbox 1723 1293 1742 1321; x_wconf 90' lang='lat'>5</span> <span class='ocrx_word' id='word_1_517' title='bbox 1765 1289 1897 1321; x_wconf 81' lang='lat' dir='ltr'>incautis</span> 
     </span>
     <span class='ocr_line' id='line_1_83' title="bbox 1191 1332 1896 1369; baseline 0.001 -8"><span class='ocrx_word' id='word_1_518' title='bbox 1191 1332 1333 1363; x_wconf 89' lang='lat' dir='ltr'>omnibus</span> <span class='ocrx_word' id='word_1_519' title='bbox 1349 1333 1411 1369; x_wconf 81' lang='lat' dir='ltr'>xxi,</span> <span class='ocrx_word' id='word_1_520' title='bbox 1426 1336 1458 1369; x_wconf 88' lang='grc'>2,</span> <span class='ocrx_word' id='word_1_521' title='bbox 1474 1336 1494 1364; x_wconf 93' lang='grc'><strong>7</strong></span> <span class='ocrx_word' id='word_1_522' title='bbox 1526 1333 1710 1365; x_wconf 87' lang='lat' dir='ltr'>incautiores</span> <span class='ocrx_word' id='word_1_523' title='bbox 1735 1333 1896 1363; x_wconf 85' lang='lat' dir='ltr'>adversum</span> 
     </span>
     <span class='ocr_line' id='line_1_84' title="bbox 1190 1374 1467 1412; baseline 0.014 -9"><span class='ocrx_word' id='word_1_524' title='bbox 1190 1374 1317 1405; x_wconf 90' lang='lat' dir='ltr'>vulnera</span> <span class='ocrx_word' id='word_1_525' title='bbox 1331 1375 1384 1412; x_wconf 86' lang='lat' dir='ltr'>xli,</span> <span class='ocrx_word' id='word_1_526' title='bbox 1399 1378 1430 1411; x_wconf 87' lang='grc'>2,</span> <span class='ocrx_word' id='word_1_527' title='bbox 1447 1378 1467 1407; x_wconf 83' lang='grc'><strong>7</strong></span> 
     </span>
    </p>

    <p class='ocr_par' dir='ltr' id='par_1_23' title="bbox 1233 1416 1563 1454">
     <span class='ocr_line' id='line_1_85' title="bbox 1233 1416 1563 1454; baseline 0.006 -8"><span class='ocrx_word' id='word_1_528' title='bbox 1233 1416 1394 1448; x_wconf 87' lang='lat' dir='ltr'>Incautius</span> <span class='ocrx_word' id='word_1_529' title='bbox 1408 1428 1479 1454; x_wconf 85' lang='lat' dir='ltr'><em>xxv,</em></span> <span class='ocrx_word' id='word_1_530' title='bbox 1494 1420 1526 1453; x_wconf 88' lang='grc'>2,</span> <span class='ocrx_word' id='word_1_531' title='bbox 1541 1420 1563 1448; x_wconf 90' lang='grc'><strong>6</strong></span> 
     </span>
    </p>

    <p class='ocr_par' dir='ltr' id='par_1_24' title="bbox 1190 1458 1897 1585">
     <span class='ocr_line' id='line_1_86' title="bbox 1233 1458 1897 1501; baseline 0 -12"><span class='ocrx_word' id='word_1_532' title='bbox 1233 1458 1381 1490; x_wconf 89' lang='lat' dir='ltr'>Incedere</span> <span class='ocrx_word' id='word_1_533' title='bbox 1396 1460 1469 1501; x_wconf 90' lang='lat' dir='ltr'>(pro</span> <span class='ocrx_word' id='word_1_534' title='bbox 1483 1458 1635 1501; x_wconf 84' lang='lat' dir='ltr'>intrare):</span> <span class='ocrx_word' id='word_1_535' title='bbox 1660 1459 1684 1490; x_wconf 91' lang='lat' dir='ltr'>si</span> <span class='ocrx_word' id='word_1_536' title='bbox 1706 1459 1773 1500; x_wconf 84' lang='lat' dir='ltr'>jam</span> <span class='ocrx_word' id='word_1_537' title='bbox 1796 1458 1897 1490; x_wconf 85' lang='lat' dir='ltr'>inces-</span> 
     </span>
     <span class='ocr_line' id='line_1_87' title="bbox 1190 1500 1897 1543; baseline 0.003 -13"><span class='ocrx_word' id='word_1_538' title='bbox 1190 1500 1291 1537; x_wconf 86' lang='lat' dir='ltr'>sisset,</span> <span class='ocrx_word' id='word_1_539' title='bbox 1306 1503 1454 1533; x_wconf 83' lang='lat' dir='ltr'>excedere</span> <span class='ocrx_word' id='word_1_540' title='bbox 1464 1502 1588 1543; x_wconf 88' lang='lat' dir='ltr'>juberet</span> <span class='ocrx_word' id='word_1_541' title='bbox 1602 1502 1703 1540; x_wconf 84' lang='lat' dir='ltr'>xxxiv,</span> <span class='ocrx_word' id='word_1_542' title='bbox 1717 1505 1749 1539; x_wconf 85' lang='grc'>3,</span> <span class='ocrx_word' id='word_1_543' title='bbox 1762 1505 1779 1533; x_wconf 93' lang='grc'>1</span> <span class='ocrx_word' id='word_1_544' title='bbox 1792 1501 1897 1533; x_wconf 89' lang='lat' dir='ltr'>Vorst.</span> 
     </span>
     <span class='ocr_line' id='line_1_88' title="bbox 1190 1543 1585 1585; baseline 0.008 -12"><span class='ocrx_word' id='word_1_545' title='bbox 1190 1543 1333 1575; x_wconf 89' lang='lat' dir='ltr'>incedere</span> <span class='ocrx_word' id='word_1_546' title='bbox 1349 1545 1435 1585; x_wconf 90' lang='lat' dir='ltr'>equis</span> <span class='ocrx_word' id='word_1_547' title='bbox 1450 1545 1502 1581; x_wconf 85' lang='lat' dir='ltr'>xli,</span> <span class='ocrx_word' id='word_1_548' title='bbox 1518 1548 1549 1581; x_wconf 82' lang='lat'>3,</span> <span class='ocrx_word' id='word_1_549' title='bbox 1565 1547 1585 1576; x_wconf 88' lang='lat'><em>4</em></span> 
     </span>
    </p>

    <p class='ocr_par' dir='ltr' id='par_1_25' title="bbox 1190 1585 1897 1883">
     <span class='ocr_line' id='line_1_89' title="bbox 1234 1585 1897 1627; baseline 0.002 -11"><span class='ocrx_word' id='word_1_550' title='bbox 1234 1586 1404 1618; x_wconf 88' lang='lat' dir='ltr'>Incendere</span> <span class='ocrx_word' id='word_1_551' title='bbox 1418 1599 1425 1617; x_wconf 86' lang='lat'>:</span> <span class='ocrx_word' id='word_1_552' title='bbox 1449 1587 1575 1618; x_wconf 84' lang='lat' dir='ltr'>incensa</span> <span class='ocrx_word' id='word_1_553' title='bbox 1580 1585 1729 1627; x_wconf 87' lang='lat' dir='ltr'>juventus</span> <span class='ocrx_word' id='word_1_554' title='bbox 1742 1586 1851 1617; x_wconf 87' lang='lat' dir='ltr'>virtute</span> <span class='ocrx_word' id='word_1_555' title='bbox 1864 1591 1897 1618; x_wconf 87' lang='lat' dir='ltr'>et</span> 
     </span>
     <span class='ocr_line' id='line_1_90' title="bbox 1192 1628 1897 1670; baseline 0.003 -12"><span class='ocrx_word' id='word_1_556' title='bbox 1192 1628 1288 1668; x_wconf 89' lang='lat' dir='ltr'>gloria</span> <span class='ocrx_word' id='word_1_557' title='bbox 1302 1639 1409 1660; x_wconf 86' lang='lat' dir='ltr'>senum</span> <span class='ocrx_word' id='word_1_558' title='bbox 1421 1630 1463 1666; x_wconf 91' lang='lat' dir='ltr'>vi,</span> <span class='ocrx_word' id='word_1_559' title='bbox 1478 1633 1510 1667; x_wconf 90' lang='grc'>7,</span> <span class='ocrx_word' id='word_1_560' title='bbox 1527 1633 1568 1661; x_wconf 88' lang='grc'><strong>10</strong></span> <span class='ocrx_word' id='word_1_561' title='bbox 1590 1630 1732 1660; x_wconf 89' lang='lat' dir='ltr'>incensus</span> <span class='ocrx_word' id='word_1_562' title='bbox 1747 1629 1850 1670; x_wconf 86' lang='lat' dir='ltr'>aliqua</span> <span class='ocrx_word' id='word_1_563' title='bbox 1864 1639 1897 1660; x_wconf 87' lang='lat' dir='ltr'>re</span> 
     </span>
     <span class='ocr_line' id='line_1_91' title="bbox 1191 1670 1894 1713; baseline 0.001 -12"><span class='ocrx_word' id='word_1_564' title='bbox 1191 1671 1249 1712; x_wconf 90' lang='lat' dir='ltr'>(de</span> <span class='ocrx_word' id='word_1_565' title='bbox 1264 1682 1301 1702; x_wconf 92' lang='lat' dir='ltr'>eo</span> <span class='ocrx_word' id='word_1_566' title='bbox 1328 1672 1380 1712; x_wconf 88' lang='lat' dir='ltr'>qui</span> <span class='ocrx_word' id='word_1_567' title='bbox 1395 1683 1501 1702; x_wconf 84' lang='lat' dir='ltr'>aurum</span> <span class='ocrx_word' id='word_1_568' title='bbox 1526 1671 1657 1712; x_wconf 90' lang='lat' dir='ltr'>alicujus</span> <span class='ocrx_word' id='word_1_569' title='bbox 1683 1670 1894 1713; x_wconf 89' lang='lat' dir='ltr'>concupiscit)</span> 
     </span>
     <span class='ocr_line' id='line_1_92' title="bbox 1190 1713 1897 1751; baseline 0.003 -9"><span class='ocrx_word' id='word_1_570' title='bbox 1190 1713 1274 1750; x_wconf 86' lang='lat' dir='ltr'>xviii,</span> <span class='ocrx_word' id='word_1_571' title='bbox 1289 1717 1321 1751; x_wconf 90' lang='grc'>4,</span> <span class='ocrx_word' id='word_1_572' title='bbox 1337 1718 1357 1746; x_wconf 90' lang='grc'>8</span> <span class='ocrx_word' id='word_1_573' title='bbox 1379 1715 1504 1746; x_wconf 89' lang='lat' dir='ltr'>incensa</span> <span class='ocrx_word' id='word_1_574' title='bbox 1518 1715 1620 1745; x_wconf 79' lang='lat' dir='ltr'>feritas</span> <span class='ocrx_word' id='word_1_575' title='bbox 1634 1723 1739 1744; x_wconf 91' lang='lat' dir='ltr'>eorum</span> <span class='ocrx_word' id='word_1_576' title='bbox 1753 1724 1897 1745; x_wconf 87' lang='lat' dir='ltr'>successu</span> 
     </span>
     <span class='ocr_line' id='line_1_93' title="bbox 1190 1756 1895 1796; baseline 0.001 -10"><span class='ocrx_word' id='word_1_577' title='bbox 1190 1756 1346 1787; x_wconf 82' lang='lat' dir='ltr'>felicitatis</span> <span class='ocrx_word' id='word_1_578' title='bbox 1370 1757 1456 1796; x_wconf 88' lang='lat' dir='ltr'>xxiii,</span> <span class='ocrx_word' id='word_1_579' title='bbox 1484 1761 1514 1794; x_wconf 94' lang='lat' dir='ltr'>l,</span> <span class='ocrx_word' id='word_1_580' title='bbox 1540 1760 1580 1788; x_wconf 91' lang='grc'>16</span> <span class='ocrx_word' id='word_1_581' title='bbox 1618 1757 1761 1787; x_wconf 84' lang='lat' dir='ltr'>incensus</span> <span class='ocrx_word' id='word_1_582' title='bbox 1791 1757 1895 1787; x_wconf 88' lang='lat' dir='ltr'>studio</span> 
     </span>
     <span class='ocr_line' id='line_1_94' title="bbox 1191 1798 1896 1835; baseline 0.001 -7"><span class='ocrx_word' id='word_1_583' title='bbox 1191 1799 1393 1830; x_wconf 87' lang='lat' dir='ltr'>aemulationis</span> <span class='ocrx_word' id='word_1_584' title='bbox 1405 1799 1573 1830; x_wconf 86' lang='lat' dir='ltr'>Alexandri</span> <span class='ocrx_word' id='word_1_585' title='bbox 1594 1799 1675 1835; x_wconf 73' lang='lat' dir='ltr'>xxiX,</span> <span class='ocrx_word' id='word_1_586' title='bbox 1691 1802 1722 1835; x_wconf 87' lang='grc'>3,</span> <span class='ocrx_word' id='word_1_587' title='bbox 1737 1801 1758 1830; x_wconf 85' lang='grc'><strong>8</strong></span> <span class='ocrx_word' id='word_1_588' title='bbox 1789 1798 1896 1830; x_wconf 86' lang='lat' dir='ltr'>incen-</span> 
     </span>
     <span class='ocr_line' id='line_1_95' title="bbox 1191 1841 1710 1883; baseline 0.004 -12"><span class='ocrx_word' id='word_1_589' title='bbox 1191 1841 1274 1871; x_wconf 89' lang='lat' dir='ltr'>ditur</span> <span class='ocrx_word' id='word_1_590' title='bbox 1287 1842 1371 1883; x_wconf 86' lang='lat' dir='ltr'>regia</span> <span class='ocrx_word' id='word_1_591' title='bbox 1385 1842 1469 1873; x_wconf 87' lang='lat' dir='ltr'>luctu</span> <span class='ocrx_word' id='word_1_592' title='bbox 1484 1841 1606 1878; x_wconf 88' lang='lat' dir='ltr'>xxxviii,</span> <span class='ocrx_word' id='word_1_593' title='bbox 1623 1844 1653 1878; x_wconf 88' lang='grc'>8,</span> <span class='ocrx_word' id='word_1_594' title='bbox 1669 1844 1710 1873; x_wconf 91' lang='grc'>14</span> 
     </span>
    </p>

    <p class='ocr_par' dir='ltr' id='par_1_26' title="bbox 1188 1881 1896 2388">
     <span class='ocr_line' id='line_1_96' title="bbox 1232 1881 1896 1926; baseline -0.002 -12"><span class='ocrx_word' id='word_1_595' title='bbox 1232 1884 1415 1915; x_wconf 86' lang='lat' dir='ltr'>Incendium</span> <span class='ocrx_word' id='word_1_596' title='bbox 1440 1885 1545 1916; x_wconf 83' lang='lat' dir='ltr'>AEtnae</span> <span class='ocrx_word' id='word_1_597' title='bbox 1561 1895 1615 1926; x_wconf 82' lang='lat' dir='ltr'>per</span> <span class='ocrx_word' id='word_1_598' title='bbox 1640 1884 1759 1924; x_wconf 87' lang='lat' dir='ltr'>aliquot</span> <span class='ocrx_word' id='word_1_599' title='bbox 1783 1881 1896 1914; x_wconf 83' lang='lat' dir='ltr'>saecula</span> 
     </span>
     <span class='ocr_line' id='line_1_97' title="bbox 1191 1925 1896 1963; baseline 0.001 -8"><span class='ocrx_word' id='word_1_600' title='bbox 1191 1925 1303 1956; x_wconf 87' lang='lat' dir='ltr'>durans</span> <span class='ocrx_word' id='word_1_601' title='bbox 1318 1927 1359 1963; x_wconf 92' lang='lat' dir='ltr'>iv,</span> <span class='ocrx_word' id='word_1_602' title='bbox 1370 1930 1401 1963; x_wconf 91' lang='lat' dir='ltr'>l,</span> <span class='ocrx_word' id='word_1_603' title='bbox 1413 1930 1432 1958; x_wconf 93' lang='lat'><em>5</em></span> <span class='ocrx_word' id='word_1_604' title='bbox 1455 1928 1487 1958; x_wconf 92' lang='lat' dir='ltr'>in</span> <span class='ocrx_word' id='word_1_605' title='bbox 1498 1925 1676 1958; x_wconf 90' lang='lat' dir='ltr'>incendium</span> <span class='ocrx_word' id='word_1_606' title='bbox 1687 1926 1805 1956; x_wconf 88' lang='lat' dir='ltr'>mittere</span> <span class='ocrx_word' id='word_1_607' title='bbox 1818 1936 1850 1956; x_wconf 86' lang='lat' dir='ltr'>se</span> <span class='ocrx_word' id='word_1_608' title='bbox 1862 1930 1896 1956; x_wconf 88' lang='lat' dir='ltr'>et</span> 
     </span>
     <span class='ocr_line' id='line_1_98' title="bbox 1190 1967 1895 2009; baseline 0 -11"><span class='ocrx_word' id='word_1_609' title='bbox 1190 1968 1313 1999; x_wconf 89' lang='lat' dir='ltr'>divitias</span> <span class='ocrx_word' id='word_1_610' title='bbox 1325 1979 1393 1999; x_wconf 87' lang='lat' dir='ltr'>suas</span> <span class='ocrx_word' id='word_1_611' title='bbox 1408 1970 1430 2006; x_wconf 90' lang='lat' dir='ltr'>i,</span> <span class='ocrx_word' id='word_1_612' title='bbox 1443 1973 1475 2006; x_wconf 83' lang='lat'>3,</span> <span class='ocrx_word' id='word_1_613' title='bbox 1490 1974 1509 2001; x_wconf 90' lang='lat'>5</span> <span class='ocrx_word' id='word_1_614' title='bbox 1534 1969 1730 2009; x_wconf 90' lang='lat' dir='ltr'>(incendium</span> <span class='ocrx_word' id='word_1_615' title='bbox 1741 1967 1895 2008; x_wconf 82' lang='lat' dir='ltr'>metaph.)</span> 
     </span>
     <span class='ocr_line' id='line_1_99' title="bbox 1190 2010 1895 2042; baseline 0 -2"><span class='ocrx_word' id='word_1_616' title='bbox 1190 2010 1260 2040; x_wconf 85' lang='lat' dir='ltr'>Ita:</span> <span class='ocrx_word' id='word_1_617' title='bbox 1297 2011 1475 2042; x_wconf 87' lang='lat' dir='ltr'>incendium</span> <span class='ocrx_word' id='word_1_618' title='bbox 1500 2012 1574 2042; x_wconf 87' lang='lat' dir='ltr'>belli</span> <span class='ocrx_word' id='word_1_619' title='bbox 1594 2012 1634 2041; x_wconf 89' lang='lat' dir='ltr'>ad</span> <span class='ocrx_word' id='word_1_620' title='bbox 1653 2011 1770 2042; x_wconf 87' lang='lat' dir='ltr'>vicinos</span> <span class='ocrx_word' id='word_1_621' title='bbox 1785 2010 1895 2041; x_wconf 85' lang='lat' dir='ltr'>transit</span> 
     </span>
     <span class='ocr_line' id='line_1_100' title="bbox 1189 2052 1894 2092; baseline 0.001 -10"><span class='ocrx_word' id='word_1_622' title='bbox 1189 2052 1231 2089; x_wconf 88' lang='lat' dir='ltr'>ix,</span> <span class='ocrx_word' id='word_1_623' title='bbox 1247 2056 1280 2092; x_wconf 87' lang='grc'>3,</span> <span class='ocrx_word' id='word_1_624' title='bbox 1295 2057 1313 2084; x_wconf 88' lang='grc'><strong>5</strong></span> <span class='ocrx_word' id='word_1_625' title='bbox 1338 2054 1514 2084; x_wconf 89' lang='lat' dir='ltr'>incendium</span> <span class='ocrx_word' id='word_1_626' title='bbox 1529 2053 1658 2085; x_wconf 85' lang='lat' dir='ltr'>Graeciae</span> <span class='ocrx_word' id='word_1_627' title='bbox 1682 2052 1799 2083; x_wconf 82' lang='lat' dir='ltr'>Athen.</span> <span class='ocrx_word' id='word_1_628' title='bbox 1815 2063 1844 2088; x_wconf 90' lang='lat' dir='ltr'>v,</span> <span class='ocrx_word' id='word_1_629' title='bbox 1861 2054 1894 2089; x_wconf 88' lang='grc'>1,</span> 
     </span>
     <span class='ocr_line' id='line_1_101' title="bbox 1189 2094 1895 2127; baseline -0.003 -1"><span class='ocrx_word' id='word_1_630' title='bbox 1189 2099 1208 2126; x_wconf 91' lang='grc'><strong>5</strong></span> <span class='ocrx_word' id='word_1_631' title='bbox 1233 2096 1317 2126; x_wconf 90' lang='lat' dir='ltr'>velut</span> <span class='ocrx_word' id='word_1_632' title='bbox 1341 2097 1381 2126; x_wconf 88' lang='lat' dir='ltr'>ad</span> <span class='ocrx_word' id='word_1_633' title='bbox 1407 2106 1568 2127; x_wconf 88' lang='lat' dir='ltr'>commune</span> <span class='ocrx_word' id='word_1_634' title='bbox 1592 2094 1771 2126; x_wconf 86' lang='lat' dir='ltr'>incendium</span> <span class='ocrx_word' id='word_1_635' title='bbox 1795 2095 1895 2125; x_wconf 86' lang='lat' dir='ltr'>extin-</span> 
     </span>
     <span class='ocr_line' id='line_1_102' title="bbox 1190 2137 1894 2179; baseline -0.001 -11"><span class='ocrx_word' id='word_1_636' title='bbox 1190 2139 1346 2178; x_wconf 86' lang='lat' dir='ltr'>guendum</span> <span class='ocrx_word' id='word_1_637' title='bbox 1373 2138 1486 2169; x_wconf 82' lang='lat' dir='ltr'>auxilia</span> <span class='ocrx_word' id='word_1_638' title='bbox 1500 2143 1607 2169; x_wconf 88' lang='lat' dir='ltr'>contra</span> <span class='ocrx_word' id='word_1_639' title='bbox 1632 2138 1749 2179; x_wconf 86' lang='lat' dir='ltr'>Cyrum</span> <span class='ocrx_word' id='word_1_640' title='bbox 1775 2137 1894 2168; x_wconf 91' lang='lat' dir='ltr'>conflu-</span> 
     </span>
     <span class='ocr_line' id='line_1_103' title="bbox 1190 2180 1893 2221; baseline 0 -11"><span class='ocrx_word' id='word_1_641' title='bbox 1190 2185 1247 2210; x_wconf 88' lang='lat' dir='ltr'>unt</span> <span class='ocrx_word' id='word_1_642' title='bbox 1261 2180 1282 2217; x_wconf 87' lang='lat' dir='ltr'>i,</span> <span class='ocrx_word' id='word_1_643' title='bbox 1298 2184 1331 2217; x_wconf 84' lang='grc'>7,</span> <span class='ocrx_word' id='word_1_644' title='bbox 1345 2184 1366 2212; x_wconf 88' lang='grc'><strong>9</strong></span> <span class='ocrx_word' id='word_1_645' title='bbox 1389 2182 1473 2212; x_wconf 88' lang='lat' dir='ltr'>velut</span> <span class='ocrx_word' id='word_1_646' title='bbox 1487 2182 1526 2211; x_wconf 93' lang='lat' dir='ltr'>ad</span> <span class='ocrx_word' id='word_1_647' title='bbox 1541 2180 1783 2221; x_wconf 88' lang='lat' dir='ltr'>extinguendum</span> <span class='ocrx_word' id='word_1_648' title='bbox 1808 2190 1893 2210; x_wconf 90' lang='lat' dir='ltr'>com-</span> 
     </span>
     <span class='ocr_line' id='line_1_104' title="bbox 1190 2221 1893 2263; baseline 0 -11"><span class='ocrx_word' id='word_1_649' title='bbox 1190 2232 1282 2253; x_wconf 88' lang='lat' dir='ltr'>mune</span> <span class='ocrx_word' id='word_1_650' title='bbox 1308 2224 1484 2254; x_wconf 88' lang='lat' dir='ltr'>incendium</span> <span class='ocrx_word' id='word_1_651' title='bbox 1511 2223 1614 2254; x_wconf 90' lang='lat' dir='ltr'>omnia</span> <span class='ocrx_word' id='word_1_652' title='bbox 1642 2231 1736 2263; x_wconf 83' lang='lat' dir='ltr'>regna</span> <span class='ocrx_word' id='word_1_653' title='bbox 1762 2221 1893 2253; x_wconf 82' lang='lat' dir='ltr'>Graeciae</span> 
     </span>
     <span class='ocr_line' id='line_1_105' title="bbox 1189 2263 1894 2303; baseline 0.001 -8"><span class='ocrx_word' id='word_1_654' title='bbox 1189 2271 1374 2296; x_wconf 91' lang='lat' dir='ltr'>concurrunt</span> <span class='ocrx_word' id='word_1_655' title='bbox 1388 2277 1418 2302; x_wconf 90' lang='lat' dir='ltr'>v,</span> <span class='ocrx_word' id='word_1_656' title='bbox 1436 2269 1465 2303; x_wconf 88' lang='lat'>1,</span> <span class='ocrx_word' id='word_1_657' title='bbox 1481 2269 1499 2297; x_wconf 92' lang='lat'><em>5</em></span> <span class='ocrx_word' id='word_1_658' title='bbox 1523 2266 1566 2297; x_wconf 88' lang='lat' dir='ltr'>sic</span> <span class='ocrx_word' id='word_1_659' title='bbox 1582 2270 1614 2296; x_wconf 86' lang='lat' dir='ltr'>et</span> <span class='ocrx_word' id='word_1_660' title='bbox 1624 2264 1700 2302; x_wconf 86' lang='lat' dir='ltr'>xliii,</span> <span class='ocrx_word' id='word_1_661' title='bbox 1712 2267 1774 2301; x_wconf 91' lang='lat'><em>5‚4</em></span> <span class='ocrx_word' id='word_1_662' title='bbox 1797 2263 1894 2296; x_wconf 82' lang='lat' dir='ltr'>veluti</span> 
     </span>
     <span class='ocr_line' id='line_1_106' title="bbox 1189 2306 1894 2348; baseline 0.001 -12"><span class='ocrx_word' id='word_1_663' title='bbox 1189 2307 1291 2338; x_wconf 86' lang='lat' dir='ltr'>vicino</span> <span class='ocrx_word' id='word_1_664' title='bbox 1317 2308 1473 2346; x_wconf 89' lang='lat' dir='ltr'>incendio,</span> <span class='ocrx_word' id='word_1_665' title='bbox 1503 2308 1623 2340; x_wconf 82' lang='lat' dir='ltr'>excidio</span> <span class='ocrx_word' id='word_1_666' title='bbox 1657 2307 1739 2338; x_wconf 87' lang='lat' dir='ltr'>urbis</span> <span class='ocrx_word' id='word_1_667' title='bbox 1762 2306 1894 2348; x_wconf 74' lang='lat' dir='ltr'>alicujus</span> 
     </span>
     <span class='ocr_line' id='line_1_107' title="bbox 1188 2351 1444 2388; baseline 0.016 -9"><span class='ocrx_word' id='word_1_668' title='bbox 1188 2351 1291 2381; x_wconf 86' lang='lat' dir='ltr'>terreri</span> <span class='ocrx_word' id='word_1_669' title='bbox 1302 2351 1362 2388; x_wconf 77' lang='lat' dir='ltr'>xiV,</span> <span class='ocrx_word' id='word_1_670' title='bbox 1379 2356 1410 2386; x_wconf 89' lang='lat'>5,</span> <span class='ocrx_word' id='word_1_671' title='bbox 1423 2354 1444 2382; x_wconf 86' lang='grc'>6</span> 
     </span>
    </p>

    <p class='ocr_par' dir='ltr' id='par_1_27' title="bbox 1186 2390 1894 2854">
     <span class='ocr_line' id='line_1_108' title="bbox 1231 2390 1894 2434; baseline -0.002 -11"><span class='ocrx_word' id='word_1_672' title='bbox 1231 2393 1371 2424; x_wconf 89' lang='lat' dir='ltr'>Incertus</span> <span class='ocrx_word' id='word_1_673' title='bbox 1383 2394 1457 2434; x_wconf 90' lang='lat' dir='ltr'>quid</span> <span class='ocrx_word' id='word_1_674' title='bbox 1470 2397 1573 2434; x_wconf 85' lang='lat' dir='ltr'>ageret</span> <span class='ocrx_word' id='word_1_675' title='bbox 1585 2391 1736 2431; x_wconf 78' lang='lat' dir='ltr'>xxiii,3‚6</span> <span class='ocrx_word' id='word_1_676' title='bbox 1759 2390 1894 2423; x_wconf 83' lang='lat' dir='ltr'>incertus</span> 
     </span>
     <span class='ocr_line' id='line_1_109' title="bbox 1187 2434 1893 2477; baseline 0.001 -12"><span class='ocrx_word' id='word_1_677' title='bbox 1187 2434 1273 2466; x_wconf 78' lang='lat' dir='ltr'>favor</span> <span class='ocrx_word' id='word_1_678' title='bbox 1288 2436 1351 2472; x_wconf 86' lang='lat' dir='ltr'>xiii,</span> <span class='ocrx_word' id='word_1_679' title='bbox 1366 2439 1397 2477; x_wconf 82' lang='grc'>2,</span> <span class='ocrx_word' id='word_1_680' title='bbox 1411 2439 1432 2468; x_wconf 92' lang='grc'><strong>2</strong></span> <span class='ocrx_word' id='word_1_681' title='bbox 1456 2436 1604 2466; x_wconf 88' lang='lat' dir='ltr'>incertum</span> <span class='ocrx_word' id='word_1_682' title='bbox 1626 2434 1699 2465; x_wconf 91' lang='lat' dir='ltr'>belli</span> <span class='ocrx_word' id='word_1_683' title='bbox 1720 2434 1844 2471; x_wconf 85' lang='lat' dir='ltr'>xxxviii,</span> <span class='ocrx_word' id='word_1_684' title='bbox 1861 2437 1893 2471; x_wconf 84' lang='grc'>1,</span> 
     </span>
     <span class='ocr_line' id='line_1_110' title="bbox 1188 2475 1893 2519; baseline -0.001 -12"><span class='ocrx_word' id='word_1_685' title='bbox 1188 2481 1207 2508; x_wconf 90' lang='grc'>8</span> <span class='ocrx_word' id='word_1_686' title='bbox 1223 2477 1282 2519; x_wconf 89' lang='lat' dir='ltr'>(ita</span> <span class='ocrx_word' id='word_1_687' title='bbox 1293 2479 1417 2509; x_wconf 86' lang='lat' dir='ltr'>Tacitus</span> <span class='ocrx_word' id='word_1_688' title='bbox 1440 2479 1481 2515; x_wconf 87' lang='lat' dir='ltr'>iv,</span> <span class='ocrx_word' id='word_1_689' title='bbox 1495 2481 1549 2515; x_wconf 85' lang='grc'>23,</span> <span class='ocrx_word' id='word_1_690' title='bbox 1565 2478 1604 2518; x_wconf 86' lang='grc'>6)</span> <span class='ocrx_word' id='word_1_691' title='bbox 1626 2477 1763 2508; x_wconf 83' lang='lat' dir='ltr'>Freinsh.</span> <span class='ocrx_word' id='word_1_692' title='bbox 1799 2475 1893 2518; x_wconf 89' lang='lat' dir='ltr'>(Non</span> 
     </span>
     <span class='ocr_line' id='line_1_111' title="bbox 1187 2519 1893 2552; baseline 0 -2"><span class='ocrx_word' id='word_1_693' title='bbox 1187 2522 1268 2550; x_wconf 90' lang='lat' dir='ltr'>enim</span> <span class='ocrx_word' id='word_1_694' title='bbox 1284 2521 1392 2552; x_wconf 86' lang='lat' dir='ltr'>dicunt</span> <span class='ocrx_word' id='word_1_695' title='bbox 1407 2526 1414 2539; x_wconf 83' lang='lat'>¹</span> <span class='ocrx_word' id='word_1_696' title='bbox 1426 2520 1640 2552; x_wconf 89' lang='lat' dir='ltr'>incertitudo.’</span> <span class='ocrx_word' id='word_1_697' title='bbox 1663 2519 1744 2550; x_wconf 91' lang='lat' dir='ltr'>Vide</span> <span class='ocrx_word' id='word_1_698' title='bbox 1756 2524 1893 2550; x_wconf 88' lang='lat' dir='ltr'>nostrum</span> 
     </span>
     <span class='ocr_line' id='line_1_112' title="bbox 1187 2560 1891 2603; baseline 0 -11"><span class='ocrx_word' id='word_1_699' title='bbox 1187 2563 1240 2593; x_wconf 91' lang='lat' dir='ltr'>lib.</span> <span class='ocrx_word' id='word_1_700' title='bbox 1254 2564 1292 2594; x_wconf 89' lang='lat' dir='ltr'>de</span> <span class='ocrx_word' id='word_1_701' title='bbox 1304 2563 1470 2594; x_wconf 86' lang='lat' dir='ltr'>Latinitate</span> <span class='ocrx_word' id='word_1_702' title='bbox 1482 2564 1531 2594; x_wconf 89' lang='lat' dir='ltr'>M.</span> <span class='ocrx_word' id='word_1_703' title='bbox 1546 2563 1637 2603; x_wconf 84' lang='lat' dir='ltr'>Susp.</span> <span class='ocrx_word' id='word_1_704' title='bbox 1649 2572 1718 2602; x_wconf 80' lang='lat' dir='ltr'>cap·</span> <span class='ocrx_word' id='word_1_705' title='bbox 1732 2560 1771 2601; x_wconf 81' lang='lat'>7)</span> <span class='ocrx_word' id='word_1_706' title='bbox 1786 2561 1891 2592; x_wconf 83' lang='lat' dir='ltr'>Vorst.</span> 
     </span>
     <span class='ocr_line' id='line_1_113' title="bbox 1187 2603 1890 2647; baseline 0 -12"><span class='ocrx_word' id='word_1_707' title='bbox 1187 2605 1337 2636; x_wconf 88' lang='lat' dir='ltr'>incertum</span> <span class='ocrx_word' id='word_1_708' title='bbox 1353 2611 1468 2647; x_wconf 88' lang='lat' dir='ltr'>stupro,</span> <span class='ocrx_word' id='word_1_709' title='bbox 1484 2616 1523 2636; x_wconf 88' lang='lat' dir='ltr'>an</span> <span class='ocrx_word' id='word_1_710' title='bbox 1538 2616 1574 2636; x_wconf 86' lang='lat' dir='ltr'>ex</span> <span class='ocrx_word' id='word_1_711' title='bbox 1591 2605 1694 2635; x_wconf 86' lang='lat' dir='ltr'>Marte</span> <span class='ocrx_word' id='word_1_712' title='bbox 1719 2603 1796 2640; x_wconf 87' lang='lat' dir='ltr'>xliii,</span> <span class='ocrx_word' id='word_1_713' title='bbox 1811 2606 1843 2640; x_wconf 82' lang='lat'>2,</span> <span class='ocrx_word' id='word_1_714' title='bbox 1870 2606 1890 2635; x_wconf 89' lang='grc'><strong>3</strong></span> 
     </span>
     <span class='ocr_line' id='line_1_114' title="bbox 1186 2646 1891 2690; baseline -0.001 -13"><span class='ocrx_word' id='word_1_715' title='bbox 1186 2647 1332 2689; x_wconf 84' lang='lat' dir='ltr'>(similem</span> <span class='ocrx_word' id='word_1_716' title='bbox 1343 2649 1489 2690; x_wconf 86' lang='lat' dir='ltr'>loquendi</span> <span class='ocrx_word' id='word_1_717' title='bbox 1500 2647 1658 2679; x_wconf 79' lang='lat' dir='ltr'>formulam</span> <span class='ocrx_word' id='word_1_718' title='bbox 1666 2647 1749 2687; x_wconf 92' lang='lat' dir='ltr'>apud</span> <span class='ocrx_word' id='word_1_719' title='bbox 1756 2646 1891 2682; x_wconf 86' lang='lat' dir='ltr'>Florum,</span> 
     </span>
     <span class='ocr_line' id='line_1_115' title="bbox 1188 2687 1892 2730; baseline -0.003 -10"><span class='ocrx_word' id='word_1_720' title='bbox 1188 2695 1196 2707; x_wconf 95' lang='lat'><em>‘</em></span> <span class='ocrx_word' id='word_1_721' title='bbox 1210 2691 1337 2721; x_wconf 91' lang='lat' dir='ltr'>dubium</span> <span class='ocrx_word' id='word_1_722' title='bbox 1364 2691 1423 2722; x_wconf 87' lang='lat' dir='ltr'>an.&#39;</span> <span class='ocrx_word' id='word_1_723' title='bbox 1450 2692 1532 2721; x_wconf 90' lang='lat' dir='ltr'>Vide</span> <span class='ocrx_word' id='word_1_724' title='bbox 1568 2691 1600 2721; x_wconf 90' lang='lat' dir='ltr'>in</span> <span class='ocrx_word' id='word_1_725' title='bbox 1638 2690 1734 2730; x_wconf 86' lang='lat' dir='ltr'>ipsius</span> <span class='ocrx_word' id='word_1_726' title='bbox 1762 2687 1892 2729; x_wconf 87' lang='lat' dir='ltr'>Indice)</span> 
     </span>
     <span class='ocr_line' id='line_1_116' title="bbox 1186 2731 1889 2769; baseline -0.003 -7"><span class='ocrx_word' id='word_1_727' title='bbox 1186 2732 1322 2763; x_wconf 87' lang='lat' dir='ltr'>Freinsh.</span> <span class='ocrx_word' id='word_1_728' title='bbox 1346 2734 1405 2764; x_wconf 82' lang='lat' dir='ltr'>fuit</span> <span class='ocrx_word' id='word_1_729' title='bbox 1420 2733 1580 2769; x_wconf 89' lang='lat' dir='ltr'>incertum,</span> <span class='ocrx_word' id='word_1_730' title='bbox 1595 2732 1639 2762; x_wconf 89' lang='lat' dir='ltr'>vir</span> <span class='ocrx_word' id='word_1_731' title='bbox 1653 2731 1759 2762; x_wconf 89' lang='lat' dir='ltr'>melior</span> <span class='ocrx_word' id='word_1_732' title='bbox 1771 2741 1810 2761; x_wconf 90' lang='lat' dir='ltr'>an</span> <span class='ocrx_word' id='word_1_733' title='bbox 1826 2732 1889 2761; x_wconf 86' lang='lat' dir='ltr'>dux</span> 
     </span>
     <span class='ocr_line' id='line_1_117' title="bbox 1186 2773 1891 2816; baseline -0.003 -11"><span class='ocrx_word' id='word_1_734' title='bbox 1186 2781 1266 2806; x_wconf 87' lang='lat' dir='ltr'>esset</span> <span class='ocrx_word' id='word_1_735' title='bbox 1281 2776 1321 2812; x_wconf 91' lang='lat' dir='ltr'>vi,</span> <span class='ocrx_word' id='word_1_736' title='bbox 1337 2779 1369 2813; x_wconf 90' lang='grc'>8,</span> <span class='ocrx_word' id='word_1_737' title='bbox 1385 2780 1405 2809; x_wconf 89' lang='lat'>4</span> <span class='ocrx_word' id='word_1_738' title='bbox 1431 2776 1546 2807; x_wconf 86' lang='lat' dir='ltr'>incerta</span> <span class='ocrx_word' id='word_1_739' title='bbox 1563 2776 1726 2816; x_wconf 87' lang='lat' dir='ltr'>Magorum</span> <span class='ocrx_word' id='word_1_740' title='bbox 1742 2773 1891 2815; x_wconf 79' lang='lat' dir='ltr'>praedicta</span> 
     </span>
     <span class='ocr_line' id='line_1_118' title="bbox 1186 2818 1342 2854; baseline 0.013 -7"><span class='ocrx_word' id='word_1_741' title='bbox 1186 2818 1239 2854; x_wconf 79' lang='lat' dir='ltr'>xii,</span> <span class='ocrx_word' id='word_1_742' title='bbox 1256 2821 1307 2854; x_wconf 86' lang='grc'>13,</span> <span class='ocrx_word' id='word_1_743' title='bbox 1323 2823 1342 2849; x_wconf 88' lang='lat'><em>5</em></span> 
     </span>
    </p>

    <p class='ocr_par' dir='ltr' id='par_1_28' title="bbox 1185 2856 1888 2941">
     <span class='ocr_line' id='line_1_119' title="bbox 1229 2856 1888 2902; baseline -0.003 -12"><span class='ocrx_word' id='word_1_744' title='bbox 1229 2860 1360 2892; x_wconf 87' lang='lat' dir='ltr'>Incessit</span> <span class='ocrx_word' id='word_1_745' title='bbox 1388 2871 1493 2893; x_wconf 88' lang='lat' dir='ltr'>omnes</span> <span class='ocrx_word' id='word_1_746' title='bbox 1524 2865 1630 2902; x_wconf 88' lang='lat' dir='ltr'>stupor</span> <span class='ocrx_word' id='word_1_747' title='bbox 1659 2862 1692 2890; x_wconf 81' lang='lat' dir='ltr'>et</span> <span class='ocrx_word' id='word_1_748' title='bbox 1727 2856 1888 2889; x_wconf 76' lang='lat' dir='ltr'>admiratio</span> 
     </span>
     <span class='ocr_line' id='line_1_120' title="bbox 1185 2903 1359 2941; baseline 0.011 -7"><span class='ocrx_word' id='word_1_749' title='bbox 1185 2903 1256 2940; x_wconf 83' lang='lat' dir='ltr'>xxii,</span> <span class='ocrx_word' id='word_1_750' title='bbox 1272 2906 1304 2941; x_wconf 89' lang='grc'>6,</span> <span class='ocrx_word' id='word_1_751' title='bbox 1321 2907 1359 2936; x_wconf 91' lang='grc'>11</span> 
     </span>
    </p>
   </div>
  </div>
 </body>
</html>
