2174 3424
551 336 747 366 JUSTINI
781 335 876 365 LIB.

170 433 224 463 lim
251 429 532 462 contInentz'ssimoe.
567 430 732 470 Bongars.
780 430 859 460 Par-

166 483 236 513 cim.
261 481 397 511 omuibus
420 481 528 519 suasit,
555 480 648 511 exist.
697 480 764 510 Pro
794 480 857 510 boc

165 530 291 560 habent
307 539 420 560 omnes
438 529 511 560 libri
525 540 533 560 z
560 529 696 561 Parcim.
712 529 858 569 omnibus,

162 580 235 611 item
250 579 341 610 exist.
391 579 481 610 Illud
494 580 591 610 suasit
607 580 639 609 in
656 579 754 610 nullis
768 589 857 610 com-

163 633 262 670 paret
285 629 390 661 libris.
435 629 630 660 Putaverim
657 628 856 659 emendand.

161 679 194 709 in
207 679 429 718 parcimoniam
450 688 550 709 omnes
571 679 665 717 idem,
687 680 789 718 exist„
804 680 856 718 ᾅτ.

161 728 341 768 repetend.
357 738 398 759 ex
416 729 580 769 proximo,
596 729 764 760 formavit.
788 729 856 759 Po-

160 778 275 818 pulum
301 776 458 809 formavit
484 779 517 809 in
542 778 704 819 obsequia
729 778 858 809 Princi-

161 837 252 868 pum,
267 828 444 868 Principes
460 829 501 859 ad
514 829 683 870 justitiam
700 829 856 869 imperi0-

161 887 247 917 rum,
260 888 373 909 onmes
390 879 423 909 in
434 879 522 910 idem
537 879 778 920 parcimonium,·
795 889 855 920 pro

161 927 377 968 parcimonia,
396 932 432 959 ut
446 928 743 960 ‘sanctimonium’
758 929 856 960 Glos—

161 977 204 1008 sis
219 977 318 1008 etiam
336 978 369 1008 id
386 982 523 1009 notatur
538 989 546 1009 :
561 980 570 996 ⁶
589 978 855 1018 Parcimonium,

158 1026 348 1068 μικρολογία.
414 1029 640 1068 Parcimonia,
689 1028 854 1068 φειδωλία.’

159 1077 289 1109 Salmas.
334 1078 402 1109 Pro
416 1079 514 1109 suasit
530 1079 682 1119 plerique
702 1079 782 1109 Mss.
798 1079 854 1109 ba-

156 1127 238 1158 bent
253 1128 336 1159 item.
376 1128 493 1159 Codex
516 1129 742 1160 Bibliothecae
769 1129 855 1169 Ley-

157 1177 269 1208 densis
280 1178 354 1208 item
364 1178 471 1209 suasit.
496 1179 533 1209 F.
544 1179 670 1210 Justini
684 1179 854 1219 scriptura

156 1232 220 1265 est,
237 1228 463 1258 Parcimoniam
474 1228 612 1259 omnibus
625 1229 730 1259 utilem
744 1229 853 1260 suasit.

157 1276 326 1307 Boxhorn.
362 1277 416 1308 Ita
432 1278 565 1318 quidem
581 1283 667 1310 vett.
690 1279 779 1320 typis
795 1288 852 1310 ex-

156 1327 273 1367 pressi.
319 1328 364 1358 Et
390 1328 498 1367 Bong.
527 1328 561 1358 id
587 1329 740 1359 retinuit.
785 1328 853 1360 Sed

156 1376 263 1408 Codd.
292 1378 376 1409 Mss.
405 1387 530 1417 omnes,
556 1388 636 1419 quos
660 1378 707 1408 id.
730 1378 786 1409 ille
804 1378 853 1408 vi-

156 1426 219 1464 dit,
234 1426 356 1457 babent
373 1426 440 1458 sic:
466 1427 693 1458 Parcimoniam
713 1427 853 1458 omnibus

155 1477 230 1507 item
241 1477 429 1508 existimans.
467 1477 566 1509 Quod
584 1478 661 1518 quid
679 1477 744 1508 sibi
760 1478 854 1518 velit,

156 1537 222 1558 non
246 1528 359 1558 videre
386 1539 421 1560 se
444 1528 582 1561 fatetur.
617 1529 786 1560 Boxborn.
803 1533 852 1559 ta-

155 1587 232 1608 men
262 1578 295 1608 in
322 1578 388 1609 Ms.
411 1579 567 1610 Leidensi
593 1580 720 1619 reperit
743 1579 852 1609 Parci-

155 1628 287 1658 moniam
312 1628 447 1658 omnihus
469 1628 542 1659 item
563 1629 660 1660 suasit
667 1639 680 1665 ;
704 1633 738 1659 ut
754 1628 851 1659 suasit

155 1677 282 1709 diserte
308 1678 353 1709 sit
378 1678 538 1710 additum.
585 1679 628 1709 Et
649 1678 787 1718 conjicit
805 1678 848 1709 id.

153 1727 209 1758 ille
224 1727 356 1767 legend.
374 1737 456 1767 esse,
473 1728 700 1759 Parcimoniam
714 1728 851 1759 omnibus

152 1778 259 1808 utilem
283 1778 390 1810 suasit.
433 1778 481 1810 At
504 1788 567 1819 ego
589 1779 725 1810 vocibus
750 1779 849 1810 modo

153 1827 366 1867 transpositis
395 1828 506 1858 malim
533 1828 660 1867 legere,
689 1829 849 1859 Parcz'mo-

151 1877 234 1907 niam
246 1877 319 1907 item
333 1877 471 1908 omnibus
485 1879 594 1910 suasit.
617 1878 699 1910 Vor-

197 1927 284 1958 CAP.
301 1936 355 1958 111.
389 1929 405 1968 §
425 1931 445 1958 2
469 1927 724 1967 Magistratibus]
748 1927 849 1959 Alter

153 1985 195 2007 ex
215 1976 301 2007 Mss.
328 1977 486 2008 Fuldens.
510 1977 714 2016 magistratus
734 1978 848 2018 habet,

153 2031 189 2057 ut
205 2031 318 2057 monet
339 2027 372 2057 in
396 2027 463 2057 suis
488 2028 590 2058 etiam
614 2029 698 2060 Mss.
712 2033 847 2060 exstare

154 2077 380 2118 Bongarsius3
404 2079 491 2110 alter
518 2079 683 2119 disertim,
700 2084 736 2110 ut
758 2080 847 2111 idem

150 2128 174 2159 f.
192 2129 325 2169 legend.
342 2129 439 2170 dixit,
454 2130 662 2170 magistratui,
685 2131 773 2172 quod
795 2141 848 2162 re-

151 2179 269 2220 cipias,
287 2190 328 2211 an
345 2190 414 2221 prae
432 2190 472 2212 eo
488 2191 601 2212 cusam
618 2182 698 2213 lect.
714 2182 848 2226 probes,

151 2238 282 2260 manum
297 2240 363 2260 non
376 2231 546 2261 verterim.
563 2232 651 2262 Mod.
676 2232 847 2271 BIagistra-

152 2280 199 2311 tui
211 2281 293 2321 legit
310 2291 327 2312 e
346 2281 503 2312 Fuldensi
517 2282 583 2312 Ms.
602 2282 748 2313 Modius.
765 2283 845 2313 Ber-

148 2341 262 2362 neccer.
279 2332 362 2362 Mss.
374 2332 506 2372 quidam
518 2332 728 2371 magistratus.
745 2332 844 2365 Quod

150 2379 183 2411 in
205 2381 270 2412 Ms.
288 2381 446 2412 Fuldensi
470 2387 503 2412 et
525 2381 700 2412 manifeste
716 2382 845 2422 reperit

150 2430 296 2463 Medius.
340 2433 384 2462 Et
410 2432 539 2472 patitur
561 2441 641 2463 sane
667 2433 844 2470 Latinitas,

149 2481 266 2522 utjam
281 2492 372 2522 supr.
388 2483 588 2514 monuimus.
625 2483 714 2515 Quia
730 2487 842 2514 tamen

147 2541 225 2562 mox
241 2541 378 2563 numero
395 2533 515 2572 plurali
531 2533 693 2574 sequitur,
706 2534 714 2550 ‘
732 2543 845 2565 crean-

148 2581 181 2612 di
211 2592 292 2623 quos
317 2583 419 2613 vellet
444 2583 695 2623 magistratus3'
716 2590 751 2615 et
776 2594 841 2615 vox

149 2632 278 2662 numeri
292 2632 430 2671 pluralis
443 2642 461 2662 a
474 2633 598 2664 Nostro
612 2634 735 2674 saepius
751 2644 843 2664 usur-

150 2685 270 2720 patur:
306 2686 421 2721 putem
452 2683 506 2713 hic
536 2693 666 2724 quoque
693 2683 735 2714 ab
766 2683 841 2715 eod.

149 2732 308 2772 scriptam
334 2742 405 2763 eam
433 2732 545 2764 fuisse.
586 2734 688 2765 Vorst.
733 2734 801 2765 Hic
818 2734 840 2765 l.

148 2781 245 2811 valde
261 2782 418 2813 obscurus
432 2788 495 2814 est.
541 2784 657 2822 Certe,
673 2784 698 2814 si
714 2784 756 2815 de
773 2794 840 2815 om-

148 2829 244 2860 nibus
259 2831 407 2871 accipias
429 2832 692 2873 magistratibus,
707 2832 840 2872 falsum,

149 2878 236 2920 quod
253 2878 378 2911 fuerint
394 2882 506 2912 annui.
552 2881 617 2912 Sed
633 2891 695 2913 nec
709 2882 841 2922 judicia

909 336 982 366 111.
1014 337 1121 366 cAP.
1150 327 1191 367 3.
1522 326 1606 367 697

909 429 957 461 sic
975 430 1113 470 proprie
1139 440 1177 461 ac
1194 431 1410 470 peculiariter
1425 431 1466 462 ad
1486 430 1609 471 magis-

910 484 1017 510 tratus
1048 481 1232 520 pertinent,
1258 485 1295 512 ut
1319 481 1360 511 de
1393 482 1432 512 iis
1459 490 1607 512 seorsum

908 529 1033 560 mentio
1060 530 1112 560 bic
1136 529 1209 560 fieri
1239 530 1410 562 debuerit.
1456 531 1496 561 In
1520 531 1605 562 Mss.

908 579 1078 620 plerisque
1112 589 1173 620 pro
1210 580 1447 619 magistratibus
1483 580 1606 620 legitur

906 629 1122 668 magistratus,
1151 638 1192 660 ex
1222 639 1286 670 quo
1320 629 1455 660 Modius
1486 633 1521 659 et
1550 629 1606 659 alii

906 677 1061 709 fecerunt
1091 679 1299 717 magistratui.
1343 679 1411 709 Sed
1440 679 1513 709 liaec
1535 679 1606 719 qui—

908 728 984 758 dem
1008 728 1199 759 emendatio
1225 738 1288 760 nec
1318 729 1509 759 necessaria
1537 734 1604 768 est,

906 787 969 809 nec
985 778 1133 809 illustrat
1148 779 1391 810 obscuritatem
1408 779 1486 810 loci.
1518 779 1604 810 Mihi

907 828 1021 868 placet
1033 828 1114 859 illud
1131 829 1344 869 magistratus,
1357 829 1415 860 sed
1428 839 1502 860 cum
1520 838 1605 869 prae÷

906 878 1127 918 positionisin
1141 879 1346 919 adjectione,
1357 888 1455 920 quam
1470 879 1605 910 videtur

906 927 1108 959 absumsisse
1138 929 1235 960 litera
1264 939 1310 967 m,
1345 938 1421 970 quae
1450 929 1603 969 proxime

905 978 1157 1018 praecedentem
1179 979 1307 1010 claudit
1323 988 1451 1010 vocem.
1487 980 1600 1018 Lego:

904 1027 1028 1066 regibus
1044 1031 1226 1067 potestatem
1250 1029 1404 1069 beliorum,
1430 1030 1464 1060 in
1486 1029 1603 1069 magis-

904 1080 1006 1108 tratus
1023 1078 1144 1116 judicia
1169 1089 1225 1119 per
1251 1089 1370 1111 annuas
1392 1081 1603 1118 successioneS,

903 1127 955 1165 ᾅὊ.
999 1128 1160 1169 Intelligo
1192 1133 1304 1159 autem
1334 1138 1395 1169 per
1416 1129 1540 1168 judicia
1569 1130 1602 1160 in

903 1176 1105 1215 magistratus
1141 1183 1346 1218 potestatem
1384 1189 1473 1218 eam,
1504 1189 1601 1220 quam

904 1227 1020 1258 Graeci
1036 1228 1237 1268 Ephoreiam
1254 1235 1388 1262 vocant.
1417 1231 1472 1261 De
1489 1231 1601 1270 Epho-

904 1278 949 1309 ris
966 1278 1053 1309 enim
1077 1289 1178 1320 agere
1203 1280 1235 1311 h.
1253 1280 1274 1311 l.
1298 1280 1391 1320 solis,
1406 1290 1513 1322 neque
1529 1281 1603 1313 aliis

903 1328 1172 1368 magistratibus,
1203 1334 1256 1360 est
1294 1335 1437 1370 certum,
1474 1331 1528 1362 vel
1558 1340 1601 1361 ex

903 1378 1063 1417 temporis
1081 1378 1339 1418 significatione,
1356 1390 1420 1420 quo
1437 1380 1514 1411 huic
1529 1390 1600 1411 mu-

902 1427 975 1457 neri
992 1427 1151 1458 dicuntur
1167 1428 1358 1468 praefuisse.
1375 1429 1478 1468 Schef.
1503 1431 1511 1447 ‘
1524 1431 1600 1461 Ma·

903 1476 1083 1516 gistratus'
1106 1477 1139 1507 in
1155 1478 1294 1509 unitatis
1317 1488 1455 1510 numero
1472 1480 1599 1511 Latinis

902 1535 968 1556 non
1006 1527 1168 1558 denotare
1211 1529 1386 1568 collegium
1423 1530 1599 1570 magistra-

901 1580 1008 1617 tuum,
1027 1577 1085 1608 sed
1110 1587 1210 1609 unum
1229 1579 1407 1618 hominem,
1423 1581 1598 1619 magistra-

902 1631 972 1657 tum
999 1633 1184 1668 gerentem,
1208 1638 1300 1669 supr.
1324 1629 1434 1661 docui.
1471 1631 1597 1661 Verum

900 1677 962 1707 viri
988 1677 1177 1708 doctissimi
1200 1678 1469 1709 emendationem
1485 1679 1597 1720 legen-

901 1727 955 1766 tis,
981 1727 1015 1757 in
1037 1729 1241 1767 magistratus
1259 1728 1379 1766 judicia
1398 1739 1455 1769 per
1481 1740 1597 1761 annuas

897 1777 1106 1817 successiones,
1123 1777 1266 1817 probare
1289 1779 1379 1809 nullo
1402 1779 1500 1810 modo
1521 1789 1597 1820 pos-

898 1836 983 1857 sum.
1028 1828 1355 1859 Praetermitteretur
1377 1828 1478 1867 enim,
1505 1829 1595 1870 quod

897 1877 1115 1916 praetermitti
1141 1877 1231 1908 nullo
1253 1877 1352 1908 modo
1368 1878 1525 1918 debebat,
1541 1879 1595 1909 cui

897 1926 1016 1957 dederit
1023 1926 1144 1964 judicia
1159 1927 1191 1957 in
1207 1928 1430 1966 magistratus;
1454 1938 1529 1959 cum
1551 1928 1594 1959 de

898 1978 1021 2008 ceteris
1037 1977 1181 2008 dixerit:
1208 1978 1354 2016 Regibus
1371 1978 1467 2008 dedit
1482 1982 1594 2019 potes-

898 2030 1001 2057 tatem
1020 2026 1193 2066 bellorum,
1210 2028 1342 2058 senatui
1367 2027 1462 2058 dedit
1483 2032 1594 2059 custo-

898 2077 986 2109 diam
1005 2079 1127 2119 legum,
1145 2080 1268 2119 populo
1285 2079 1379 2110 dedit
1396 2079 1593 2120 sublegendi

897 2133 1049 2159 senatum
1065 2133 1283 2169 potestatem,
1298 2130 1463 2171 quomodo
1479 2130 1593 2161 dicere

897 2179 1010 2219 potuit
1021 2179 1055 2209 in
1067 2180 1269 2218 magistratus
1275 2179 1398 2217 judicia
1410 2190 1467 2220 per
1476 2190 1594 2211 annuas

894 2231 1104 2270 successiones,
1118 2240 1182 2261 non
1207 2231 1335 2268 addito,
1351 2232 1403 2262 cui
1419 2232 1491 2262 haec
1503 2232 1593 2272 judi-

896 2280 949 2311 cia
966 2280 1108 2311 dederit.
1142 2281 1220 2311 Non
1238 2281 1348 2321 itaque
1363 2282 1529 2312 movenda
1539 2286 1592 2312 est

894 2329 993 2361 codd.
1012 2330 1249 2371 plerorumque
1265 2332 1452 2371 scriptura:
1478 2332 1591 2370 magis-

893 2379 1029 2410 tratibus
1035 2380 1158 2418 judicia
1171 2390 1226 2420 per
1241 2391 1358 2412 annuas
1371 2382 1568 2412 successiones
1581 2392 1591 2412 .·

892 2430 955 2460 nisi
969 2430 1065 2460 malis
1080 2439 1155 2460 cum
1180 2430 1334 2470 Juntina,
1357 2432 1591 2470 magistratibus

884 2480 1008 2518 judicia
1023 2484 1054 2510 et
1067 2490 1184 2511 annuas
1197 2482 1407 2513 successiones.
1449 2482 1515 2513 Sed
1539 2486 1588 2513 ta-

892 2540 968 2561 men
983 2531 1149 2570 vulgatam
1162 2531 1239 2562 lect.
1252 2532 1328 2562 huic
1342 2531 1497 2571 praefero.
1519 2533 1588 2563 Per

891 2580 1095 2619 magistratus
1106 2586 1215 2611 autem
1230 2581 1465 2620 intelliguntur
1476 2582 1588 2621 Epho-

892 2630 933 2669 ri,
951 2630 1020 2671 qui,
1033 2631 1097 2660 etsi
1113 2639 1178 2660 non
1195 2629 1236 2660 de
1256 2630 1406 2660 omnibus
1430 2631 1588 2670 negotiis,

891 2679 934 2710 de
962 2679 1143 2720 potissimis
1168 2684 1278 2710 tamen
1304 2685 1337 2710 et
1358 2681 1493 2711 maximi
1520 2691 1587 2712 mo-

890 2730 995 2761 menti
1013 2729 1336 2769 rebusjndicabant.
1370 2729 1477 2761 (ἕν-(ευ.

933 2783 999 2813 Per
1013 2792 1129 2812 annuas
1142 2781 1356 2822 successiones]
1391 2782 1489 2814 Hanc
1505 2783 1586 2816 lect.

890 2841 909 2863 e
932 2831 1080 2871 vestigiis
1102 2835 1309 2861 vetustorum
1332 2831 1430 2862 codd.
1455 2833 1584 2864 eruisse

890 2891 925 2912 se
952 2881 1037 2912 dicit
1061 2880 1193 2912 Acidal.
1216 2880 1258 2912 ad
1286 2881 1375 2912 Vell.
1398 2890 1437 2914 11.
1462 2885 1533 2915 130.
1551 2886 1584 2916 8.
