2101 3419
634 352 831 385 JUS'rlNI
866 352 960 384 mn.
993 352 1180 383 xxxvr.
1213 352 1319 383 cAr.
1349 341 1391 383 2.
1649 339 1734 382 981

284 453 350 490 ter,
364 446 529 490 quomodo
548 447 622 478 haec
647 447 812 487 explicari
839 446 980 487 possint,

283 509 350 530 non
368 498 477 530 video.
492 497 637 530 Freinsh.
662 497 747 528 Mihi
762 498 982 528 verosimilius

283 549 421 580 videtur
434 548 608 589 scripsisse
627 549 717 581 Just.
732 551 767 579 ut
782 548 848 586 ejus
866 548 981 589 portio.

284 599 493 631 Particulam
508 602 544 629 ut
558 598 682 629 litterae
697 598 724 629 it
747 603 928 639 postrema-2
948 598 983 628 in

284 659 371 681 voce
385 649 484 688 jussit
500 649 726 688 intercepere.
748 647 854 686 Schef.
899 649 983 687 Leg.

284 700 372 740 cujus
392 699 504 740 portio.
527 698 651 731 Faber.
696 699 816 730 Lectio
839 698 985 729 rectissi-

285 760 352 788 ma,
383 754 420 781 et
447 750 482 780 in
511 753 645 781 textum
675 749 801 790 ubique
839 748 984 780 transfe-

285 800 406 840 renda,
422 800 487 831 nisi
514 799 610 831 malis
627 800 736 841 sequi,
751 799 840 842 quod
857 809 916 830 nos
933 803 984 830 at-

285 850 422 881 tulimus
438 850 471 880 in
487 850 590 882 notis.
620 851 728 882 Graev.

330 900 347 941 ᾧ
370 903 391 931 6
412 900 543 940 Joseph]
573 900 628 932 De
652 904 727 932 toto
751 900 782 933 h.
798 900 822 932 1.
848 899 986 932 vidend.

286 949 386 981 Oros.
402 959 428 981 1.
445 952 476 981 8.
507 950 602 982 Rern.

331 999 433 1039 Clam]
477 999 645 1031 Nesciunt
675 1000 776 1032 Oros.
819 1000 918 1032 Frec.
949 1004 986 1031 et

286 1051 374 1083 Otto
389 1051 536 1092 Frising.
553 1060 579 1082 1.
596 1051 720 1083 Chron.
737 1053 789 1082 14.

328 1103 388 1142 §7
414 1101 529 1142 Brevi]
572 1102 673 1134 Oros.
704 1112 746 1133 ex
775 1102 861 1134 Mss.
891 1102 987 1134 Leid.

286 1151 496 1193 Freculphus
519 1156 623 1194 atque
647 1152 734 1184 Otto
759 1153 900 1193 Frising.
925 1154 987 1184 ‘in

288 1202 331 1234 b.'
354 1203 432 1235 Vid.
448 1204 530 1234 Var.
547 1204 645 1234 Lect.
662 1203 704 1234 ad
721 1212 832 1236 xxm.
848 1206 877 1235 1.
893 1206 944 1236 14.

331 1254 349 1294 §
372 1256 393 1284 9
414 1253 522 1285 SteriZ.
548 1253 611 1294 pru]
642 1254 732 1285 Saxo
756 1263 835 1285 xus.
861 1264 894 1294 p.
911 1257 985 1285 270.

288 1304 342 1333 39.
389 1303 399 1319 ‘
424 1302 573 1333 Eskillus
609 1302 838 1335 defectionem
876 1303 987 1344 provi-

288 1352 394 1384 dens?

333 1404 351 1444 ξ
374 1407 414 1435 10
437 1404 536 1444 Dari]
567 1403 796 1436 Desideratur
819 1413 874 1444 ap.
890 1404 989 1435 Free-

291 1453 455 1486 ottonem
472 1455 618 1496 Frising.
638 1461 739 1497 atque
760 1455 794 1486 in
818 1455 988 1497 plerisque

290 1504 375 1536 Mss.
392 1505 518 1537 Orosii.

336 1555 415 1595 §11
449 1556 596 1587 Paternoe
623 1556 776 1598 scientiae]
819 1556 875 1588 Sc.
906 1556 990 1587 artis

290 1604 444 1645 magicae.
464 1605 642 1638 Quomodo
654 1606 743 1637 Plin.
754 1615 845 1638 xxx.
858 1609 888 1637 1.
905 1608 914 1623 ‘
928 1607 991 1637 Est

293 1658 330 1686 et
359 1656 425 1686 alia
451 1656 589 1696 magicae
618 1655 735 1695 factio,
765 1666 784 1688 a
821 1657 919 1687 Mose
956 1660 993 1688 et

290 1706 415 1739 Jamne
442 1710 478 1737 et
501 1706 638 1747 Jodape
665 1706 796 1739 Judaeis
819 1706 992 1747 pendens,’

291 1757 356 1787 διο.
400 1756 523 1786 Mosen
538 1755 629 1787 inter
650 1766 764 1797 magos
785 1761 941 1788 numerat
956 1761 993 1789 et

292 1804 459 1846 Apuleius
482 1806 518 1837 in
544 1806 645 1848 Apol.
678 1807 746 1838 Sed
769 1806 894 1839 Strabo
916 1816 993 1840 XVI.

291 1865 328 1896 p.
342 1859 417 1888 524.
441 1857 561 1888 Mosen
574 1867 640 1888 non
654 1862 722 1889 tam
738 1857 842 1890 fuisse
858 1868 993 1899 magum

293 1906 390 1948 dicit,
404 1917 504 1949 quam
525 1908 669 1939 oraculis
691 1908 860 1947 deditum,
876 1909 992 1950 quales

293 1957 418 1997 Minos,
451 1958 640 1999 Lycurgus,
676 1958 800 2000 aliique
833 1959 992 1999 legumla-

292 2013 397 2050 tores,
411 2009 493 2040 item
509 2008 746 2050 Amphiaraus,
767 2013 804 2041 et
819 2009 992 2050 Orpheus,

292 2066 329 2093 et
344 2062 493 2093 Musaeus
517 2061 618 2094 fuisse
641 2063 813 2103 leguntur.
856 2062 993 2095 Indicio

293 2112 513 2145 eruditissimi
528 2113 632 2154 juxta
649 2117 686 2145 et
708 2113 829 2154 optimi
844 2113 931 2151 Viri,
948 2113 992 2144 D.

295 2164 374 2196 Nic.
396 2163 542 2205 Vedelii,
560 2174 638 2196 cum
660 2173 747 2195 anno
770 2163 993 2205 superiorein

293 2214 441 2246 transitu
457 2214 713 2254 perhumaniter
729 2214 771 2245 ad
787 2224 839 2245 me
856 2214 994 2254 viseret,

295 2274 314 2296 e
327 2264 432 2296 Suida
441 2263 798 2305 didici‚Alexandrum
810 2264 995 2304 Milesium,

296 2315 497 2357 cognomine
526 2314 759 2355 Polyhistora,
803 2313 861 2354 qui
892 2314 994 2354 Syllae

297 2365 508 2406 temporibus
535 2364 631 2404 vixit,
657 2368 781 2404 praeter
805 2363 871 2394 alia
893 2364 996 2404 scrip-

297 2416 382 2448 sisse
398 2415 441 2446 de
456 2415 564 2446 Roma
577 2414 680 2445 libros
693 2417 725 2447 5.
740 2414 774 2445 in
788 2413 910 2455 quibus
924 2414 993 2445 ait:

298 2466 506 2499 'Hebraeam
535 2463 640 2496 fuisse
670 2463 858 2504 mulierem,
895 2464 995 2495 Moso

297 2517 453 2549 nomine:
493 2526 513 2547 a
543 2525 608 2557 qua
635 2515 830 2556 perscripta
861 2514 906 2545 sit
940 2515 996 2546 lex

300 2565 558 2600 Hebraeorum:'
579 2565 768 2606 depravato
794 2569 831 2596 et
855 2575 938 2596 sexu
959 2570 997 2597 et

299 2619 435 2652 nomine
449 2617 556 2649 nostri
570 2617 783 2658 legislatoris.
827 2617 883 2648 Ita
899 2627 945 2649 sc.
962 2617 997 2649 in

298 2669 449 2703 tenebris
465 2667 530 2699 illis
546 2668 673 2709 aliquas
690 2672 804 2699 tamen
817 2668 888 2699 veri
901 2668 996 2700 stric-

299 2724 394 2753 turas
411 2720 439 2751 οἱ
454 2719 508 2760 ἔξω
523 2719 691 2752 viderunt.
714 2719 811 2750 Bern.

344 2774 362 2813 ς
386 2774 425 2803 12
453 2770 662 2811 Vitiliginem]
707 2768 764 2800 Ita
789 2779 832 2800 ex
858 2769 924 2801 Ms.
950 2768 997 2800 le·

302 2821 402 2863 gend.
416 2825 452 2853 et
468 2821 592 2853 Orosio
608 2830 633 2852 1.
657 2823 688 2851 8.
710 2824 746 2851 et
770 2822 822 2851 10.
852 2819 995 2860 Vitiligo

301 2871 453 2904 Arnobio
467 2875 531 2910 est,
543 2871 650 2912 lepra,
662 2874 700 2901 ut
715 2879 768 2900 me
784 2869 902 2900 docuit
917 2869 997 2901 doc-

301 2927 412 2956 torum
428 2922 585 2965 princeps
606 2921 683 2955 Jac.
701 2920 881 2962 Cujaciusz
904 2921 914 2938 ‘
932 2921 996 2954 Ille

1031 450 1128 477 notas
1153 446 1373 477 albicantium
1399 444 1603 485 vitiliginum
1633 453 1736 476 manu

1032 496 1167 527 admota
1184 496 1349 527 detersit.'
1395 496 1440 526 Et
1463 496 1542 526 Sen.
1559 495 1603 526 N.
1620 495 1662 528 Q.
1681 505 1736 528 111.

1032 549 1087 577 25.
1110 546 1307 586 vitiliginem
1325 551 1425 578 vocat
1439 547 1447 562 ‘
1461 545 1586 577 foedam
1603 556 1645 577 ex
1658 546 1736 578 albo

1032 595 1258 627 varietatem?
1282 596 1416 628 Graecis
1432 596 1538 634 λευκή.
1562 597 1673 628 Exodi
1686 606 1737 629 lv.

1033 649 1064 677 6.
1088 651 1123 677 et
1140 646 1282 678 Numer.
1311 656 1379 679 ΧΠ.
1404 650 1456 678 20.
1490 647 1587 688 lepra
1612 647 1737 679 dicitur

1034 698 1183 730 candens
1201 698 1274 729 ὡσεὶ
1293 698 1380 738 χιών.
1425 700 1513 731 Haec
1530 699 1652 740 debeo,
1675 709 1738 731 sae-

1035 749 1110 789 pius
1136 759 1156 780 a
1179 758 1233 780 me
1261 755 1537 789 commemorato,
1565 759 1738 790 nunquam

1035 803 1148 830 tamen
1179 800 1260 831 satis
1290 799 1430 831 laudato
1468 799 1604 832 doctori
1637 809 1736 839 meo;

1035 851 1132 891 cujus
1148 850 1190 881 de
1206 850 1417 882 humanitate
1430 854 1466 882 et
1478 850 1632 882 doctrina
1643 860 1740 881 num-

1036 911 1136 942 quam
1159 902 1335 943 quisquam
1357 902 1405 933 ita
1427 900 1606 942 magnifice
1633 901 1738 941 dicet,

1035 952 1116 992 quin
1141 952 1175 983 id
1197 952 1305 983 virtus
1331 951 1405 992 ejus
1428 955 1627 992 exsuperet.
1672 951 1740 982 Sed

1035 1002 1212 1033 clarissimi
1227 1002 1290 1033 viri
1307 1002 1424 1042 gloriae
1439 1011 1547 1043 neque
1560 1010 1636 1032 mea
1652 1011 1741 1042 prae-

1036 1053 1207 1084 dicatione
1223 1053 1388 1084 accedere
1405 1052 1589 1094 quidquam
1604 1056 1741 1093 potest:

1035 1112 1146 1144 neque
1175 1103 1413 1134 tenebrionum
1440 1101 1652 1144 quorundam
1682 1101 1742 1132 ob-

1036 1153 1243 1184 trectatione
1260 1152 1442 1183 decedere.
1467 1152 1557 1183 Illuc
1573 1154 1741 1182 revertor.

1037 1203 1250 1243 Vitiliginem
1265 1203 1351 1234 hauc
1365 1202 1450 1235 Tac.
1466 1203 1509 1234 H.
1528 1212 1562 1234 v.
1578 1204 1608 1232 3.
1626 1202 1742 1233 tabem

1037 1258 1150 1292 vocat,
1188 1263 1262 1294 quae
1300 1263 1445 1293 corpora
1481 1251 1642 1284 foedaret.
1687 1252 1741 1283 De

1037 1304 1136 1334 Mose
1175 1304 1276 1335 aliter
1312 1303 1428 1334 Sti-ab.
1469 1313 1545 1335 ΧΠ.
1581 1304 1742 1343 Bongars.

1037 1353 1150 1384 Etiam
1168 1354 1252 1384 Mss.
1284 1354 1392 1384 nostri
1420 1353 1550 1384 liabent
1579 1353 1741 1392 uliginem.

1039 1402 1221 1434 Turnebus
1238 1406 1366 1442 tamen,
1381 1413 1521 1443 magnus
1538 1403 1595 1433 ille
1619 1402 1742 1434 Galliae

1040 1453 1102 1490 sol,
1128 1452 1261 1484 scabiem
1291 1457 1322 1484 et
1348 1453 1542 1493 pruriginem
1571 1453 1743 1493 probavit.

1040 1502 1049 1518 ‘
1065 1503 1128 1533 Est
1152 1502 1266 1542 enim‚'
1292 1503 1340 1534 ait
1364 1513 1407 1534 ex
1435 1503 1566 1535 Is'1doro
1592 1503 1742 1544 Etymol.

1040 1562 1090 1585 1v.
1103 1556 1134 1584 8.
1148 1554 1157 1570 ‘
1170 1554 1306 1594 prurigo
1324 1558 1447 1585 vocata
1463 1564 1482 1585 a
1496 1554 1690 1595 perurendo
1707 1558 1744 1586 et

1042 1604 1218 1644 ardeud⁰‚'
1240 1604 1487 1645 legendumque
1503 1609 1623 1636 censet
1639 1604 1743 1636 etiam

1042 1665 1096 1695 ap.
1113 1655 1193 1687 Juv.
1216 1654 1225 1671 ‘
1243 1655 1350 1686 Unius
1366 1654 1479 1685 scabie
1495 1654 1587 1686 cadit
1607 1658 1644 1686 et
1663 1664 1743 1696 pru-

1041 1706 1148 1746 rigine
1165 1706 1292 1747 porci:’
1316 1716 1392 1737 nam
1413 1707 1553 1746 porrigo,
1568 1715 1669 1747 quam
1686 1715 1744 1737 vo-

1043 1766 1118 1788 cem
1149 1758 1252 1788 etiam
1281 1757 1314 1788 h.
1340 1757 1363 1789 l.
1395 1757 1531 1798 quidam
1562 1761 1745 1797 reponunt,

1042 1808 1166 1849 capitis
1183 1808 1318 1840 videtur
1340 1808 1477 1839 morbus
1502 1817 1590 1848 esse,
1607 1807 1746 1840 furfuri-

1042 1859 1103 1890 bus
1129 1863 1164 1890 et
1189 1858 1300 1890 farina
1323 1858 1468 1900 quadam
1489 1858 1601 1890 obsiti.
1647 1859 1746 1891 Sere-

1042 1919 1104 1941 nus
1120 1912 1152 1940 3.
1176 1911 1184 1927 ‘
1203 1909 1288 1940 Cum
1311 1913 1417 1949 caput
1437 1909 1601 1940 immensa
1616 1919 1744 1950 pexum

1041 1959 1211 2001 porrigine
1227 1958 1358 2000 ningit!
1403 1959 1449 1990 Et
1464 1958 1574 1990 Lucil.
1592 1969 1648 2000 ap.
1673 1960 1746 1991 No-

1040 2010 1131 2041 nium
1147 2020 1154 2041 :
1170 2010 1179 2027 ‘
1193 2010 1341 2040 Tristem
1356 2012 1392 2040 et
1408 2013 1605 2049 corruptum
1619 2009 1747 2050 scabie,

1042 2064 1078 2091 et
1094 2059 1272 2101 porriginis
1294 2059 1454 2100 plenum!
1479 2060 1615 2092 Medius.
1652 2060 1746 2092 Pliu.

1043 2120 1149 2143 xxm.
1166 2115 1196 2143 2.
1222 2121 1265 2143 ex
1285 2111 1440 2142 Varrone
1463 2114 1594 2151 narrat,
1618 2110 1746 2143 Titium

1043 2161 1224 2203 quendam,
1252 2164 1404 2201 praetura
1430 2159 1598 2200 functum,
1634 2161 1747 2192 ‘mar-

1043 2213 1151 2244 morei
1166 2213 1254 2253 signi
1276 2211 1397 2243 faciem
1418 2211 1578 2243 habuisse
1601 2217 1746 2253 propter

1043 2263 1270 2304 vitiliginem.’
1313 2263 1382 2303 Ap.
1404 2263 1566 2294 Photium
1582 2262 1745 2294 Bibliotb.

1044 2317 1120 2346 279.
1145 2318 1292 2355 nugatur
1307 2313 1498 2353 Helladius,
1515 2314 1648 2344 Mosem
1663 2313 1673 2330 ‘
1688 2312 1748 2344 Al-

1045 2363 1133 2404 plia'
1163 2364 1291 2403 vocari,
1317 2363 1407 2404 quod
1436 2372 1559 2403 corpus
1588 2362 1747 2394 habuerit

1045 2413 1167 2453 ἆλφοῖς,
1181 2413 1203 2444 i.
1220 2423 1250 2444 e.
1275 2412 1444 2452 vitiligine
1467 2412 1686 2443 distinctum:
1712 2415 1749 2443 et

1047 2464 1089 2495 ad
1104 2463 1318 2494 mendacium
1341 2462 1518 2493 Philonem
1543 2467 1666 2493 testem
1688 2461 1747 2493 ad-

1045 2514 1152 2545 hibet.
1196 2514 1358 2544 Ceterum
1379 2511 1464 2543 Adr.
1484 2511 1661 2542 Turnebus
1677 2512 1749 2544 Ad-

1046 2574 1136 2596 verS.
1161 2573 1239 2595 xrv.
1268 2565 1320 2594 17.
1357 2561 1504 2593 adstruit
1531 2563 1746 2603 vulgatarum

1047 2615 1127 2647 edd.
1159 2615 1375 2655 scripturam,
1400 2613 1607 2653 pruriginem,
1645 2623 1746 2655 quem

1046 2667 1115 2699 vid.
1140 2667 1278 2698 Modius
1293 2666 1327 2697 in
1341 2665 1565 2697 Fuldensibus
1577 2675 1649 2697 esse
1661 2666 1747 2698 dicit

1044 2718 1205 2758 uliginem.
1250 2717 1316 2748 Sed
1331 2716 1421 2747 haud
1444 2715 1545 2747 dubie
1567 2717 1749 2758 Bongarsii

1047 2767 1216 2800 correctio
1231 2767 1420 2806 vitiliginem
1442 2770 1493 2797 est
1517 2765 1627 2797 bona:
1651 2771 1747 2798 certe

1049 2818 1160 2860 Lipsio
1173 2818 1256 2850 Not.
1271 2820 1304 2849 4.
1320 2816 1363 2848 ad
1379 2826 1412 2849 V.
1429 2816 1476 2848 H.
1488 2817 1570 2849 Tac.
1587 2817 1746 2858 probata.

1047 2869 1146 2901 Bern.

1094 2920 1173 2952 Cum
1191 2917 1322 2951 scabiem
1344 2920 1374 2950 et
1398 2917 1585 2958 vitiliginem
1602 2922 1748 2960 pateren-
