<?xml version="1.0" encoding="UTF-8"?>
<!DOCTYPE html PUBLIC "-//W3C//DTD XHTML 1.0 Transitional//EN"
    "http://www.w3.org/TR/xhtml1/DTD/xhtml1-transitional.dtd">
<html xmlns="http://www.w3.org/1999/xhtml" xml:lang="en" lang="en">
 <head>
  <title>
</title>
<meta http-equiv="Content-Type" content="text/html;charset=utf-8" />
  <meta name='ocr-system' content='tesseract 3.04.00' />
  <meta name='ocr-capabilities' content='ocr_page ocr_carea ocr_par ocr_line ocrx_word'/>
</head>
<body>
  <div class='ocr_page' id='page_1' title='image "./historiaephilipp02just/historiaephilipp02just_0232.png"; bbox 0 0 2174 3424; ppageno 0'>
   <div class='ocr_carea' id='block_1_1' title="bbox 541 357 626 399">
    <p class='ocr_par' dir='ltr' id='par_1_1' title="bbox 541 357 626 399">
     <span class='ocr_line' id='line_1_1' title="bbox 541 357 626 399; baseline 0 -1"><span class='ocrx_word' id='word_1_1' title='bbox 541 357 626 399; x_wconf 78' lang='lat'>834</span> 
     </span>
    </p>
   </div>
   <div class='ocr_carea' id='block_1_2' title="bbox 510 462 1233 2965">
    <p class='ocr_par' dir='ltr' id='par_1_2' title="bbox 535 462 1233 746">
     <span class='ocr_line' id='line_1_2' title="bbox 540 462 1232 506; baseline 0.006 -12"><span class='ocrx_word' id='word_1_2' title='bbox 540 463 616 502; x_wconf 86' lang='lat' dir='ltr'>tur,&#39;</span> <span class='ocrx_word' id='word_1_3' title='bbox 631 462 662 494; x_wconf 86' lang='lat' dir='ltr'>h.</span> <span class='ocrx_word' id='word_1_4' title='bbox 679 472 707 494; x_wconf 90' lang='lat' dir='ltr'>e.</span> <span class='ocrx_word' id='word_1_5' title='bbox 732 466 884 494; x_wconf 84' lang='lat' dir='ltr'>extrema</span> <span class='ocrx_word' id='word_1_6' title='bbox 907 464 1013 504; x_wconf 86' lang='lat' dir='ltr'>patris</span> <span class='ocrx_word' id='word_1_7' title='bbox 1029 466 1193 506; x_wconf 88' lang='lat' dir='ltr'>voluntas,</span> <span class='ocrx_word' id='word_1_8' title='bbox 1208 477 1232 499; x_wconf 83' lang='lat' dir='ltr'>s.</span> 
     </span>
     <span class='ocr_line' id='line_1_3' title="bbox 539 512 1233 555; baseline 0.007 -13"><span class='ocrx_word' id='word_1_9' title='bbox 539 512 665 543; x_wconf 86' lang='lat' dir='ltr'>tabulis</span> <span class='ocrx_word' id='word_1_10' title='bbox 681 514 831 553; x_wconf 80' lang='lat' dir='ltr'>scriptiS,</span> <span class='ocrx_word' id='word_1_11' title='bbox 847 523 874 544; x_wconf 84' lang='lat' dir='ltr'>S.</span> <span class='ocrx_word' id='word_1_12' title='bbox 889 524 985 554; x_wconf 89' lang='lat' dir='ltr'>voce,</span> <span class='ocrx_word' id='word_1_13' title='bbox 998 525 1022 545; x_wconf 86' lang='lat' dir='ltr'>s.</span> <span class='ocrx_word' id='word_1_14' title='bbox 1035 515 1130 555; x_wconf 85' lang='lat' dir='ltr'>signo</span> <span class='ocrx_word' id='word_1_15' title='bbox 1143 516 1233 547; x_wconf 86' lang='lat' dir='ltr'>data.</span> 
     </span>
     <span class='ocr_line' id='line_1_4' title="bbox 539 563 1230 603; baseline 0.007 -11"><span class='ocrx_word' id='word_1_16' title='bbox 539 563 641 593; x_wconf 89' lang='lat' dir='ltr'>Hunc</span> <span class='ocrx_word' id='word_1_17' title='bbox 658 563 762 603; x_wconf 87' lang='lat' dir='ltr'>l.jam</span> <span class='ocrx_word' id='word_1_18' title='bbox 785 563 910 594; x_wconf 89' lang='lat' dir='ltr'>dudum</span> <span class='ocrx_word' id='word_1_19' title='bbox 931 566 1048 596; x_wconf 85' lang='lat' dir='ltr'>attulit</span> <span class='ocrx_word' id='word_1_20' title='bbox 1066 567 1230 598; x_wconf 81' lang='lat' dir='ltr'>Bernecc.</span> 
     </span>
     <span class='ocr_line' id='line_1_5' title="bbox 537 614 1232 654; baseline 0.006 -11"><span class='ocrx_word' id='word_1_21' title='bbox 537 618 573 643; x_wconf 87' lang='lat' dir='ltr'>et</span> <span class='ocrx_word' id='word_1_22' title='bbox 601 614 667 644; x_wconf 87' lang='lat' dir='ltr'>alia</span> <span class='ocrx_word' id='word_1_23' title='bbox 696 614 737 644; x_wconf 87' lang='lat' dir='ltr'>ad</span> <span class='ocrx_word' id='word_1_24' title='bbox 772 624 846 644; x_wconf 90' lang='lat' dir='ltr'>eum</span> <span class='ocrx_word' id='word_1_25' title='bbox 885 615 1024 654; x_wconf 56' lang='lat' dir='ltr'>notavit,</span> <span class='ocrx_word' id='word_1_26' title='bbox 1064 620 1100 646; x_wconf 90' lang='lat' dir='ltr'>ut</span> <span class='ocrx_word' id='word_1_27' title='bbox 1130 616 1232 647; x_wconf 88' lang='lat' dir='ltr'>mirer</span> 
     </span>
     <span class='ocr_line' id='line_1_6' title="bbox 535 664 1231 705; baseline 0.007 -12"><span class='ocrx_word' id='word_1_28' title='bbox 535 667 656 704; x_wconf 85' lang='lat' dir='ltr'>postea</span> <span class='ocrx_word' id='word_1_29' title='bbox 672 674 803 705; x_wconf 82' lang='lat' dir='ltr'>quoque</span> <span class='ocrx_word' id='word_1_30' title='bbox 819 665 917 695; x_wconf 87' lang='lat' dir='ltr'>Viros</span> <span class='ocrx_word' id='word_1_31' title='bbox 931 664 1049 697; x_wconf 87' lang='lat' dir='ltr'>doctos</span> <span class='ocrx_word' id='word_1_32' title='bbox 1065 665 1119 698; x_wconf 88' lang='lat' dir='ltr'>hic</span> <span class='ocrx_word' id='word_1_33' title='bbox 1134 666 1231 698; x_wconf 80' lang='lat' dir='ltr'>haesi-</span> 
     </span>
     <span class='ocr_line' id='line_1_7' title="bbox 536 714 770 746; baseline 0 -1"><span class='ocrx_word' id='word_1_34' title='bbox 536 719 638 745; x_wconf 86' lang='lat' dir='ltr'>tasse.</span> <span class='ocrx_word' id='word_1_35' title='bbox 664 714 770 746; x_wconf 82' lang='lat' dir='ltr'>Grcev.</span> 
     </span>
    </p>

    <p class='ocr_par' dir='ltr' id='par_1_3' title="bbox 533 765 1230 905">
     <span class='ocr_line' id='line_1_8' title="bbox 578 765 1230 808; baseline 0.003 -12"><span class='ocrx_word' id='word_1_36' title='bbox 578 765 753 797; x_wconf 61' lang='lat' dir='ltr'>CARXVI.</span> <span class='ocrx_word' id='word_1_37' title='bbox 776 767 819 806; x_wconf 74' lang='lat'>§1</span> <span class='ocrx_word' id='word_1_38' title='bbox 845 765 954 797; x_wconf 82' lang='lat' dir='ltr'>Annos</span> <span class='ocrx_word' id='word_1_39' title='bbox 965 770 1028 797; x_wconf 85' lang='lat' dir='ltr'>tres</span> <span class='ocrx_word' id='word_1_40' title='bbox 1038 769 1068 798; x_wconf 78' lang='lat' dir='ltr'>et</span> <span class='ocrx_word' id='word_1_41' title='bbox 1080 767 1230 808; x_wconf 76' lang='lat' dir='ltr'>triginta]</span> 
     </span>
     <span class='ocr_line' id='line_1_9' title="bbox 535 815 1227 849; baseline 0.006 -4"><span class='ocrx_word' id='word_1_42' title='bbox 535 815 608 846; x_wconf 87' lang='lat' dir='ltr'>Cic.</span> <span class='ocrx_word' id='word_1_43' title='bbox 635 816 725 846; x_wconf 86' lang='lat' dir='ltr'><strong>Phil.</strong></span> <span class='ocrx_word' id='word_1_44' title='bbox 753 825 786 847; x_wconf 94' lang='lat' dir='ltr'>v.</span> <span class='ocrx_word' id='word_1_45' title='bbox 812 819 862 847; x_wconf 87' lang='grc'>17.</span> <span class='ocrx_word' id='word_1_46' title='bbox 901 816 1017 847; x_wconf 86' lang='lat' dir='ltr'>Ceteri</span> <span class='ocrx_word' id='word_1_47' title='bbox 1044 827 1147 848; x_wconf 88' lang='lat' dir='ltr'>annos</span> <span class='ocrx_word' id='word_1_48' title='bbox 1175 821 1227 849; x_wconf 81' lang='lat'>32.</span> 
     </span>
     <span class='ocr_line' id='line_1_10' title="bbox 533 866 841 905; baseline 0.006 -10"><span class='ocrx_word' id='word_1_49' title='bbox 533 875 665 896; x_wconf 86' lang='lat' dir='ltr'>menses</span> <span class='ocrx_word' id='word_1_50' title='bbox 682 868 712 896; x_wconf 84' lang='grc'><strong>8.</strong></span> <span class='ocrx_word' id='word_1_51' title='bbox 736 866 841 905; x_wconf 77' lang='lat' dir='ltr'>Bong.</span> 
     </span>
    </p>

    <p class='ocr_par' dir='ltr' id='par_1_4' title="bbox 522 916 1229 1810">
     <span class='ocr_line' id='line_1_11' title="bbox 579 916 1228 955; baseline 0.003 -10"><span class='ocrx_word' id='word_1_52' title='bbox 579 916 715 946; x_wconf 82' lang='lat' dir='ltr'><em>Mensem</em></span> <span class='ocrx_word' id='word_1_53' title='bbox 729 926 833 955; x_wconf 84' lang='lat' dir='ltr'>unum,</span> <span class='ocrx_word' id='word_1_54' title='bbox 848 926 942 946; x_wconf 79' lang='lat' dir='ltr'>annos</span> <span class='ocrx_word' id='word_1_55' title='bbox 957 919 1019 947; x_wconf 82' lang='lat' dir='ltr'>tres</span> <span class='ocrx_word' id='word_1_56' title='bbox 1041 919 1071 947; x_wconf 83' lang='lat' dir='ltr'>et</span> <span class='ocrx_word' id='word_1_57' title='bbox 1093 916 1228 955; x_wconf 81' lang='lat' dir='ltr'>triginta</span> 
     </span>
     <span class='ocr_line' id='line_1_12' title="bbox 530 965 1229 1006; baseline 0.003 -11"><span class='ocrx_word' id='word_1_58' title='bbox 530 965 635 1004; x_wconf 83' lang='lat' dir='ltr'>natus]</span> <span class='ocrx_word' id='word_1_59' title='bbox 666 966 804 996; x_wconf 77' lang='lat' dir='ltr'>Rectius</span> <span class='ocrx_word' id='word_1_60' title='bbox 828 967 1017 1006; x_wconf 75' lang='lat' dir='ltr'>scripsisset</span> <span class='ocrx_word' id='word_1_61' title='bbox 1040 976 1133 997; x_wconf 80' lang='lat' dir='ltr'>annos</span> <span class='ocrx_word' id='word_1_62' title='bbox 1154 968 1229 997; x_wconf 83' lang='lat' dir='ltr'>duos</span> 
     </span>
     <span class='ocr_line' id='line_1_13' title="bbox 530 1015 1226 1054; baseline 0.001 -8"><span class='ocrx_word' id='word_1_63' title='bbox 530 1019 562 1046; x_wconf 81' lang='lat' dir='ltr'>et</span> <span class='ocrx_word' id='word_1_64' title='bbox 588 1015 735 1054; x_wconf 75' lang='lat' dir='ltr'>triginta,</span> <span class='ocrx_word' id='word_1_65' title='bbox 762 1016 810 1046; x_wconf 83' lang='lat' dir='ltr'>uti</span> <span class='ocrx_word' id='word_1_66' title='bbox 840 1016 1020 1047; x_wconf 79' lang='lat' dir='ltr'>Blancard.</span> <span class='ocrx_word' id='word_1_67' title='bbox 1059 1017 1160 1047; x_wconf 82' lang='lat' dir='ltr'>Notis</span> <span class='ocrx_word' id='word_1_68' title='bbox 1192 1017 1226 1047; x_wconf 91' lang='lat' dir='ltr'>in</span> 
     </span>
     <span class='ocr_line' id='line_1_14' title="bbox 529 1065 1225 1106; baseline 0.003 -11"><span class='ocrx_word' id='word_1_69' title='bbox 529 1066 588 1096; x_wconf 89' lang='lat' dir='ltr'>lib.</span> <span class='ocrx_word' id='word_1_70' title='bbox 612 1075 675 1098; x_wconf 84' lang='lat' dir='ltr'>vn.</span> <span class='ocrx_word' id='word_1_71' title='bbox 708 1065 845 1096; x_wconf 89' lang='lat' dir='ltr'>Arriani</span> <span class='ocrx_word' id='word_1_72' title='bbox 866 1067 1088 1097; x_wconf 82' lang='lat' dir='ltr'>demonstrat.</span> <span class='ocrx_word' id='word_1_73' title='bbox 1145 1066 1225 1106; x_wconf 90' lang='lat' dir='ltr'>Ipse</span> 
     </span>
     <span class='ocr_line' id='line_1_15' title="bbox 531 1116 1227 1149; baseline 0.001 -2"><span class='ocrx_word' id='word_1_74' title='bbox 531 1116 667 1148; x_wconf 88' lang='lat' dir='ltr'>Arrian.</span> <span class='ocrx_word' id='word_1_75' title='bbox 696 1118 815 1149; x_wconf 81' lang='lat' dir='ltr'>scribit</span> <span class='ocrx_word' id='word_1_76' title='bbox 846 1119 968 1149; x_wconf 80' lang='lat' dir='ltr'>vixisse</span> <span class='ocrx_word' id='word_1_77' title='bbox 995 1118 1227 1149; x_wconf 83' lang='lat' dir='ltr'><strong>Alexandrum</strong></span> 
     </span>
     <span class='ocr_line' id='line_1_16' title="bbox 530 1168 1226 1200; baseline 0.001 -2"><span class='ocrx_word' id='word_1_78' title='bbox 530 1177 634 1198; x_wconf 87' lang='lat' dir='ltr'>annos</span> <span class='ocrx_word' id='word_1_79' title='bbox 663 1171 717 1199; x_wconf 84' lang='lat'>32.</span> <span class='ocrx_word' id='word_1_80' title='bbox 749 1178 881 1199; x_wconf 88' lang='lat' dir='ltr'>meuses</span> <span class='ocrx_word' id='word_1_81' title='bbox 908 1172 939 1199; x_wconf 87' lang='lat'>8.</span> <span class='ocrx_word' id='word_1_82' title='bbox 979 1174 1017 1199; x_wconf 90' lang='lat' dir='ltr'>ut</span> <span class='ocrx_word' id='word_1_83' title='bbox 1040 1173 1160 1200; x_wconf 83' lang='lat' dir='ltr'>auctor</span> <span class='ocrx_word' id='word_1_84' title='bbox 1186 1168 1226 1200; x_wconf 89' lang='lat' dir='ltr'>fit</span> 
     </span>
     <span class='ocr_line' id='line_1_17' title="bbox 530 1217 1225 1250; baseline 0.003 -3"><span class='ocrx_word' id='word_1_85' title='bbox 530 1217 760 1249; x_wconf 86' lang='lat' dir='ltr'>Aristobulus.</span> <span class='ocrx_word' id='word_1_86' title='bbox 806 1219 877 1250; x_wconf 88' lang='lat' dir='ltr'>Cic.</span> <span class='ocrx_word' id='word_1_87' title='bbox 907 1219 995 1250; x_wconf 83' lang='lat' dir='ltr'>Phil.</span> <span class='ocrx_word' id='word_1_88' title='bbox 1026 1229 1059 1250; x_wconf 91' lang='lat' dir='ltr'>v.</span> <span class='ocrx_word' id='word_1_89' title='bbox 1095 1219 1225 1250; x_wconf 87' lang='lat' dir='ltr'>‘tertio</span> 
     </span>
     <span class='ocr_line' id='line_1_18' title="bbox 529 1268 1223 1308; baseline 0.003 -10"><span class='ocrx_word' id='word_1_90' title='bbox 529 1272 564 1298; x_wconf 89' lang='lat' dir='ltr'>et</span> <span class='ocrx_word' id='word_1_91' title='bbox 590 1268 763 1308; x_wconf 75' lang='lat' dir='ltr'>trigesimo</span> <span class='ocrx_word' id='word_1_92' title='bbox 795 1279 880 1299; x_wconf 88' lang='lat' dir='ltr'>anno</span> <span class='ocrx_word' id='word_1_93' title='bbox 908 1274 1049 1299; x_wconf 84' lang='lat' dir='ltr'>mortem</span> <span class='ocrx_word' id='word_1_94' title='bbox 1080 1269 1223 1300; x_wconf 88' lang='lat' dir='ltr'>obiisse&#39;</span> 
     </span>
     <span class='ocr_line' id='line_1_19' title="bbox 529 1318 1225 1350; baseline 0.003 -3"><span class='ocrx_word' id='word_1_95' title='bbox 529 1318 588 1349; x_wconf 85' lang='lat' dir='ltr'>ait.</span> <span class='ocrx_word' id='word_1_96' title='bbox 618 1319 720 1349; x_wconf 77' lang='lat' dir='ltr'>Vorst.</span> <span class='ocrx_word' id='word_1_97' title='bbox 766 1320 844 1350; x_wconf 81' lang='lat' dir='ltr'>Non</span> <span class='ocrx_word' id='word_1_98' title='bbox 869 1323 978 1349; x_wconf 78' lang='lat' dir='ltr'>totum</span> <span class='ocrx_word' id='word_1_99' title='bbox 1002 1319 1074 1349; x_wconf 89' lang='lat' dir='ltr'>illos</span> <span class='ocrx_word' id='word_1_100' title='bbox 1100 1324 1167 1349; x_wconf 89' lang='lat' dir='ltr'>tres</span> <span class='ocrx_word' id='word_1_101' title='bbox 1190 1323 1225 1349; x_wconf 91' lang='lat' dir='ltr'>et</span> 
     </span>
     <span class='ocr_line' id='line_1_20' title="bbox 528 1368 1224 1408; baseline 0.001 -10"><span class='ocrx_word' id='word_1_102' title='bbox 528 1368 667 1407; x_wconf 74' lang='lat' dir='ltr'>triginta</span> <span class='ocrx_word' id='word_1_103' title='bbox 697 1369 886 1408; x_wconf 81' lang='lat' dir='ltr'>explevisse</span> <span class='ocrx_word' id='word_1_104' title='bbox 917 1379 1032 1407; x_wconf 82' lang='lat' dir='ltr'>annos,</span> <span class='ocrx_word' id='word_1_105' title='bbox 1066 1373 1224 1399; x_wconf 82' lang='lat' dir='ltr'>constans</span> 
     </span>
     <span class='ocr_line' id='line_1_21' title="bbox 527 1419 1226 1460; baseline 0.003 -12"><span class='ocrx_word' id='word_1_106' title='bbox 527 1419 673 1449; x_wconf 79' lang='lat' dir='ltr'>omnium</span> <span class='ocrx_word' id='word_1_107' title='bbox 691 1424 742 1450; x_wconf 86' lang='lat' dir='ltr'>est</span> <span class='ocrx_word' id='word_1_108' title='bbox 758 1419 937 1450; x_wconf 83' lang='lat' dir='ltr'>sententia.</span> <span class='ocrx_word' id='word_1_109' title='bbox 982 1420 1022 1450; x_wconf 93' lang='lat' dir='ltr'>Iu</span> <span class='ocrx_word' id='word_1_110' title='bbox 1044 1420 1124 1450; x_wconf 69' lang='lat' dir='ltr'>Mss.</span> <span class='ocrx_word' id='word_1_111' title='bbox 1143 1420 1226 1460; x_wconf 87' lang='lat' dir='ltr'>legi-</span> 
     </span>
     <span class='ocr_line' id='line_1_22' title="bbox 528 1468 1223 1507; baseline 0.001 -9"><span class='ocrx_word' id='word_1_112' title='bbox 528 1472 583 1498; x_wconf 88' lang='lat' dir='ltr'>tur</span> <span class='ocrx_word' id='word_1_113' title='bbox 600 1477 664 1497; x_wconf 88' lang='lat' dir='ltr'>non</span> <span class='ocrx_word' id='word_1_114' title='bbox 680 1478 811 1499; x_wconf 74' lang='lat' dir='ltr'>mensem</span> <span class='ocrx_word' id='word_1_115' title='bbox 826 1478 930 1507; x_wconf 75' lang='lat' dir='ltr'>unum,</span> <span class='ocrx_word' id='word_1_116' title='bbox 954 1468 1013 1498; x_wconf 85' lang='lat' dir='ltr'>sed</span> <span class='ocrx_word' id='word_1_117' title='bbox 1037 1479 1138 1499; x_wconf 83' lang='lat' dir='ltr'>mense</span> <span class='ocrx_word' id='word_1_118' title='bbox 1153 1479 1223 1500; x_wconf 80' lang='lat' dir='ltr'>uno.</span> 
     </span>
     <span class='ocr_line' id='line_1_23' title="bbox 528 1517 1226 1559; baseline 0.001 -11"><span class='ocrx_word' id='word_1_119' title='bbox 528 1517 707 1557; x_wconf 73' lang='lat' dir='ltr'>Cogitanti.</span> <span class='ocrx_word' id='word_1_120' title='bbox 737 1517 842 1556; x_wconf 78' lang='lat' dir='ltr'>igitur</span> <span class='ocrx_word' id='word_1_121' title='bbox 876 1527 918 1548; x_wconf 85' lang='lat' dir='ltr'>an</span> <span class='ocrx_word' id='word_1_122' title='bbox 952 1527 1018 1548; x_wconf 89' lang='lat' dir='ltr'>non</span> <span class='ocrx_word' id='word_1_123' title='bbox 1048 1519 1226 1559; x_wconf 79' lang='lat' dir='ltr'>scripserit</span> 
     </span>
     <span class='ocr_line' id='line_1_24' title="bbox 523 1567 1224 1600; baseline -0.001 -1"><span class='ocrx_word' id='word_1_124' title='bbox 523 1567 612 1599; x_wconf 78' lang='lat' dir='ltr'>Just.</span> <span class='ocrx_word' id='word_1_125' title='bbox 636 1567 714 1598; x_wconf 81' lang='lat' dir='ltr'>Dec.</span> <span class='ocrx_word' id='word_1_126' title='bbox 731 1567 785 1598; x_wconf 82' lang='lat' dir='ltr'>Al.</span> <span class='ocrx_word' id='word_1_127' title='bbox 802 1569 902 1599; x_wconf 78' lang='lat' dir='ltr'>demto</span> <span class='ocrx_word' id='word_1_128' title='bbox 925 1578 1025 1599; x_wconf 84' lang='lat' dir='ltr'>mense</span> <span class='ocrx_word' id='word_1_129' title='bbox 1047 1578 1106 1599; x_wconf 82' lang='lat' dir='ltr'>uno</span> <span class='ocrx_word' id='word_1_130' title='bbox 1121 1579 1224 1600; x_wconf 84' lang='lat' dir='ltr'>annos.</span> 
     </span>
     <span class='ocr_line' id='line_1_25' title="bbox 525 1618 1223 1659; baseline 0.004 -11"><span class='ocrx_word' id='word_1_131' title='bbox 525 1618 568 1648; x_wconf 76' lang='lat' dir='ltr'>Et</span> <span class='ocrx_word' id='word_1_132' title='bbox 584 1628 662 1648; x_wconf 86' lang='lat' dir='ltr'>saue</span> <span class='ocrx_word' id='word_1_133' title='bbox 686 1627 747 1658; x_wconf 87' lang='lat' dir='ltr'>per</span> <span class='ocrx_word' id='word_1_134' title='bbox 768 1618 930 1659; x_wconf 84' lang='lat' dir='ltr'>syllabam</span> <span class='ocrx_word' id='word_1_135' title='bbox 953 1620 1008 1650; x_wconf 74' lang='lat' dir='ltr'>der</span> <span class='ocrx_word' id='word_1_136' title='bbox 1034 1619 1067 1649; x_wconf 91' lang='lat' dir='ltr'>in</span> <span class='ocrx_word' id='word_1_137' title='bbox 1095 1624 1102 1636; x_wconf 90' lang='lat'>‘</span> <span class='ocrx_word' id='word_1_138' title='bbox 1119 1619 1223 1651; x_wconf 86' lang='lat' dir='ltr'>Alex-</span> 
     </span>
     <span class='ocr_line' id='line_1_26' title="bbox 523 1669 1223 1711; baseline 0.001 -10"><span class='ocrx_word' id='word_1_139' title='bbox 523 1669 626 1701; x_wconf 80' lang='lat' dir='ltr'><strong>ander</strong></span> <span class='ocrx_word' id='word_1_140' title='bbox 638 1670 645 1683; x_wconf 86' lang='lat'>&#39;</span> <span class='ocrx_word' id='word_1_141' title='bbox 661 1670 762 1701; x_wconf 87' lang='lat' dir='ltr'>facile</span> <span class='ocrx_word' id='word_1_142' title='bbox 777 1670 873 1710; x_wconf 87' lang='lat' dir='ltr'>perdi</span> <span class='ocrx_word' id='word_1_143' title='bbox 888 1671 1000 1711; x_wconf 82' lang='lat' dir='ltr'>potuit</span> <span class='ocrx_word' id='word_1_144' title='bbox 1015 1670 1142 1710; x_wconf 83' lang='lat' dir='ltr'>syllaba</span> <span class='ocrx_word' id='word_1_145' title='bbox 1155 1672 1223 1702; x_wconf 81' lang='lat' dir='ltr'>dem</span> 
     </span>
     <span class='ocr_line' id='line_1_27' title="bbox 526 1721 1222 1761; baseline 0.003 -11"><span class='ocrx_word' id='word_1_146' title='bbox 526 1721 559 1750; x_wconf 88' lang='lat' dir='ltr'>iu</span> <span class='ocrx_word' id='word_1_147' title='bbox 575 1721 688 1759; x_wconf 78' lang='lat' dir='ltr'>demto,</span> <span class='ocrx_word' id='word_1_148' title='bbox 705 1726 779 1761; x_wconf 87' lang='lat' dir='ltr'>post</span> <span class='ocrx_word' id='word_1_149' title='bbox 797 1721 877 1751; x_wconf 89' lang='lat' dir='ltr'>illud</span> <span class='ocrx_word' id='word_1_150' title='bbox 901 1724 931 1751; x_wconf 79' lang='lat' dir='ltr'>to</span> <span class='ocrx_word' id='word_1_151' title='bbox 956 1725 993 1751; x_wconf 89' lang='lat' dir='ltr'>ut</span> <span class='ocrx_word' id='word_1_152' title='bbox 1009 1721 1131 1752; x_wconf 87' lang='lat' dir='ltr'>nullius</span> <span class='ocrx_word' id='word_1_153' title='bbox 1147 1731 1222 1752; x_wconf 87' lang='lat' dir='ltr'>sen-</span> 
     </span>
     <span class='ocr_line' id='line_1_28' title="bbox 522 1770 1018 1810; baseline 0.002 -10"><span class='ocrx_word' id='word_1_154' title='bbox 522 1780 576 1801; x_wconf 89' lang='lat' dir='ltr'>sus</span> <span class='ocrx_word' id='word_1_155' title='bbox 593 1780 630 1801; x_wconf 84' lang='lat' dir='ltr'>ac</span> <span class='ocrx_word' id='word_1_156' title='bbox 648 1772 753 1810; x_wconf 89' lang='lat' dir='ltr'>precii</span> <span class='ocrx_word' id='word_1_157' title='bbox 770 1771 888 1802; x_wconf 86' lang='lat' dir='ltr'>deleri.</span> <span class='ocrx_word' id='word_1_158' title='bbox 912 1770 1018 1808; x_wconf 69' lang='lat' dir='ltr'>Sclnf.</span> 
     </span>
    </p>

    <p class='ocr_par' dir='ltr' id='par_1_5' title="bbox 518 1820 1224 2010">
     <span class='ocr_line' id='line_1_29' title="bbox 567 1820 1222 1862; baseline -0.002 -10"><span class='ocrx_word' id='word_1_159' title='bbox 567 1822 584 1862; x_wconf 54' lang='grc' dir='ltr'><strong>ξ</strong></span> <span class='ocrx_word' id='word_1_160' title='bbox 602 1824 620 1852; x_wconf 82' lang='lat'><strong>2</strong></span> <span class='ocrx_word' id='word_1_161' title='bbox 640 1822 718 1852; x_wconf 82' lang='lat' dir='ltr'>Cum</span> <span class='ocrx_word' id='word_1_162' title='bbox 732 1820 1015 1860; x_wconf 79' lang='lat' dir='ltr'>ingentiserpenle]</span> <span class='ocrx_word' id='word_1_163' title='bbox 1033 1821 1108 1853; x_wconf 82' lang='lat' dir='ltr'>Qua</span> <span class='ocrx_word' id='word_1_164' title='bbox 1120 1830 1222 1851; x_wconf 86' lang='lat' dir='ltr'>causa</span> 
     </span>
     <span class='ocr_line' id='line_1_30' title="bbox 520 1870 1224 1912; baseline -0.001 -11"><span class='ocrx_word' id='word_1_165' title='bbox 520 1870 635 1902; x_wconf 85' lang='lat' dir='ltr'>Sidon.</span> <span class='ocrx_word' id='word_1_166' title='bbox 666 1871 853 1912; x_wconf 86' lang='lat' dir='ltr'>Apollinar.</span> <span class='ocrx_word' id='word_1_167' title='bbox 879 1872 917 1902; x_wconf 89' lang='lat' dir='ltr'>C.</span> <span class='ocrx_word' id='word_1_168' title='bbox 935 1880 974 1902; x_wconf 87' lang='lat'>11.</span> <span class='ocrx_word' id='word_1_169' title='bbox 998 1874 1050 1901; x_wconf 89' lang='grc'>80.</span> <span class='ocrx_word' id='word_1_170' title='bbox 1075 1870 1224 1901; x_wconf 84' lang='lat' dir='ltr'>Alexan-</span> 
     </span>
     <span class='ocr_line' id='line_1_31' title="bbox 523 1919 1219 1961; baseline 0 -11"><span class='ocrx_word' id='word_1_171' title='bbox 523 1921 618 1951; x_wconf 76' lang='lat' dir='ltr'>urum</span> <span class='ocrx_word' id='word_1_172' title='bbox 631 1921 640 1937; x_wconf 89' lang='lat'>‘</span> <span class='ocrx_word' id='word_1_173' title='bbox 652 1920 912 1960; x_wconf 81' lang='lat' dir='ltr'>draconigenam</span> <span class='ocrx_word' id='word_1_174' title='bbox 923 1919 930 1932; x_wconf 91' lang='lat'>’</span> <span class='ocrx_word' id='word_1_175' title='bbox 942 1920 1105 1961; x_wconf 84' lang='lat' dir='ltr'>appellat.</span> <span class='ocrx_word' id='word_1_176' title='bbox 1128 1919 1219 1951; x_wconf 81' lang='lat' dir='ltr'>Add.</span> 
     </span>
     <span class='ocr_line' id='line_1_32' title="bbox 518 1971 899 2010; baseline 0 -10"><span class='ocrx_word' id='word_1_177' title='bbox 518 1980 594 2010; x_wconf 81' lang='lat' dir='ltr'>sup.</span> <span class='ocrx_word' id='word_1_178' title='bbox 613 1979 665 2000; x_wconf 83' lang='lat' dir='ltr'>xl.</span> <span class='ocrx_word' id='word_1_179' title='bbox 683 1973 732 2001; x_wconf 92' lang='lat' dir='ltr'>ll.</span> <span class='ocrx_word' id='word_1_180' title='bbox 749 1973 780 2001; x_wconf 88' lang='grc'>3.</span> <span class='ocrx_word' id='word_1_181' title='bbox 803 1971 899 2001; x_wconf 84' lang='lat' dir='ltr'>Bern.</span> 
     </span>
    </p>

    <p class='ocr_par' dir='ltr' id='par_1_6' title="bbox 510 2020 1218 2965">
     <span class='ocr_line' id='line_1_33' title="bbox 567 2020 1218 2060; baseline 0.002 -10"><span class='ocrx_word' id='word_1_182' title='bbox 567 2020 724 2059; x_wconf 80' lang='lat' dir='ltr'>Volutari]</span> <span class='ocrx_word' id='word_1_183' title='bbox 771 2021 854 2051; x_wconf 89' lang='lat' dir='ltr'>Mss.</span> <span class='ocrx_word' id='word_1_184' title='bbox 908 2021 1074 2060; x_wconf 69' lang='lat' dir='ltr'>voluptari,</span> <span class='ocrx_word' id='word_1_185' title='bbox 1128 2020 1218 2051; x_wconf 90' lang='lat' dir='ltr'>unde</span> 
     </span>
     <span class='ocr_line' id='line_1_34' title="bbox 519 2071 1217 2111; baseline 0.001 -11"><span class='ocrx_word' id='word_1_186' title='bbox 519 2071 671 2101; x_wconf 84' lang='lat' dir='ltr'>Freinsh.</span> <span class='ocrx_word' id='word_1_187' title='bbox 692 2071 877 2111; x_wconf 70' lang='lat' dir='ltr'>voluptuari.</span> <span class='ocrx_word' id='word_1_188' title='bbox 893 2071 1097 2103; x_wconf 86' lang='lat' dir='ltr'>Berneccer.</span> <span class='ocrx_word' id='word_1_189' title='bbox 1130 2072 1217 2101; x_wconf 83' lang='lat' dir='ltr'>Mss.</span> 
     </span>
     <span class='ocr_line' id='line_1_35' title="bbox 518 2120 1218 2161; baseline 0 -11"><span class='ocrx_word' id='word_1_190' title='bbox 518 2129 614 2160; x_wconf 80' lang='lat' dir='ltr'>aeque</span> <span class='ocrx_word' id='word_1_191' title='bbox 632 2124 670 2150; x_wconf 89' lang='lat' dir='ltr'>ut</span> <span class='ocrx_word' id='word_1_192' title='bbox 685 2120 781 2152; x_wconf 86' lang='lat' dir='ltr'>Juut.</span> <span class='ocrx_word' id='word_1_193' title='bbox 797 2121 961 2161; x_wconf 70' lang='lat' dir='ltr'>voluptari.</span> <span class='ocrx_word' id='word_1_194' title='bbox 986 2121 1044 2151; x_wconf 91' lang='lat' dir='ltr'>Sic</span> <span class='ocrx_word' id='word_1_195' title='bbox 1061 2127 1096 2152; x_wconf 87' lang='lat' dir='ltr'>et</span> <span class='ocrx_word' id='word_1_196' title='bbox 1114 2121 1218 2152; x_wconf 84' lang='lat' dir='ltr'>Quin-</span> 
     </span>
     <span class='ocr_line' id='line_1_36' title="bbox 518 2171 1217 2210; baseline 0.001 -10"><span class='ocrx_word' id='word_1_197' title='bbox 518 2171 569 2202; x_wconf 89' lang='lat' dir='ltr'>til.</span> <span class='ocrx_word' id='word_1_198' title='bbox 594 2171 694 2202; x_wconf 84' lang='lat' dir='ltr'>Decl.</span> <span class='ocrx_word' id='word_1_199' title='bbox 715 2179 772 2202; x_wconf 86' lang='lat'>111.</span> <span class='ocrx_word' id='word_1_200' title='bbox 796 2181 870 2210; x_wconf 69' lang='lat' dir='ltr'>quae.</span> <span class='ocrx_word' id='word_1_201' title='bbox 897 2171 1092 2201; x_wconf 84' lang='lat' dir='ltr'>inscribitur</span> <span class='ocrx_word' id='word_1_202' title='bbox 1115 2171 1217 2202; x_wconf 88' lang='lat' dir='ltr'>Miles</span> 
     </span>
     <span class='ocr_line' id='line_1_37' title="bbox 517 2220 1217 2251; baseline -0.001 0"><span class='ocrx_word' id='word_1_203' title='bbox 517 2220 712 2251; x_wconf 86' lang='lat' dir='ltr'>Marianus:</span> <span class='ocrx_word' id='word_1_204' title='bbox 763 2222 772 2238; x_wconf 90' lang='lat'>‘</span> <span class='ocrx_word' id='word_1_205' title='bbox 791 2221 960 2251; x_wconf 82' lang='lat' dir='ltr'>Tribunus</span> <span class='ocrx_word' id='word_1_206' title='bbox 988 2221 1078 2251; x_wconf 85' lang='lat' dir='ltr'>inter</span> <span class='ocrx_word' id='word_1_207' title='bbox 1104 2224 1217 2251; x_wconf 80' lang='lat' dir='ltr'>scorta</span> 
     </span>
     <span class='ocr_line' id='line_1_38' title="bbox 516 2271 1214 2312; baseline 0.001 -10"><span class='ocrx_word' id='word_1_208' title='bbox 516 2271 770 2311; x_wconf 68' lang='lat' dir='ltr'>voluptabitur)</span> <span class='ocrx_word' id='word_1_209' title='bbox 809 2271 864 2303; x_wconf 74' lang='lat' dir='ltr'>sic</span> <span class='ocrx_word' id='word_1_210' title='bbox 885 2272 952 2303; x_wconf 90' lang='lat' dir='ltr'>Ms.</span> <span class='ocrx_word' id='word_1_211' title='bbox 971 2271 1099 2312; x_wconf 85' lang='lat' dir='ltr'>Lipsii;</span> <span class='ocrx_word' id='word_1_212' title='bbox 1125 2271 1214 2310; x_wconf 78' lang='lat' dir='ltr'>vulg.</span> 
     </span>
     <span class='ocr_line' id='line_1_39' title="bbox 514 2321 1217 2362; baseline 0 -11"><span class='ocrx_word' id='word_1_213' title='bbox 514 2321 714 2353; x_wconf 62' lang='lat' dir='ltr'>volutabitwu</span> <span class='ocrx_word' id='word_1_214' title='bbox 760 2322 805 2352; x_wconf 87' lang='lat' dir='ltr'>Et</span> <span class='ocrx_word' id='word_1_215' title='bbox 825 2322 925 2362; x_wconf 84' lang='lat' dir='ltr'>Apul.</span> <span class='ocrx_word' id='word_1_216' title='bbox 951 2330 1003 2352; x_wconf 74' lang='lat' dir='ltr'>lx.</span> <span class='ocrx_word' id='word_1_217' title='bbox 1028 2322 1078 2351; x_wconf 86' lang='lat' dir='ltr'>M.</span> <span class='ocrx_word' id='word_1_218' title='bbox 1103 2322 1217 2352; x_wconf 87' lang='lat' dir='ltr'>‘Cum</span> 
     </span>
     <span class='ocr_line' id='line_1_40' title="bbox 514 2371 1214 2412; baseline -0.001 -9"><span class='ocrx_word' id='word_1_219' title='bbox 514 2372 582 2403; x_wconf 89' lang='lat' dir='ltr'>suis</span> <span class='ocrx_word' id='word_1_220' title='bbox 603 2371 766 2403; x_wconf 80' lang='lat' dir='ltr'>adulteris</span> <span class='ocrx_word' id='word_1_221' title='bbox 791 2371 1011 2412; x_wconf 59' lang='lat' dir='ltr'>voluptatist!</span> <span class='ocrx_word' id='word_1_222' title='bbox 1056 2371 1111 2402; x_wconf 82' lang='lat' dir='ltr'>Sic</span> <span class='ocrx_word' id='word_1_223' title='bbox 1130 2372 1214 2402; x_wconf 86' lang='lat' dir='ltr'>Mss.</span> 
     </span>
     <span class='ocr_line' id='line_1_41' title="bbox 515 2422 1215 2464; baseline -0.004 -10"><span class='ocrx_word' id='word_1_224' title='bbox 515 2429 551 2454; x_wconf 90' lang='lat' dir='ltr'>et</span> <span class='ocrx_word' id='word_1_225' title='bbox 567 2424 684 2464; x_wconf 75' lang='lat' dir='ltr'>prima:</span> <span class='ocrx_word' id='word_1_226' title='bbox 709 2423 787 2454; x_wconf 86' lang='lat' dir='ltr'>edd.</span> <span class='ocrx_word' id='word_1_227' title='bbox 811 2428 849 2454; x_wconf 87' lang='lat' dir='ltr'>ut</span> <span class='ocrx_word' id='word_1_228' title='bbox 874 2426 1033 2453; x_wconf 86' lang='lat' dir='ltr'>notarunt</span> <span class='ocrx_word' id='word_1_229' title='bbox 1056 2422 1118 2452; x_wconf 90' lang='lat' dir='ltr'>viri</span> <span class='ocrx_word' id='word_1_230' title='bbox 1141 2431 1215 2452; x_wconf 87' lang='lat' dir='ltr'>eru-</span> 
     </span>
     <span class='ocr_line' id='line_1_42' title="bbox 513 2471 1216 2514; baseline -0.004 -10"><span class='ocrx_word' id='word_1_231' title='bbox 513 2474 590 2513; x_wconf 86' lang='lat' dir='ltr'>diti,</span> <span class='ocrx_word' id='word_1_232' title='bbox 606 2473 661 2504; x_wconf 90' lang='lat' dir='ltr'>ubi</span> <span class='ocrx_word' id='word_1_233' title='bbox 685 2482 818 2514; x_wconf 88' lang='lat' dir='ltr'>quoque</span> <span class='ocrx_word' id='word_1_234' title='bbox 842 2472 875 2502; x_wconf 90' lang='lat' dir='ltr'>in</span> <span class='ocrx_word' id='word_1_235' title='bbox 898 2472 1044 2512; x_wconf 79' lang='lat' dir='ltr'>vulgatis</span> <span class='ocrx_word' id='word_1_236' title='bbox 1066 2471 1216 2502; x_wconf 73' lang='lat' dir='ltr'>volutabi-</span> 
     </span>
     <span class='ocr_line' id='line_1_43' title="bbox 515 2521 1214 2562; baseline -0.003 -9"><span class='ocrx_word' id='word_1_237' title='bbox 515 2526 579 2553; x_wconf 79' lang='lat' dir='ltr'>tur.</span> <span class='ocrx_word' id='word_1_238' title='bbox 625 2523 738 2553; x_wconf 88' lang='lat' dir='ltr'>Probo</span> <span class='ocrx_word' id='word_1_239' title='bbox 758 2527 870 2553; x_wconf 88' lang='lat' dir='ltr'>tamen</span> <span class='ocrx_word' id='word_1_240' title='bbox 887 2521 1010 2562; x_wconf 86' lang='lat' dir='ltr'>ubique</span> <span class='ocrx_word' id='word_1_241' title='bbox 1035 2521 1214 2552; x_wconf 77' lang='lat' dir='ltr'>lectionem</span> 
     </span>
     <span class='ocr_line' id='line_1_44' title="bbox 514 2570 1214 2605; baseline -0.004 -1"><span class='ocrx_word' id='word_1_242' title='bbox 514 2574 683 2605; x_wconf 87' lang='lat' dir='ltr'>editorum</span> <span class='ocrx_word' id='word_1_243' title='bbox 702 2573 873 2603; x_wconf 85' lang='lat' dir='ltr'>librorum.</span> <span class='ocrx_word' id='word_1_244' title='bbox 918 2572 1005 2603; x_wconf 88' lang='lat' dir='ltr'>Nam</span> <span class='ocrx_word' id='word_1_245' title='bbox 1023 2572 1031 2588; x_wconf 88' lang='lat'>‘</span> <span class='ocrx_word' id='word_1_246' title='bbox 1050 2570 1214 2602; x_wconf 88' lang='lat' dir='ltr'>volutari&#39;</span> 
     </span>
     <span class='ocr_line' id='line_1_45' title="bbox 513 2621 1213 2664; baseline -0.004 -10"><span class='ocrx_word' id='word_1_247' title='bbox 513 2633 604 2664; x_wconf 75' lang='lat' dir='ltr'>saepe</span> <span class='ocrx_word' id='word_1_248' title='bbox 629 2623 672 2653; x_wconf 90' lang='lat' dir='ltr'>de</span> <span class='ocrx_word' id='word_1_249' title='bbox 697 2622 797 2653; x_wconf 88' lang='lat' dir='ltr'>rebus</span> <span class='ocrx_word' id='word_1_250' title='bbox 825 2622 990 2653; x_wconf 86' lang='lat' dir='ltr'>Venereis</span> <span class='ocrx_word' id='word_1_251' title='bbox 1015 2621 1152 2660; x_wconf 87' lang='lat' dir='ltr'>dicitur,</span> <span class='ocrx_word' id='word_1_252' title='bbox 1175 2625 1213 2651; x_wconf 90' lang='lat' dir='ltr'>ut</span> 
     </span>
     <span class='ocr_line' id='line_1_46' title="bbox 513 2671 1212 2714; baseline -0.006 -10"><span class='ocrx_word' id='word_1_253' title='bbox 513 2673 669 2714; x_wconf 81' lang='lat' dir='ltr'>exempla</span> <span class='ocrx_word' id='word_1_254' title='bbox 693 2672 818 2703; x_wconf 75' lang='lat' dir='ltr'>docent</span> <span class='ocrx_word' id='word_1_255' title='bbox 835 2682 890 2712; x_wconf 81' lang='lat' dir='ltr'>ap.</span> <span class='ocrx_word' id='word_1_256' title='bbox 909 2673 1033 2711; x_wconf 85' lang='lat' dir='ltr'>Cuper.</span> <span class='ocrx_word' id='word_1_257' title='bbox 1050 2681 1101 2702; x_wconf 86' lang='grc' dir='ltr'>ιν.</span> <span class='ocrx_word' id='word_1_258' title='bbox 1127 2671 1212 2702; x_wconf 81' lang='lat' dir='ltr'>Obs.</span> 
     </span>
     <span class='ocr_line' id='line_1_47' title="bbox 512 2722 1211 2762; baseline -0.004 -8"><span class='ocrx_word' id='word_1_259' title='bbox 512 2727 563 2754; x_wconf 85' lang='lat'>10.</span> <span class='ocrx_word' id='word_1_260' title='bbox 580 2724 685 2755; x_wconf 75' lang='lat' dir='ltr'>Groev.</span> <span class='ocrx_word' id='word_1_261' title='bbox 711 2724 794 2754; x_wconf 87' lang='lat' dir='ltr'>Mss.</span> <span class='ocrx_word' id='word_1_262' title='bbox 807 2723 932 2753; x_wconf 82' lang='lat' dir='ltr'>liabent</span> <span class='ocrx_word' id='word_1_263' title='bbox 944 2722 1109 2762; x_wconf 75' lang='lat' dir='ltr'>roluptarz&#39;,</span> <span class='ocrx_word' id='word_1_264' title='bbox 1123 2722 1211 2762; x_wconf 73' lang='lat' dir='ltr'>quod</span> 
     </span>
     <span class='ocr_line' id='line_1_48' title="bbox 510 2772 1212 2814; baseline -0.006 -9"><span class='ocrx_word' id='word_1_265' title='bbox 510 2775 560 2805; x_wconf 89' lang='lat' dir='ltr'>id.</span> <span class='ocrx_word' id='word_1_266' title='bbox 576 2779 627 2805; x_wconf 83' lang='lat' dir='ltr'>est</span> <span class='ocrx_word' id='word_1_267' title='bbox 643 2784 692 2814; x_wconf 85' lang='lat' dir='ltr'>ac,</span> <span class='ocrx_word' id='word_1_268' title='bbox 707 2774 877 2805; x_wconf 77' lang='lat' dir='ltr'>oblectare</span> <span class='ocrx_word' id='word_1_269' title='bbox 893 2783 941 2812; x_wconf 84' lang='lat' dir='ltr'>se,</span> <span class='ocrx_word' id='word_1_270' title='bbox 959 2779 993 2803; x_wconf 83' lang='lat' dir='ltr'>ct</span> <span class='ocrx_word' id='word_1_271' title='bbox 1010 2772 1115 2803; x_wconf 86' lang='lat' dir='ltr'>amori</span> <span class='ocrx_word' id='word_1_272' title='bbox 1132 2782 1212 2812; x_wconf 90' lang='lat' dir='ltr'>ope-</span> 
     </span>
     <span class='ocr_line' id='line_1_49' title="bbox 512 2823 1210 2863; baseline -0.003 -8"><span class='ocrx_word' id='word_1_273' title='bbox 512 2835 582 2855; x_wconf 85' lang='lat' dir='ltr'>ram</span> <span class='ocrx_word' id='word_1_274' title='bbox 608 2824 713 2855; x_wconf 86' lang='lat' dir='ltr'>darc:</span> <span class='ocrx_word' id='word_1_275' title='bbox 740 2834 801 2855; x_wconf 84' lang='lat' dir='ltr'>vox</span> <span class='ocrx_word' id='word_1_276' title='bbox 831 2829 884 2854; x_wconf 83' lang='lat' dir='ltr'>est</span> <span class='ocrx_word' id='word_1_277' title='bbox 910 2823 1088 2863; x_wconf 81' lang='lat' dir='ltr'>invidiosa,</span> <span class='ocrx_word' id='word_1_278' title='bbox 1115 2827 1150 2854; x_wconf 88' lang='lat' dir='ltr'>et</span> <span class='ocrx_word' id='word_1_279' title='bbox 1177 2823 1210 2853; x_wconf 88' lang='lat' dir='ltr'>in</span> 
     </span>
     <span class='ocr_line' id='line_1_50' title="bbox 510 2873 1211 2915; baseline -0.001 -11"><span class='ocrx_word' id='word_1_280' title='bbox 510 2874 626 2915; x_wconf 78' lang='lat' dir='ltr'>probri</span> <span class='ocrx_word' id='word_1_281' title='bbox 640 2875 712 2905; x_wconf 81' lang='lat' dir='ltr'>loco</span> <span class='ocrx_word' id='word_1_282' title='bbox 729 2874 848 2914; x_wconf 86' lang='lat' dir='ltr'>posita.</span> <span class='ocrx_word' id='word_1_283' title='bbox 878 2873 946 2904; x_wconf 86' lang='lat' dir='ltr'>Sed</span> <span class='ocrx_word' id='word_1_284' title='bbox 962 2873 1095 2904; x_wconf 74' lang='lat' dir='ltr'>volutari</span> <span class='ocrx_word' id='word_1_285' title='bbox 1112 2873 1211 2913; x_wconf 82' lang='lat' dir='ltr'>louge</span> 
     </span>
     <span class='ocr_line' id='line_1_51' title="bbox 512 2923 1209 2965; baseline -0.001 -9"><span class='ocrx_word' id='word_1_286' title='bbox 512 2925 592 2956; x_wconf 81' lang='lat' dir='ltr'>milii</span> <span class='ocrx_word' id='word_1_287' title='bbox 621 2925 745 2956; x_wconf 76' lang='lat' dir='ltr'>arridet</span> <span class='ocrx_word' id='word_1_288' title='bbox 771 2924 889 2965; x_wconf 82' lang='lat' dir='ltr'>magis,</span> <span class='ocrx_word' id='word_1_289' title='bbox 922 2933 997 2955; x_wconf 89' lang='lat' dir='ltr'>cum</span> <span class='ocrx_word' id='word_1_290' title='bbox 1022 2927 1143 2965; x_wconf 81' lang='lat' dir='ltr'>agatur</span> <span class='ocrx_word' id='word_1_291' title='bbox 1167 2923 1209 2955; x_wconf 81' lang='lat' dir='ltr'>dc</span> 
     </span>
    </p>
   </div>
   <div class='ocr_carea' id='block_1_3' title="bbox 993 371 1516 404">
    <p class='ocr_par' dir='ltr' id='par_1_7' title="bbox 993 371 1516 404">
     <span class='ocr_line' id='line_1_52' title="bbox 993 371 1516 404; baseline 0.01 -4"><span class='ocrx_word' id='word_1_292' title='bbox 993 371 1133 401; x_wconf 80' lang='lat' dir='ltr'>NO&#39;rAE</span> <span class='ocrx_word' id='word_1_293' title='bbox 1169 372 1430 404; x_wconf 85' lang='lat' dir='ltr'>VARlORUM</span> <span class='ocrx_word' id='word_1_294' title='bbox 1466 375 1516 404; x_wconf 85' lang='grc' dir='ltr'>ΙΝ</span> 
     </span>
    </p>
   </div>
   <div class='ocr_carea' id='block_1_4' title="bbox 1258 468 2019 2962">
    <p class='ocr_par' dir='ltr' id='par_1_8' title="bbox 1274 468 2019 1358">
     <span class='ocr_line' id='line_1_53' title="bbox 1280 468 1976 510; baseline 0.004 -13"><span class='ocrx_word' id='word_1_295' title='bbox 1280 472 1451 508; x_wconf 85' lang='lat' dir='ltr'>serpente,</span> <span class='ocrx_word' id='word_1_296' title='bbox 1475 478 1539 509; x_wconf 90' lang='lat' dir='ltr'>quo</span> <span class='ocrx_word' id='word_1_297' title='bbox 1565 478 1600 500; x_wconf 85' lang='lat' dir='ltr'>se</span> <span class='ocrx_word' id='word_1_298' title='bbox 1624 469 1713 500; x_wconf 88' lang='lat' dir='ltr'>bona</span> <span class='ocrx_word' id='word_1_299' title='bbox 1739 468 1796 499; x_wconf 84' lang='lat' dir='ltr'>illa</span> <span class='ocrx_word' id='word_1_300' title='bbox 1821 472 1856 500; x_wconf 86' lang='lat' dir='ltr'>et</span> <span class='ocrx_word' id='word_1_301' title='bbox 1885 469 1976 510; x_wconf 83' lang='lat' dir='ltr'>frugi</span> 
     </span>
     <span class='ocr_line' id='line_1_54' title="bbox 1281 518 1976 559; baseline 0.006 -12"><span class='ocrx_word' id='word_1_302' title='bbox 1281 518 1401 549; x_wconf 87' lang='lat' dir='ltr'>mulier</span> <span class='ocrx_word' id='word_1_303' title='bbox 1428 518 1603 559; x_wconf 89' lang='lat' dir='ltr'>Olympias</span> <span class='ocrx_word' id='word_1_304' title='bbox 1633 519 1831 559; x_wconf 83' lang='lat' dir='ltr'>implicitam</span> <span class='ocrx_word' id='word_1_305' title='bbox 1857 520 1976 559; x_wconf 78' lang='lat' dir='ltr'>praedi-</span> 
     </span>
     <span class='ocr_line' id='line_1_55' title="bbox 1280 568 1976 610; baseline 0.004 -12"><span class='ocrx_word' id='word_1_306' title='bbox 1280 568 1393 607; x_wconf 82' lang='lat' dir='ltr'>cahat,</span> <span class='ocrx_word' id='word_1_307' title='bbox 1432 579 1492 609; x_wconf 86' lang='lat' dir='ltr'>per</span> <span class='ocrx_word' id='word_1_308' title='bbox 1528 569 1760 610; x_wconf 84' lang='lat' dir='ltr'>imaginariam</span> <span class='ocrx_word' id='word_1_309' title='bbox 1794 571 1976 609; x_wconf 88' lang='lat' dir='ltr'>Venerem,</span> 
     </span>
     <span class='ocr_line' id='line_1_56' title="bbox 1280 618 1977 660; baseline 0.003 -11"><span class='ocrx_word' id='word_1_310' title='bbox 1280 627 1355 649; x_wconf 90' lang='lat' dir='ltr'>cum</span> <span class='ocrx_word' id='word_1_311' title='bbox 1372 618 1503 650; x_wconf 88' lang='lat' dir='ltr'>abesset</span> <span class='ocrx_word' id='word_1_312' title='bbox 1526 620 1717 660; x_wconf 87' lang='lat' dir='ltr'>Philippus.</span> <span class='ocrx_word' id='word_1_313' title='bbox 1763 620 1838 651; x_wconf 90' lang='lat' dir='ltr'>Hoc</span> <span class='ocrx_word' id='word_1_314' title='bbox 1862 624 1977 651; x_wconf 84' lang='lat' dir='ltr'>autem</span> 
     </span>
     <span class='ocr_line' id='line_1_57' title="bbox 1278 668 1976 711; baseline 0.003 -13"><span class='ocrx_word' id='word_1_315' title='bbox 1278 677 1344 698; x_wconf 92' lang='lat' dir='ltr'>non</span> <span class='ocrx_word' id='word_1_316' title='bbox 1361 668 1419 699; x_wconf 88' lang='lat' dir='ltr'>abs</span> <span class='ocrx_word' id='word_1_317' title='bbox 1437 678 1473 699; x_wconf 92' lang='lat' dir='ltr'>re</span> <span class='ocrx_word' id='word_1_318' title='bbox 1489 668 1591 700; x_wconf 87' lang='lat' dir='ltr'>fuerit</span> <span class='ocrx_word' id='word_1_319' title='bbox 1607 669 1808 709; x_wconf 83' lang='lat' dir='ltr'>meminisse,</span> <span class='ocrx_word' id='word_1_320' title='bbox 1823 669 1914 711; x_wconf 83' lang='lat' dir='ltr'>(uam</span> <span class='ocrx_word' id='word_1_321' title='bbox 1932 679 1976 700; x_wconf 85' lang='lat' dir='ltr'>ex</span> 
     </span>
     <span class='ocr_line' id='line_1_58' title="bbox 1278 717 1976 760; baseline 0.004 -13"><span class='ocrx_word' id='word_1_322' title='bbox 1278 717 1392 757; x_wconf 87' lang='lat' dir='ltr'>nihilo,</span> <span class='ocrx_word' id='word_1_323' title='bbox 1404 722 1441 749; x_wconf 88' lang='lat' dir='ltr'>ut</span> <span class='ocrx_word' id='word_1_324' title='bbox 1456 719 1562 757; x_wconf 90' lang='lat' dir='ltr'>aiunt,</span> <span class='ocrx_word' id='word_1_325' title='bbox 1574 718 1682 760; x_wconf 88' lang='lat' dir='ltr'>nihil,)</span> <span class='ocrx_word' id='word_1_326' title='bbox 1699 719 1882 759; x_wconf 88' lang='lat' dir='ltr'>repeririin</span> <span class='ocrx_word' id='word_1_327' title='bbox 1899 719 1976 750; x_wconf 85' lang='lat' dir='ltr'>Ma-</span> 
     </span>
     <span class='ocr_line' id='line_1_59' title="bbox 1279 762 2019 809; baseline 0.003 -12"><span class='ocrx_word' id='word_1_328' title='bbox 1279 768 1420 798; x_wconf 85' lang='lat' dir='ltr'>cedonia</span> <span class='ocrx_word' id='word_1_329' title='bbox 1448 774 1637 809; x_wconf 84' lang='lat' dir='ltr'>serpentes,</span> <span class='ocrx_word' id='word_1_330' title='bbox 1667 769 1723 809; x_wconf 90' lang='lat' dir='ltr'>qui</span> <span class='ocrx_word' id='word_1_331' title='bbox 1763 773 1831 800; x_wconf 85' lang='lat' dir='ltr'>tan]</span> <span class='ocrx_word' id='word_1_332' title='bbox 1873 768 1974 799; x_wconf 85' lang='lat' dir='ltr'>facile</span> <span class='ocrx_word' id='word_1_333' title='bbox 2014 762 2019 769; x_wconf 57' lang='lat'>⁴</span> 
     </span>
     <span class='ocr_line' id='line_1_60' title="bbox 1277 818 1974 860; baseline 0.003 -12"><span class='ocrx_word' id='word_1_334' title='bbox 1277 818 1490 850; x_wconf 76' lang='lat' dir='ltr'>mansuefieri</span> <span class='ocrx_word' id='word_1_335' title='bbox 1508 820 1648 860; x_wconf 86' lang='lat' dir='ltr'>possint,</span> <span class='ocrx_word' id='word_1_336' title='bbox 1666 824 1702 850; x_wconf 88' lang='lat' dir='ltr'>ut</span> <span class='ocrx_word' id='word_1_337' title='bbox 1724 829 1765 850; x_wconf 87' lang='lat' dir='ltr'>ex</span> <span class='ocrx_word' id='word_1_338' title='bbox 1782 819 1822 850; x_wconf 92' lang='lat' dir='ltr'>iis</span> <span class='ocrx_word' id='word_1_339' title='bbox 1838 819 1916 850; x_wconf 93' lang='lat' dir='ltr'>olim</span> <span class='ocrx_word' id='word_1_340' title='bbox 1937 822 1974 850; x_wconf 87' lang='lat' dir='ltr'>et</span> 
     </span>
     <span class='ocr_line' id='line_1_61' title="bbox 1278 868 1973 908; baseline 0.003 -10"><span class='ocrx_word' id='word_1_341' title='bbox 1278 869 1398 908; x_wconf 79' lang='lat' dir='ltr'>puellae</span> <span class='ocrx_word' id='word_1_342' title='bbox 1416 874 1451 900; x_wconf 90' lang='lat' dir='ltr'>et</span> <span class='ocrx_word' id='word_1_343' title='bbox 1467 874 1629 900; x_wconf 85' lang='lat' dir='ltr'>matronae</span> <span class='ocrx_word' id='word_1_344' title='bbox 1650 869 1712 900; x_wconf 89' lang='lat' dir='ltr'>sibi</span> <span class='ocrx_word' id='word_1_345' title='bbox 1736 869 1896 906; x_wconf 84' lang='lat' dir='ltr'>armillas,</span> <span class='ocrx_word' id='word_1_346' title='bbox 1911 868 1973 900; x_wconf 85' lang='lat' dir='ltr'>sibi</span> 
     </span>
     <span class='ocr_line' id='line_1_62' title="bbox 1276 919 1974 959; baseline -0.001 -9"><span class='ocrx_word' id='word_1_347' title='bbox 1276 919 1414 950; x_wconf 87' lang='lat' dir='ltr'>monilia</span> <span class='ocrx_word' id='word_1_348' title='bbox 1442 920 1608 959; x_wconf 85' lang='lat' dir='ltr'>facerent,</span> <span class='ocrx_word' id='word_1_349' title='bbox 1645 920 1696 950; x_wconf 93' lang='lat' dir='ltr'>vel</span> <span class='ocrx_word' id='word_1_350' title='bbox 1734 924 1773 950; x_wconf 91' lang='lat' dir='ltr'>ut</span> <span class='ocrx_word' id='word_1_351' title='bbox 1808 919 1974 949; x_wconf 87' lang='lat' dir='ltr'>animulas</span> 
     </span>
     <span class='ocr_line' id='line_1_63' title="bbox 1275 969 1974 1009; baseline 0.001 -11"><span class='ocrx_word' id='word_1_352' title='bbox 1275 978 1351 999; x_wconf 85' lang='lat' dir='ltr'>suas</span> <span class='ocrx_word' id='word_1_353' title='bbox 1368 969 1595 1008; x_wconf 86' lang='lat' dir='ltr'>oblectarent,</span> <span class='ocrx_word' id='word_1_354' title='bbox 1610 970 1662 1000; x_wconf 88' lang='lat' dir='ltr'>vel</span> <span class='ocrx_word' id='word_1_355' title='bbox 1677 969 1718 999; x_wconf 91' lang='lat' dir='ltr'>ad</span> <span class='ocrx_word' id='word_1_356' title='bbox 1736 969 1974 1009; x_wconf 81' lang='lat' dir='ltr'>corpusculum</span> 
     </span>
     <span class='ocr_line' id='line_1_64' title="bbox 1274 1019 1972 1063; baseline 0.003 -13"><span class='ocrx_word' id='word_1_357' title='bbox 1274 1019 1516 1061; x_wconf 83' lang='lat' dir='ltr'>frigerandum.</span> <span class='ocrx_word' id='word_1_358' title='bbox 1539 1022 1622 1063; x_wconf 84' lang='lat' dir='ltr'>Huj.</span> <span class='ocrx_word' id='word_1_359' title='bbox 1636 1021 1683 1052; x_wconf 93' lang='lat' dir='ltr'>rei</span> <span class='ocrx_word' id='word_1_360' title='bbox 1696 1026 1870 1053; x_wconf 86' lang='lat' dir='ltr'>auctorem</span> <span class='ocrx_word' id='word_1_361' title='bbox 1882 1021 1972 1053; x_wconf 87' lang='lat' dir='ltr'>ciere</span> 
     </span>
     <span class='ocr_line' id='line_1_65' title="bbox 1275 1070 1973 1111; baseline 0 -10"><span class='ocrx_word' id='word_1_362' title='bbox 1275 1080 1408 1111; x_wconf 83' lang='lat' dir='ltr'>possum</span> <span class='ocrx_word' id='word_1_363' title='bbox 1432 1072 1614 1102; x_wconf 86' lang='lat' dir='ltr'>Lucianum</span> <span class='ocrx_word' id='word_1_364' title='bbox 1637 1071 1671 1102; x_wconf 90' lang='lat' dir='ltr'>iu</span> <span class='ocrx_word' id='word_1_365' title='bbox 1694 1070 1795 1102; x_wconf 83' lang='lat' dir='ltr'>Alex.</span> <span class='ocrx_word' id='word_1_366' title='bbox 1820 1081 1846 1101; x_wconf 89' lang='lat' dir='ltr'>s.</span> <span class='ocrx_word' id='word_1_367' title='bbox 1870 1071 1973 1101; x_wconf 82' lang='lat' dir='ltr'>Pseu-</span> 
     </span>
     <span class='ocr_line' id='line_1_66' title="bbox 1275 1119 1970 1161; baseline 0 -11"><span class='ocrx_word' id='word_1_368' title='bbox 1275 1120 1439 1152; x_wconf 82' lang='lat' dir='ltr'>‹lomanti.</span> <span class='ocrx_word' id='word_1_369' title='bbox 1464 1121 1576 1152; x_wconf 84' lang='lat' dir='ltr'>Faber.</span> <span class='ocrx_word' id='word_1_370' title='bbox 1615 1121 1680 1151; x_wconf 85' lang='lat' dir='ltr'>Ms.</span> <span class='ocrx_word' id='word_1_371' title='bbox 1696 1120 1864 1160; x_wconf 82' lang='lat' dir='ltr'>voluptari,</span> <span class='ocrx_word' id='word_1_372' title='bbox 1881 1119 1970 1161; x_wconf 88' lang='lat' dir='ltr'>quod</span> 
     </span>
     <span class='ocr_line' id='line_1_67' title="bbox 1275 1170 1971 1211; baseline 0 -10"><span class='ocrx_word' id='word_1_373' title='bbox 1275 1176 1326 1202; x_wconf 82' lang='lat' dir='ltr'>est</span> <span class='ocrx_word' id='word_1_374' title='bbox 1350 1176 1491 1211; x_wconf 88' lang='lat' dir='ltr'>rectum,</span> <span class='ocrx_word' id='word_1_375' title='bbox 1518 1182 1580 1203; x_wconf 89' lang='lat' dir='ltr'>nec</span> <span class='ocrx_word' id='word_1_376' title='bbox 1606 1172 1639 1202; x_wconf 90' lang='lat' dir='ltr'>in</span> <span class='ocrx_word' id='word_1_377' title='bbox 1668 1170 1853 1211; x_wconf 81' lang='lat' dir='ltr'>voluptuarz‘‚</span> <span class='ocrx_word' id='word_1_378' title='bbox 1880 1170 1971 1211; x_wconf 88' lang='lat' dir='ltr'>quod</span> 
     </span>
     <span class='ocr_line' id='line_1_68' title="bbox 1276 1220 1971 1260; baseline -0.001 -9"><span class='ocrx_word' id='word_1_379' title='bbox 1276 1221 1427 1251; x_wconf 86' lang='lat' dir='ltr'>Freinsh.</span> <span class='ocrx_word' id='word_1_380' title='bbox 1462 1221 1606 1260; x_wconf 81' lang='lat' dir='ltr'>volebat,</span> <span class='ocrx_word' id='word_1_381' title='bbox 1641 1220 1792 1252; x_wconf 89' lang='lat' dir='ltr'>mutand.</span> <span class='ocrx_word' id='word_1_382' title='bbox 1836 1220 1971 1250; x_wconf 90' lang='lat' dir='ltr'>Docent</span> 
     </span>
     <span class='ocr_line' id='line_1_69' title="bbox 1274 1269 1973 1312; baseline -0.004 -10"><span class='ocrx_word' id='word_1_383' title='bbox 1274 1271 1396 1302; x_wconf 83' lang='lat' dir='ltr'>Fabius</span> <span class='ocrx_word' id='word_1_384' title='bbox 1413 1275 1448 1302; x_wconf 90' lang='lat' dir='ltr'>et</span> <span class='ocrx_word' id='word_1_385' title='bbox 1460 1271 1561 1311; x_wconf 88' lang='lat' dir='ltr'>Apul.</span> <span class='ocrx_word' id='word_1_386' title='bbox 1576 1281 1654 1312; x_wconf 72' lang='lat' dir='ltr'>quos</span> <span class='ocrx_word' id='word_1_387' title='bbox 1668 1280 1727 1309; x_wconf 90' lang='lat' dir='ltr'>pro</span> <span class='ocrx_word' id='word_1_388' title='bbox 1744 1271 1826 1301; x_wconf 88' lang='lat' dir='ltr'>lect.</span> <span class='ocrx_word' id='word_1_389' title='bbox 1843 1269 1906 1301; x_wconf 87' lang='lat' dir='ltr'>ista</span> <span class='ocrx_word' id='word_1_390' title='bbox 1921 1269 1973 1300; x_wconf 87' lang='lat' dir='ltr'>vir</span> 
     </span>
     <span class='ocr_line' id='line_1_70' title="bbox 1274 1320 1753 1358; baseline -0.006 -6"><span class='ocrx_word' id='word_1_391' title='bbox 1274 1322 1317 1352; x_wconf 87' lang='lat' dir='ltr'>cl.</span> <span class='ocrx_word' id='word_1_392' title='bbox 1335 1321 1450 1352; x_wconf 88' lang='lat' dir='ltr'>Graev.</span> <span class='ocrx_word' id='word_1_393' title='bbox 1465 1321 1627 1352; x_wconf 87' lang='lat' dir='ltr'>laudavit.</span> <span class='ocrx_word' id='word_1_394' title='bbox 1649 1320 1753 1358; x_wconf 62' lang='lat' dir='ltr'>Selius.</span> 
     </span>
    </p>

    <p class='ocr_par' dir='ltr' id='par_1_9' title="bbox 1271 1369 1971 1861">
     <span class='ocr_line' id='line_1_71' title="bbox 1319 1369 1971 1411; baseline -0.002 -10"><span class='ocrx_word' id='word_1_395' title='bbox 1319 1371 1419 1411; x_wconf 80' lang='lat' dir='ltr'>Opus]</span> <span class='ocrx_word' id='word_1_396' title='bbox 1449 1371 1559 1403; x_wconf 92' lang='lat' dir='ltr'>Scrib.</span> <span class='ocrx_word' id='word_1_397' title='bbox 1583 1381 1668 1402; x_wconf 80' lang='lat' dir='ltr'>onus.</span> <span class='ocrx_word' id='word_1_398' title='bbox 1716 1372 1803 1401; x_wconf 77' lang='lat' dir='ltr'>Onus</span> <span class='ocrx_word' id='word_1_399' title='bbox 1818 1369 1905 1400; x_wconf 88' lang='lat' dir='ltr'>enim</span> <span class='ocrx_word' id='word_1_400' title='bbox 1922 1369 1971 1400; x_wconf 87' lang='lat' dir='ltr'>di-</span> 
     </span>
     <span class='ocr_line' id='line_1_72' title="bbox 1274 1418 1970 1460; baseline -0.006 -8"><span class='ocrx_word' id='word_1_401' title='bbox 1274 1421 1363 1452; x_wconf 85' lang='lat' dir='ltr'>citur</span> <span class='ocrx_word' id='word_1_402' title='bbox 1399 1422 1581 1460; x_wconf 75' lang='lat' dir='ltr'>saepissime</span> <span class='ocrx_word' id='word_1_403' title='bbox 1611 1430 1693 1451; x_wconf 87' lang='lat' dir='ltr'>onus</span> <span class='ocrx_word' id='word_1_404' title='bbox 1723 1420 1824 1458; x_wconf 85' lang='lat' dir='ltr'>uteri,</span> <span class='ocrx_word' id='word_1_405' title='bbox 1854 1418 1970 1449; x_wconf 81' lang='lat' dir='ltr'>scetus.</span> 
     </span>
     <span class='ocr_line' id='line_1_73' title="bbox 1275 1468 1969 1502; baseline -0.006 0"><span class='ocrx_word' id='word_1_406' title='bbox 1275 1471 1377 1502; x_wconf 88' lang='lat' dir='ltr'>Ovid.</span> <span class='ocrx_word' id='word_1_407' title='bbox 1405 1474 1414 1488; x_wconf 90' lang='lat'>‘</span> <span class='ocrx_word' id='word_1_408' title='bbox 1431 1471 1554 1500; x_wconf 88' lang='lat' dir='ltr'>Tendit</span> <span class='ocrx_word' id='word_1_409' title='bbox 1581 1480 1662 1500; x_wconf 90' lang='lat' dir='ltr'>onus</span> <span class='ocrx_word' id='word_1_410' title='bbox 1691 1468 1856 1500; x_wconf 87' lang='lat' dir='ltr'>matrem.&#39;</span> <span class='ocrx_word' id='word_1_411' title='bbox 1901 1469 1969 1499; x_wconf 86' lang='lat' dir='ltr'>Ex-</span> 
     </span>
     <span class='ocr_line' id='line_1_74' title="bbox 1274 1520 1970 1560; baseline -0.003 -10"><span class='ocrx_word' id='word_1_412' title='bbox 1274 1521 1385 1560; x_wconf 85' lang='lat' dir='ltr'>empla</span> <span class='ocrx_word' id='word_1_413' title='bbox 1397 1526 1474 1550; x_wconf 84' lang='lat' dir='ltr'>sunt</span> <span class='ocrx_word' id='word_1_414' title='bbox 1488 1520 1599 1558; x_wconf 86' lang='lat' dir='ltr'>obvia,</span> <span class='ocrx_word' id='word_1_415' title='bbox 1615 1524 1650 1550; x_wconf 90' lang='lat' dir='ltr'>et</span> <span class='ocrx_word' id='word_1_416' title='bbox 1667 1520 1719 1549; x_wconf 91' lang='lat' dir='ltr'>vel</span> <span class='ocrx_word' id='word_1_417' title='bbox 1736 1522 1900 1549; x_wconf 84' lang='lat' dir='ltr'>sexcenta</span> <span class='ocrx_word' id='word_1_418' title='bbox 1915 1528 1970 1558; x_wconf 86' lang='lat' dir='ltr'>ap.</span> 
     </span>
     <span class='ocr_line' id='line_1_75' title="bbox 1274 1568 1970 1610; baseline -0.001 -10"><span class='ocrx_word' id='word_1_419' title='bbox 1274 1570 1379 1600; x_wconf 88' lang='lat' dir='ltr'>solum</span> <span class='ocrx_word' id='word_1_420' title='bbox 1411 1569 1513 1600; x_wconf 89' lang='lat' dir='ltr'>Ovid.</span> <span class='ocrx_word' id='word_1_421' title='bbox 1541 1570 1706 1610; x_wconf 81' lang='lat' dir='ltr'>reperias,</span> <span class='ocrx_word' id='word_1_422' title='bbox 1733 1569 1839 1600; x_wconf 82' lang='lat' dir='ltr'>Groev.</span> <span class='ocrx_word' id='word_1_423' title='bbox 1874 1568 1970 1599; x_wconf 80' lang='lat' dir='ltr'>Prae-</span> 
     </span>
     <span class='ocr_line' id='line_1_76' title="bbox 1275 1619 1971 1660; baseline 0 -10"><span class='ocrx_word' id='word_1_424' title='bbox 1275 1620 1367 1650; x_wconf 89' lang='lat' dir='ltr'>clare</span> <span class='ocrx_word' id='word_1_425' title='bbox 1390 1628 1470 1650; x_wconf 86' lang='lat' dir='ltr'>vero</span> <span class='ocrx_word' id='word_1_426' title='bbox 1493 1629 1547 1660; x_wconf 88' lang='lat' dir='ltr'>ap.</span> <span class='ocrx_word' id='word_1_427' title='bbox 1570 1619 1686 1651; x_wconf 86' lang='lat' dir='ltr'>Graev.</span> <span class='ocrx_word' id='word_1_428' title='bbox 1708 1623 1859 1649; x_wconf 88' lang='lat' dir='ltr'>nostrum</span> <span class='ocrx_word' id='word_1_429' title='bbox 1885 1628 1971 1650; x_wconf 74' lang='lat' dir='ltr'>onus.</span> 
     </span>
     <span class='ocr_line' id='line_1_77' title="bbox 1275 1668 1971 1711; baseline 0 -11"><span class='ocrx_word' id='word_1_430' title='bbox 1275 1670 1333 1700; x_wconf 94' lang='lat' dir='ltr'>Nil</span> <span class='ocrx_word' id='word_1_431' title='bbox 1355 1670 1473 1701; x_wconf 87' lang='lat' dir='ltr'>melius</span> <span class='ocrx_word' id='word_1_432' title='bbox 1500 1674 1645 1711; x_wconf 88' lang='lat' dir='ltr'>poterat.</span> <span class='ocrx_word' id='word_1_433' title='bbox 1692 1671 1778 1700; x_wconf 84' lang='lat' dir='ltr'>Onus</span> <span class='ocrx_word' id='word_1_434' title='bbox 1799 1668 1882 1700; x_wconf 83' lang='lat' dir='ltr'>uteri</span> <span class='ocrx_word' id='word_1_435' title='bbox 1907 1672 1971 1708; x_wconf 82' lang='lat' dir='ltr'>est,</span> 
     </span>
     <span class='ocr_line' id='line_1_78' title="bbox 1272 1719 1969 1760; baseline -0.003 -9"><span class='ocrx_word' id='word_1_436' title='bbox 1272 1720 1385 1751; x_wconf 79' lang='lat' dir='ltr'>foetus.</span> <span class='ocrx_word' id='word_1_437' title='bbox 1408 1720 1463 1751; x_wconf 89' lang='lat' dir='ltr'>Ita</span> <span class='ocrx_word' id='word_1_438' title='bbox 1479 1730 1532 1760; x_wconf 88' lang='lat' dir='ltr'>ap.</span> <span class='ocrx_word' id='word_1_439' title='bbox 1549 1719 1708 1751; x_wconf 81' lang='lat' dir='ltr'>Pliaedr..‘</span> <span class='ocrx_word' id='word_1_440' title='bbox 1727 1719 1822 1750; x_wconf 87' lang='lat' dir='ltr'>Onus</span> <span class='ocrx_word' id='word_1_441' title='bbox 1838 1723 1969 1750; x_wconf 84' lang='lat' dir='ltr'>naturae</span> 
     </span>
     <span class='ocr_line' id='line_1_79' title="bbox 1271 1768 1969 1811; baseline -0.001 -10"><span class='ocrx_word' id='word_1_442' title='bbox 1271 1771 1391 1801; x_wconf 79' lang='lat' dir='ltr'>melius</span> <span class='ocrx_word' id='word_1_443' title='bbox 1408 1779 1473 1811; x_wconf 88' lang='lat' dir='ltr'>quo</span> <span class='ocrx_word' id='word_1_444' title='bbox 1490 1770 1699 1810; x_wconf 63' lang='lat' dir='ltr'>deponeret!</span> <span class='ocrx_word' id='word_1_445' title='bbox 1716 1768 1828 1800; x_wconf 82' lang='lat' dir='ltr'>Faber.</span> <span class='ocrx_word' id='word_1_446' title='bbox 1853 1769 1969 1800; x_wconf 87' lang='lat' dir='ltr'>Graev.</span> 
     </span>
     <span class='ocr_line' id='line_1_80' title="bbox 1271 1818 1910 1861; baseline -0.005 -9"><span class='ocrx_word' id='word_1_447' title='bbox 1271 1821 1442 1860; x_wconf 86' lang='lat' dir='ltr'>emendat,</span> <span class='ocrx_word' id='word_1_448' title='bbox 1457 1831 1542 1859; x_wconf 80' lang='lat' dir='ltr'>onus,</span> <span class='ocrx_word' id='word_1_449' title='bbox 1559 1820 1648 1861; x_wconf 88' lang='lat' dir='ltr'>quod</span> <span class='ocrx_word' id='word_1_450' title='bbox 1663 1820 1781 1860; x_wconf 88' lang='lat' dir='ltr'>probo.</span> <span class='ocrx_word' id='word_1_451' title='bbox 1806 1818 1910 1856; x_wconf 59' lang='lat' dir='ltr'>Schts.</span> 
     </span>
    </p>

    <p class='ocr_par' dir='ltr' id='par_1_10' title="bbox 1263 1868 1970 2604">
     <span class='ocr_line' id='line_1_81' title="bbox 1314 1868 1970 1912; baseline -0.006 -9"><span class='ocrx_word' id='word_1_452' title='bbox 1314 1873 1331 1912; x_wconf 51' lang='grc' dir='ltr'>ᾧ</span> <span class='ocrx_word' id='word_1_453' title='bbox 1355 1875 1373 1903; x_wconf 85' lang='grc'><strong>3</strong></span> <span class='ocrx_word' id='word_1_454' title='bbox 1390 1873 1502 1911; x_wconf 80' lang='lat' dir='ltr'>Regna</span> <span class='ocrx_word' id='word_1_455' title='bbox 1515 1871 1628 1911; x_wconf 80' lang='lat' dir='ltr'>putris,</span> <span class='ocrx_word' id='word_1_456' title='bbox 1639 1870 1709 1910; x_wconf 61' lang='grc' dir='ltr'>ὅμη]</span> <span class='ocrx_word' id='word_1_457' title='bbox 1733 1869 1823 1900; x_wconf 89' lang='lat' dir='ltr'>Talis</span> <span class='ocrx_word' id='word_1_458' title='bbox 1840 1868 1970 1900; x_wconf 87' lang='lat' dir='ltr'>Arche-</span> 
     </span>
     <span class='ocr_line' id='line_1_82' title="bbox 1270 1918 1967 1962; baseline -0.006 -9"><span class='ocrx_word' id='word_1_459' title='bbox 1270 1922 1346 1953; x_wconf 84' lang='lat' dir='ltr'>dice</span> <span class='ocrx_word' id='word_1_460' title='bbox 1363 1922 1490 1962; x_wconf 81' lang='lat' dir='ltr'>regina,</span> <span class='ocrx_word' id='word_1_461' title='bbox 1504 1921 1597 1961; x_wconf 84' lang='lat' dir='ltr'>cujus</span> <span class='ocrx_word' id='word_1_462' title='bbox 1612 1923 1865 1951; x_wconf 89' lang='lat' dir='ltr'>monumentum</span> <span class='ocrx_word' id='word_1_463' title='bbox 1880 1918 1967 1949; x_wconf 82' lang='lat' dir='ltr'>&#39;rhu-</span> 
     </span>
     <span class='ocr_line' id='line_1_83' title="bbox 1269 1968 1967 2011; baseline -0.007 -8"><span class='ocrx_word' id='word_1_464' title='bbox 1269 1972 1344 2011; x_wconf 87' lang='lat' dir='ltr'>cyd.</span> <span class='ocrx_word' id='word_1_465' title='bbox 1361 1981 1424 2002; x_wconf 83' lang='lat' dir='ltr'>vu.</span> <span class='ocrx_word' id='word_1_466' title='bbox 1441 1975 1472 2002; x_wconf 86' lang='grc'><strong>9.</strong></span> <span class='ocrx_word' id='word_1_467' title='bbox 1487 1973 1541 2001; x_wconf 80' lang='lat'>36.</span> <span class='ocrx_word' id='word_1_468' title='bbox 1566 1971 1633 2001; x_wconf 86' lang='lat' dir='ltr'>tale</span> <span class='ocrx_word' id='word_1_469' title='bbox 1651 1969 1768 2000; x_wconf 88' lang='lat' dir='ltr'>refert.</span> <span class='ocrx_word' id='word_1_470' title='bbox 1804 1970 1813 1986; x_wconf 92' lang='lat'>‘</span> <span class='ocrx_word' id='word_1_471' title='bbox 1832 1968 1967 2000; x_wconf 82' lang='lat' dir='ltr'>Extulit</span> 
     </span>
     <span class='ocr_line' id='line_1_84' title="bbox 1268 2018 1967 2062; baseline -0.006 -9"><span class='ocrx_word' id='word_1_472' title='bbox 1268 2023 1340 2053; x_wconf 83' lang='lat' dir='ltr'>haec</span> <span class='ocrx_word' id='word_1_473' title='bbox 1354 2022 1498 2058; x_wconf 69' lang='lat' dir='ltr'>animum</span> <span class='ocrx_word' id='word_1_474' title='bbox 1512 2030 1692 2062; x_wconf 86' lang='lat' dir='ltr'>nunquam,</span> <span class='ocrx_word' id='word_1_475' title='bbox 1704 2024 1904 2060; x_wconf 86' lang='lat' dir='ltr'>patremque</span> <span class='ocrx_word' id='word_1_476' title='bbox 1918 2018 1967 2049; x_wconf 90' lang='lat' dir='ltr'>vi-</span> 
     </span>
     <span class='ocr_line' id='line_1_85' title="bbox 1268 2069 1966 2113; baseline -0.003 -11"><span class='ocrx_word' id='word_1_477' title='bbox 1268 2082 1408 2113; x_wconf 83' lang='lat' dir='ltr'>rumque</span> <span class='ocrx_word' id='word_1_478' title='bbox 1426 2073 1630 2113; x_wconf 83' lang='lat' dir='ltr'>Fratresque</span> <span class='ocrx_word' id='word_1_479' title='bbox 1645 2076 1680 2102; x_wconf 91' lang='lat' dir='ltr'>et</span> <span class='ocrx_word' id='word_1_480' title='bbox 1697 2075 1816 2111; x_wconf 86' lang='lat' dir='ltr'>gnatos</span> <span class='ocrx_word' id='word_1_481' title='bbox 1830 2069 1966 2110; x_wconf 88' lang='lat' dir='ltr'>imperi-</span> 
     </span>
     <span class='ocr_line' id='line_1_86' title="bbox 1268 2120 1966 2161; baseline -0.006 -7"><span class='ocrx_word' id='word_1_482' title='bbox 1268 2131 1341 2154; x_wconf 88' lang='lat' dir='ltr'>tare</span> <span class='ocrx_word' id='word_1_483' title='bbox 1356 2121 1499 2153; x_wconf 65' lang='lat' dir='ltr'>videus!</span> <span class='ocrx_word' id='word_1_484' title='bbox 1544 2122 1657 2152; x_wconf 82' lang='lat' dir='ltr'>Minus</span> <span class='ocrx_word' id='word_1_485' title='bbox 1674 2130 1755 2161; x_wconf 81' lang='lat' dir='ltr'>ergo</span> <span class='ocrx_word' id='word_1_486' title='bbox 1771 2125 1871 2151; x_wconf 90' lang='lat' dir='ltr'>caute</span> <span class='ocrx_word' id='word_1_487' title='bbox 1886 2120 1966 2150; x_wconf 85' lang='lat' dir='ltr'>Tac.</span> 
     </span>
     <span class='ocr_line' id='line_1_87' title="bbox 1268 2170 1965 2212; baseline -0.007 -8"><span class='ocrx_word' id='word_1_488' title='bbox 1268 2182 1339 2204; x_wconf 84' lang='lat' dir='ltr'>xn.</span> <span class='ocrx_word' id='word_1_489' title='bbox 1366 2175 1420 2203; x_wconf 82' lang='lat'>42.</span> <span class='ocrx_word' id='word_1_490' title='bbox 1472 2171 1697 2212; x_wconf 84' lang='lat' dir='ltr'>Agrippinam</span> <span class='ocrx_word' id='word_1_491' title='bbox 1722 2171 1733 2187; x_wconf 70' lang='lat'><strong><em>⁴</em></strong></span> <span class='ocrx_word' id='word_1_492' title='bbox 1751 2170 1965 2210; x_wconf 87' lang='lat' dir='ltr'>Imperatore</span> 
     </span>
     <span class='ocr_line' id='line_1_88' title="bbox 1266 2220 1966 2262; baseline -0.007 -9"><span class='ocrx_word' id='word_1_493' title='bbox 1266 2223 1427 2262; x_wconf 85' lang='lat' dir='ltr'>genitam,</span> <span class='ocrx_word' id='word_1_494' title='bbox 1443 2227 1477 2252; x_wconf 84' lang='lat' dir='ltr'>et</span> <span class='ocrx_word' id='word_1_495' title='bbox 1495 2230 1644 2252; x_wconf 87' lang='lat' dir='ltr'>sororem</span> <span class='ocrx_word' id='word_1_496' title='bbox 1667 2220 1746 2260; x_wconf 77' lang='lat' dir='ltr'>ejus,</span> <span class='ocrx_word' id='word_1_497' title='bbox 1773 2220 1828 2260; x_wconf 92' lang='lat' dir='ltr'>qui</span> <span class='ocrx_word' id='word_1_498' title='bbox 1853 2228 1966 2249; x_wconf 84' lang='lat' dir='ltr'>rerum</span> 
     </span>
     <span class='ocr_line' id='line_1_89' title="bbox 1266 2271 1965 2313; baseline -0.004 -10"><span class='ocrx_word' id='word_1_499' title='bbox 1266 2273 1394 2313; x_wconf 82' lang='lat' dir='ltr'>potitus</span> <span class='ocrx_word' id='word_1_500' title='bbox 1416 2273 1474 2310; x_wconf 88' lang='lat' dir='ltr'>sit,</span> <span class='ocrx_word' id='word_1_501' title='bbox 1496 2276 1530 2302; x_wconf 91' lang='lat' dir='ltr'>et</span> <span class='ocrx_word' id='word_1_502' title='bbox 1552 2271 1742 2311; x_wconf 81' lang='lat' dir='ltr'>conjugem,</span> <span class='ocrx_word' id='word_1_503' title='bbox 1763 2275 1798 2299; x_wconf 88' lang='lat' dir='ltr'>et</span> <span class='ocrx_word' id='word_1_504' title='bbox 1823 2274 1965 2300; x_wconf 83' lang='lat' dir='ltr'>matrem</span> 
     </span>
     <span class='ocr_line' id='line_1_90' title="bbox 1265 2320 1964 2361; baseline -0.003 -9"><span class='ocrx_word' id='word_1_505' title='bbox 1265 2321 1380 2361; x_wconf 86' lang='lat' dir='ltr'>fuisse,</span> <span class='ocrx_word' id='word_1_506' title='bbox 1399 2322 1531 2353; x_wconf 88' lang='lat' dir='ltr'>unicum</span> <span class='ocrx_word' id='word_1_507' title='bbox 1555 2321 1596 2352; x_wconf 89' lang='lat' dir='ltr'>ad</span> <span class='ocrx_word' id='word_1_508' title='bbox 1619 2321 1708 2352; x_wconf 88' lang='lat' dir='ltr'>hunc</span> <span class='ocrx_word' id='word_1_509' title='bbox 1733 2320 1821 2351; x_wconf 88' lang='lat' dir='ltr'>diem</span> <span class='ocrx_word' id='word_1_510' title='bbox 1849 2329 1964 2350; x_wconf 68' lang='lat' dir='ltr'>exem-</span> 
     </span>
     <span class='ocr_line' id='line_1_91' title="bbox 1265 2370 1964 2413; baseline -0.001 -10"><span class='ocrx_word' id='word_1_511' title='bbox 1265 2373 1355 2413; x_wconf 88' lang='lat' dir='ltr'>plum</span> <span class='ocrx_word' id='word_1_512' title='bbox 1380 2372 1473 2403; x_wconf 89' lang='lat' dir='ltr'>esse&#39;</span> <span class='ocrx_word' id='word_1_513' title='bbox 1497 2372 1624 2403; x_wconf 87' lang='lat' dir='ltr'>scribit.</span> <span class='ocrx_word' id='word_1_514' title='bbox 1670 2371 1745 2402; x_wconf 84' lang='lat' dir='ltr'>Nec</span> <span class='ocrx_word' id='word_1_515' title='bbox 1772 2380 1850 2401; x_wconf 84' lang='lat' dir='ltr'>vere</span> <span class='ocrx_word' id='word_1_516' title='bbox 1873 2370 1964 2402; x_wconf 88' lang='lat' dir='ltr'>Plin.</span> 
     </span>
     <span class='ocr_line' id='line_1_92' title="bbox 1267 2420 1962 2453; baseline -0.001 -1"><span class='ocrx_word' id='word_1_517' title='bbox 1267 2431 1333 2452; x_wconf 86' lang='lat' dir='ltr'>vn.</span> <span class='ocrx_word' id='word_1_518' title='bbox 1361 2425 1414 2453; x_wconf 76' lang='lat'>41.</span> <span class='ocrx_word' id='word_1_519' title='bbox 1451 2423 1460 2439; x_wconf 82' lang='lat'>‘</span> <span class='ocrx_word' id='word_1_520' title='bbox 1479 2422 1552 2452; x_wconf 86' lang='lat' dir='ltr'>Una</span> <span class='ocrx_word' id='word_1_521' title='bbox 1580 2421 1779 2452; x_wconf 86' lang='lat' dir='ltr'>feminarum</span> <span class='ocrx_word' id='word_1_522' title='bbox 1811 2421 1844 2451; x_wconf 92' lang='lat' dir='ltr'>in</span> <span class='ocrx_word' id='word_1_523' title='bbox 1871 2420 1962 2451; x_wconf 90' lang='lat' dir='ltr'>omni</span> 
     </span>
     <span class='ocr_line' id='line_1_93' title="bbox 1265 2469 1964 2512; baseline -0.004 -9"><span class='ocrx_word' id='word_1_524' title='bbox 1265 2482 1338 2503; x_wconf 76' lang='lat' dir='ltr'>aevo</span> <span class='ocrx_word' id='word_1_525' title='bbox 1365 2471 1529 2512; x_wconf 86' lang='lat' dir='ltr'>Lampido</span> <span class='ocrx_word' id='word_1_526' title='bbox 1552 2470 1809 2502; x_wconf 68' lang='lat' dir='ltr'>Lacedaemonia</span> <span class='ocrx_word' id='word_1_527' title='bbox 1836 2469 1964 2510; x_wconf 87' lang='lat' dir='ltr'>reperi-</span> 
     </span>
     <span class='ocr_line' id='line_1_94' title="bbox 1264 2519 1962 2563; baseline -0.004 -10"><span class='ocrx_word' id='word_1_528' title='bbox 1264 2527 1332 2562; x_wconf 91' lang='lat' dir='ltr'>tur,</span> <span class='ocrx_word' id='word_1_529' title='bbox 1347 2532 1422 2563; x_wconf 84' lang='lat' dir='ltr'>quae</span> <span class='ocrx_word' id='word_1_530' title='bbox 1439 2522 1528 2562; x_wconf 83' lang='lat' dir='ltr'>regis</span> <span class='ocrx_word' id='word_1_531' title='bbox 1545 2521 1624 2560; x_wconf 79' lang='lat' dir='ltr'>filiu,</span> <span class='ocrx_word' id='word_1_532' title='bbox 1640 2521 1729 2561; x_wconf 86' lang='lat' dir='ltr'>regis</span> <span class='ocrx_word' id='word_1_533' title='bbox 1753 2529 1849 2560; x_wconf 86' lang='lat' dir='ltr'>uxor,</span> <span class='ocrx_word' id='word_1_534' title='bbox 1873 2519 1962 2560; x_wconf 81' lang='lat' dir='ltr'>regis</span> 
     </span>
     <span class='ocr_line' id='line_1_95' title="bbox 1263 2571 1592 2604; baseline -0.003 -1"><span class='ocrx_word' id='word_1_535' title='bbox 1263 2577 1372 2604; x_wconf 77' lang='lat' dir='ltr'>mater</span> <span class='ocrx_word' id='word_1_536' title='bbox 1386 2571 1470 2603; x_wconf 68' lang='lat' dir='ltr'>fnit!</span> <span class='ocrx_word' id='word_1_537' title='bbox 1493 2572 1592 2602; x_wconf 83' lang='lat' dir='ltr'>Bern.</span> 
     </span>
    </p>

    <p class='ocr_par' dir='ltr' id='par_1_11' title="bbox 1258 2617 1963 2962">
     <span class='ocr_line' id='line_1_96' title="bbox 1305 2617 1962 2662; baseline -0.006 -10"><span class='ocrx_word' id='word_1_538' title='bbox 1305 2623 1322 2662; x_wconf 50' lang='grc' dir='ltr'>ᾧ</span> <span class='ocrx_word' id='word_1_539' title='bbox 1345 2624 1364 2652; x_wconf 82' lang='grc'>4</span> <span class='ocrx_word' id='word_1_540' title='bbox 1389 2621 1558 2661; x_wconf 77' lang='lat' dir='ltr'>Pr0d1&#39;gia]</span> <span class='ocrx_word' id='word_1_541' title='bbox 1588 2621 1642 2651; x_wconf 83' lang='lat' dir='ltr'>De</span> <span class='ocrx_word' id='word_1_542' title='bbox 1667 2619 1786 2660; x_wconf 86' lang='lat' dir='ltr'>quibus</span> <span class='ocrx_word' id='word_1_543' title='bbox 1809 2619 1902 2650; x_wconf 88' lang='lat' dir='ltr'>Plut.</span> <span class='ocrx_word' id='word_1_544' title='bbox 1927 2617 1962 2648; x_wconf 90' lang='lat' dir='ltr'>in</span> 
     </span>
     <span class='ocr_line' id='line_1_97' title="bbox 1262 2669 1962 2712; baseline -0.003 -10"><span class='ocrx_word' id='word_1_545' title='bbox 1262 2672 1332 2712; x_wconf 85' lang='lat' dir='ltr'>ejus</span> <span class='ocrx_word' id='word_1_546' title='bbox 1345 2671 1436 2708; x_wconf 91' lang='lat' dir='ltr'>Vita,</span> <span class='ocrx_word' id='word_1_547' title='bbox 1448 2674 1479 2702; x_wconf 82' lang='grc'><strong>4.</strong></span> <span class='ocrx_word' id='word_1_548' title='bbox 1497 2671 1652 2710; x_wconf 83' lang='lat' dir='ltr'>Bongars.</span> <span class='ocrx_word' id='word_1_549' title='bbox 1673 2670 1790 2700; x_wconf 79' lang='lat' dir='ltr'>Diauae</span> <span class='ocrx_word' id='word_1_550' title='bbox 1805 2669 1962 2708; x_wconf 76' lang='lat' dir='ltr'>Ephesiae</span> 
     </span>
     <span class='ocr_line' id='line_1_98' title="bbox 1263 2716 1962 2762; baseline -0.007 -10"><span class='ocrx_word' id='word_1_551' title='bbox 1263 2722 1425 2762; x_wconf 86' lang='lat' dir='ltr'>templum</span> <span class='ocrx_word' id='word_1_552' title='bbox 1450 2726 1608 2751; x_wconf 85' lang='lat' dir='ltr'>nascente</span> <span class='ocrx_word' id='word_1_553' title='bbox 1627 2719 1821 2750; x_wconf 85' lang='lat' dir='ltr'>Alexandro</span> <span class='ocrx_word' id='word_1_554' title='bbox 1839 2716 1962 2748; x_wconf 78' lang='lat' dir='ltr'>confla-</span> 
     </span>
     <span class='ocr_line' id='line_1_99' title="bbox 1262 2769 1963 2812; baseline -0.004 -10"><span class='ocrx_word' id='word_1_555' title='bbox 1262 2781 1376 2812; x_wconf 75' lang='lat' dir='ltr'>grasse</span> <span class='ocrx_word' id='word_1_556' title='bbox 1399 2770 1552 2802; x_wconf 85' lang='lat' dir='ltr'>referunt</span> <span class='ocrx_word' id='word_1_557' title='bbox 1575 2771 1646 2802; x_wconf 85' lang='lat' dir='ltr'>Cic.</span> <span class='ocrx_word' id='word_1_558' title='bbox 1664 2779 1686 2801; x_wconf 90' lang='lat'>1.</span> <span class='ocrx_word' id='word_1_559' title='bbox 1710 2769 1752 2800; x_wconf 92' lang='lat' dir='ltr'>de</span> <span class='ocrx_word' id='word_1_560' title='bbox 1776 2769 1890 2800; x_wconf 87' lang='lat' dir='ltr'>Diviu.</span> <span class='ocrx_word' id='word_1_561' title='bbox 1906 2771 1963 2800; x_wconf 83' lang='lat'>25.</span> 
     </span>
     <span class='ocr_line' id='line_1_100' title="bbox 1261 2819 1960 2860; baseline -0.006 -8"><span class='ocrx_word' id='word_1_562' title='bbox 1261 2826 1295 2852; x_wconf 82' lang='lat' dir='ltr'>et</span> <span class='ocrx_word' id='word_1_563' title='bbox 1312 2822 1404 2852; x_wconf 88' lang='lat' dir='ltr'>Plut.</span> <span class='ocrx_word' id='word_1_564' title='bbox 1423 2820 1522 2852; x_wconf 85' lang='lat' dir='ltr'>Alex.</span> <span class='ocrx_word' id='word_1_565' title='bbox 1539 2830 1573 2860; x_wconf 87' lang='lat' dir='ltr'>p.</span> <span class='ocrx_word' id='word_1_566' title='bbox 1591 2823 1664 2851; x_wconf 81' lang='lat'>665.</span> <span class='ocrx_word' id='word_1_567' title='bbox 1689 2819 1746 2850; x_wconf 90' lang='lat' dir='ltr'>ubi</span> <span class='ocrx_word' id='word_1_568' title='bbox 1763 2819 1831 2849; x_wconf 89' lang='lat' dir='ltr'>ait:</span> <span class='ocrx_word' id='word_1_569' title='bbox 1857 2819 1960 2857; x_wconf 59' lang='grc' dir='ltr'>Ἐγεν-</span> 
     </span>
     <span class='ocr_line' id='line_1_101' title="bbox 1260 2867 1961 2910; baseline -0.004 -8"><span class='ocrx_word' id='word_1_570' title='bbox 1260 2870 1333 2908; x_wconf 79' lang='grc' dir='ltr'>νήθη</span> <span class='ocrx_word' id='word_1_571' title='bbox 1350 2871 1374 2901; x_wconf 77' lang='grc' dir='ltr'>δ’</span> <span class='ocrx_word' id='word_1_572' title='bbox 1390 2869 1442 2902; x_wconf 71' lang='grc' dir='ltr'>οὖν</span> <span class='ocrx_word' id='word_1_573' title='bbox 1461 2869 1656 2910; x_wconf 79' lang='grc' dir='ltr'>Ἀλέξανδρος</span> <span class='ocrx_word' id='word_1_574' title='bbox 1681 2867 1845 2907; x_wconf 79' lang='grc' dir='ltr'>ἱσταμένου</span> <span class='ocrx_word' id='word_1_575' title='bbox 1867 2867 1961 2906; x_wconf 79' lang='grc' dir='ltr'>μηνὸς</span> 
     </span>
     <span class='ocr_line' id='line_1_102' title="bbox 1258 2919 1960 2962; baseline -0.007 -8"><span class='ocrx_word' id='word_1_576' title='bbox 1258 2923 1533 2962; x_wconf 77' lang='grc' dir='ltr'>Ἑκατομβαιῶνος,</span> <span class='ocrx_word' id='word_1_577' title='bbox 1551 2921 1586 2953; x_wconf 75' lang='grc' dir='ltr'>’ὸν</span> <span class='ocrx_word' id='word_1_578' title='bbox 1609 2919 1778 2952; x_wconf 78' lang='grc' dir='ltr'>Μακέδονες</span> <span class='ocrx_word' id='word_1_579' title='bbox 1801 2921 1885 2960; x_wconf 79' lang='grc' dir='ltr'>Λῷον</span> <span class='ocrx_word' id='word_1_580' title='bbox 1906 2930 1960 2950; x_wconf 76' lang='grc' dir='ltr'>κα-</span> 
     </span>
    </p>
   </div>
  </div>
 </body>
</html>
