2174 3424
624 344 817 375 JUSTth
856 345 947 375 me.
981 346 1052 376 lx,
1084 347 1189 377 oAr.
1220 338 1261 378 7.

215 435 410 477 parricidio,
436 446 534 477 quam
570 436 749 478 Philippus
769 436 911 475 virtute,

214 491 330 518 notum
346 487 490 527 posteris
507 486 677 517 reddidit.'

259 537 276 576 ς
300 538 319 566 8
345 537 421 566 Cum
448 536 546 566 variis
564 535 826 574 frustrationibus
850 535 912 574 dif-

209 586 362 626 ferretur]
386 586 432 617 H.
461 596 492 617 e.
515 587 548 617 in
574 586 664 617 aliud
686 591 818 627 tempus
835 587 911 627 reji-

213 640 360 667 ceretur.
405 636 459 666 Ita
473 636 562 666 Plin.
575 636 702 675 Paneg.
716 646 746 667 c.
759 639 811 668 26.
836 638 844 654 ‘
855 636 911 667 In-

212 684 322 716 fantes
345 685 453 725 ignari
483 686 562 726 quid
590 691 772 726 rogassent,
802 687 910 718 donec

212 738 311 777 plane.
327 738 465 776 scirent,
482 737 748 770 differebantur?
794 729 910 773 ‘ssafll‘l

211 778 287 829 bat
314 780 368 821 sie
394 778 542 829 helffen
568 785 736 822 marten.
773 792 909 822 Berm-

209 848 272 869 σον.
316 839 398 879 Sup.
423 848 505 871 vnl.
530 843 561 871 3.
579 843 610 872 S.
630 841 765 872 inverso
792 851 909 872 vocum

208 888 339 928 ordine,
368 891 377 906 ‘
393 889 590 920 Frustratus
614 890 714 920 variis
739 890 909 921 dilationi-

210 938 296 970 bus.’
340 939 489 971 Notand.
505 944 615 971 autem
632 940 720 980 quod
742 951 810 971 non
835 945 909 972 tan-

209 994 279 1021 tum
310 999 375 1030 res,
403 990 463 1021 sed
490 994 526 1021 et
549 1000 715 1031 personae,
736 990 907 1022 ‘differri’

208 1040 377 1072 dicuntur.
407 1040 479 1072 Vor.

251 1090 463 1130 Honoratum]
486 1091 567 1131 Sup.
586 1100 637 1122 xx.
654 1095 685 1123 5.
703 1094 733 1123 8.
757 1092 855 1124 Rern.

250 1142 391 1181 Ducam]
430 1143 548 1173 Utitur
573 1142 704 1173 Auctor
729 1143 793 1174 hac.
824 1153 907 1175 voce

207 1200 248 1223 11.
276 1194 326 1222 15.
345 1194 398 1222 14.
425 1196 461 1222 et
485 1200 575 1223 xxx.
598 1195 628 1224 2.
644 1196 675 1223 5.
720 1193 815 1224 Suet.
831 1193 905 1224 Tib.

206 1244 257 1272 19.
273 1243 302 1272 2.
317 1245 352 1271 et
366 1242 451 1272 Ner.
465 1244 517 1273 35.
536 1244 587 1274 13.
621 1242 741 1272 Utitur
767 1246 802 1273 et
824 1243 906 1273 Sue-

206 1290 300 1321 tonio
329 1291 499 1331 antiquior
517 1291 666 1330 Curtius,
681 1295 716 1322 et
740 1292 774 1322 in
795 1292 905 1323 Gloss.

205 1340 316 1371 veteri
347 1341 356 1358 ‘
370 1341 542 1373 Ducatns'
566 1347 618 1374 est
640 1342 796 1381 ἡγεμονία.
819 1344 906 1375 Βοη-

203 1399 290 1428 gars.
336 1389 426 1422 Add.
441 1392 516 1422 Liv.
535 1393 628 1432 Epit.
642 1401 738 1424 xcvr.
752 1398 787 1423 et
802 1402 905 1425 cxm.

207 1439 285 1470 Alio
300 1439 371 1470 fere
392 1450 490 1471 sensu
509 1441 601 1472 Flor.
614 1450 671 1473 111.
686 1445 738 1473 21.
754 1446 786 1473 2.
809 1443 818 1460 ‘
836 1443 905 1474 Du-

206 1494 319 1520 catum
337 1491 455 1521 sceleri
474 1491 685 1530 praebuisse!
714 1493 809 1523 Bern-

249 1538 336 1569 Iram
357 1539 389 1570 in
405 1539 519 1578 ipsum]
543 1540 659 1571 Simile
685 1540 904 1572 infortunium

206 1597 250 1618 ex
280 1599 383 1620 causa
409 1599 476 1620 non
499 1589 651 1620 dissimili
675 1590 830 1622 Phalaris
847 1601 905 1631 pa-

205 1647 279 1669 rum
305 1638 415 1670 abfuit
441 1639 520 1680 quin
546 1640 754 1671 incurreret:
780 1640 822 1671 de
838 1651 904 1681 quo

203 1687 382 1727 insigniter
414 1688 499 1718 bene
528 1689 648 1720 AElian.
673 1698 715 1720 11.
751 1691 794 1721 V.
810 1691 855 1721 H.
871 1693 903 1722 4.

206 1737 352 1777 Lycurgi
388 1737 516 1768 dictum
546 1743 599 1769 est
624 1739 657 1769 in
685 1739 784 1771 Orat.
812 1744 903 1771 cont.

205 1787 361 1818 Leocrat.
384 1788 393 1804 ‘
406 1787 540 1819 Delicta
559 1788 733 1828 tantisper,
758 1789 903 1830 dumju-

204 1836 320 1867 (licata
356 1836 498 1874 fuerint,
523 1838 612 1878 apud
644 1843 799 1871 auctores
827 1850 903 1871 suos

202 1891 360 1918 manent:
385 1888 585 1928 simulatque
605 1890 774 1920 sententia
797 1889 903 1929 acju-

202 1935 327 1967 dicium
350 1936 393 1967 de
415 1937 455 1968 iis
482 1937 610 1969 factum
633 1938 711 1978 fuit,
736 1939 828 1978 apud
845 1948 902 1970 eos

201 1991 352 2025 manent,
364 1987 420 2028 qui
437 1988 510 2027 ipsa
520 1988 599 2029 jure
615 1999 681 2020 non
696 1989 902 2020 ulciscuntur

202 2044 242 2066 ac
257 2036 456 2068 vindicant.'
479 2038 531 2068 Id.

245 2085 332 2117 CAP.
355 2095 421 2118 vn.
465 2088 482 2127 ᾧ
508 2090 524 2117 1
549 2087 726 2118 Immissum
740 2086 777 2118 ab
792 2088 901 2128 Olym-

197 2133 304 2175 piade]
326 2135 383 2166 Sic
398 2142 434 2167 et
457 2144 561 2167 xxm.
577 2139 608 2168 3.
623 2139 653 2168 6.
680 2137 714 2167 iu
730 2136 899 2167 subsesso-

201 2193 272 2215 rem
311 2185 412 2217 alieni
441 2187 647 2218 matrimonii
683 2196 898 2226 percussores

199 2233 350 2267 immissi.
395 2237 445 2267 Ea
469 2237 518 2268 vis
543 2237 698 2268 nimirum
715 2242 766 2268 est
782 2238 898 2269 mulie-

200 2283 267 2316 bris
283 2287 480 2327 zelotypiae:
513 2297 610 2328 quam
635 2286 738 2318 furori
765 2287 899 2318 leonino

200 2340 296 2367 recte
312 2341 486 2377 comparat
513 2338 580 2369 Ov.
605 2337 648 2368 de
664 2337 750 2368 Arte
766 2346 806 2369 11.
823 2340 899 2368 373.

200 2385 246 2416 Et
261 2385 368 2417 instar
383 2387 538 2418 miraculi
553 2392 630 2418 sunt
641 2387 810 2426 habenda,
821 2396 897 2428 qnae

199 2434 293 2468 Plut.
309 2435 400 2468 Virt.
416 2437 502 2468 Mul.
517 2447 546 2468 c.
559 2440 611 2468 42.
629 2438 670 2468 de
683 2437 896 2468 Stratonica:

197 2485 273 2516 Val.
303 2486 354 2517 M.
381 2496 431 2518 vr.
459 2490 491 2518 7.
518 2488 561 2518 de
589 2487 743 2518 Africani
775 2487 897 2528 prioris

197 2544 303 2566 uxore
327 2536 477 2567 AEmilia:
509 2538 603 2568 Suet.
629 2536 715 2578 Aug.
739 2541 792 2568 71.
809 2540 839 2568 3.
856 2537 898 2568 de

198 2584 343 2625 Augusti
360 2586 479 2617 Livia:
502 2587 592 2618 Saxo
608 2586 666 2618 lib.
685 2595 751 2618 xu.
767 2586 809 2616 de
826 2586 899 2617 Eri-

199 2634 231 2665 ci
262 2644 302 2667 11.
335 2636 508 2667 Danorum
540 2637 628 2677 regis
654 2636 805 2675 Botilda‚
828 2645 897 2667 ma-

199 2684 342 2716 ritorum
374 2690 554 2717 extraneos
587 2695 718 2717 amores
742 2686 897 2726 juvanti-

199 2733 273 2774 bus,
303 2739 434 2766 tantum
458 2736 552 2768 abest
568 2741 605 2768 ut
620 2736 897 2777 impedientibus,

198 2789 395 2817 memorant.
417 2785 469 2816 Id.

242 2833 308 2863 Nec
328 2833 428 2874 ipsum
451 2835 679 2876 Alexandrum]
714 2836 800 2867 Mss.
828 2836 895 2867 mei

201 2890 265 2912 non
295 2889 482 2923 agnoscunt
510 2884 546 2915 τὸ
574 2885 665 2917 Alex.
695 2890 730 2917 et
759 2886 895 2918 videtur

1574 338 1659 379 767

962 446 1062 477 posse
1088 438 1208 469 abesse
1232 439 1319 470 citra
1341 440 1520 472 sententiae
1543 441 1659 473 interi-

962 493 1125 519 mentum.
1145 490 1233 520 Mod.

1005 539 1022 578 ς
1045 540 1064 568 3
1089 538 1205 578 Regni,
1219 539 1286 578 δῖα]
1308 539 1398 570 Saxo
1415 549 1439 571 1.
1454 540 1526 571 init.
1547 541 1658 582 ‘Reg-

963 588 995 618 ni
1012 590 1149 620 aemulos
1162 594 1267 630 ratus,
1280 601 1362 631 quos
1375 591 1542 632 dignitate
1559 602 1658 633 pares

961 638 1147 670 habuerat!

1006 688 1060 718 Ex
1081 698 1222 727 noverca,
1247 689 1315 729 Esca]
1361 689 1447 721 Haec
1477 700 1583 731 usque
1614 692 1655 723 ad

962 738 1065 768 verba
1087 742 1278 778 proeparatos
1315 739 1423 770 habuit
1461 740 1582 771 absunt
1614 743 1657 773 ab

960 791 1032 826 opt.
1050 787 1165 818 libris:
1196 788 1361 818 habentur
1386 793 1499 820 tamen
1531 789 1564 820 in
1591 800 1658 821 uno

960 837 1088 877 Cujacii
1113 837 1243 877 codice,
1272 848 1384 879 neque
1407 839 1564 870 videntur
1581 841 1658 881 reji-

958 886 1092 919 cienda.
1136 887 1191 918 Ad
1204 897 1244 918 ea
1260 887 1326 919 vid.
1337 889 1430 920 Plut.
1446 888 1545 920 Alex.
1569 891 1657 922 Bou-

955 947 1043 976 gars.
1098 938 1181 969 Ead.
1210 949 1343 980 quoque
1374 939 1496 971 absunt
1523 951 1543 971 a
1573 942 1657 973 Cod.

957 996 983 1019 1.
998 988 1098 1019 Voss.
1123 988 1259 1020 Gronov.
1305 990 1368 1030 [Et
1396 990 1526 1021 uncinis
1550 991 1657 1023 inclu-

957 1037 1083 1069 duntur
1096 1039 1130 1069 in
1146 1039 1209 1071 Ed.
1225 1040 1349 1080 Bong.]
1394 1041 1446 1070 Ex
1471 1042 1658 1081 Cleopatra

956 1092 1051 1128 puta,
1075 1087 1200 1128 Attali,
1238 1099 1315 1121 cum
1347 1100 1414 1131 quo
1438 1091 1471 1120 in
1499 1092 1655 1124 convivio

957 1136 1190 1170 Alexandrum
1208 1138 1366 1180 jurgasse
1382 1150 1461 1172 mox
1476 1142 1584 1181 addit,
1605 1153 1656 1174 so-

956 1197 1045 1218 rore.
1075 1189 1146 1220 Vor.

997 1238 1126 1278 Actum]
1151 1238 1215 1270 Iid.
1245 1239 1328 1271 Mss.
1362 1241 1428 1271 mei
1451 1241 1534 1279 fact.
1566 1243 1654 1283 quod

955 1296 1024 1327 prae
1036 1289 1174 1328 vulgato
1188 1289 1311 1329 placet.
1333 1290 1420 1321 Sane
1432 1292 1533 1322 etiam
1544 1293 1654 1333 Bong.

954 1337 988 1367 in
1016 1338 1083 1369 Ms.
1101 1338 1225 1376 factam
1242 1349 1302 1380 pro
1318 1344 1421 1371 actum
1437 1352 1472 1372 se
1488 1343 1654 1382 reperisse

954 1385 1096 1426 fatetur,
1111 1398 1177 1428 quo
1193 1390 1298 1429 magis
1315 1390 1533 1422 confirmatur
1549 1393 1654 1423 etiam

953 1440 1104 1467 nostrum
1134 1438 1227 1470 illud.
1250 1440 1385 1471 Modius.
1431 1441 1574 1472 Rectius
1599 1447 1653 1473 est

943 1485 1077 1522 sactum.
1102 1488 1210 1518 Sebis.
1257 1489 1339 1520 Cod.
1367 1489 1485 1530 aliquis
1506 1491 1654 1529 Ms.suc-

954 1539 1028 1567 tam.
1073 1537 1165 1568 Und.
1190 1538 1325 1578 legend.
1363 1539 1499 1571 videtur
1516 1541 1654 1578 factum.

953 1586 1036 1619 Vor.

999 1637 1078 1667 Cum
1093 1637 1218 1677 Attalo]
1249 1638 1341 1669 Plut.
1358 1637 1457 1670 Alex.
1474 1649 1505 1671 c.
1530 1643 1582 1672 15.
1599 1650 1652 1672 re-

953 1687 1023 1718 fert
1043 1687 1272 1720 Alexandrum
1297 1690 1331 1720 in
1352 1690 1416 1721 ista
1431 1692 1651 1723 contentione

951 1738 1114 1777 scyphum
1124 1738 1158 1768 in
1172 1738 1323 1769 Attalum
1331 1740 1526 1780 conjecisse.
1550 1742 1649 1773 Rern.

995 1787 1012 1826 ξ
1036 1790 1056 1817 6
1081 1787 1302 1828 Precibusque]
1337 1790 1477 1820 Mallem
1495 1790 1578 1821 illud
1595 1801 1651 1831 que

951 1837 1006 1867 vel
1023 1836 1152 1876 delere,
1183 1847 1257 1868 cum
1284 1839 1459 1877 praecedat
1482 1840 1649 1879 proxime,

951 1887 1006 1917 vel
1021 1892 1154 1918 mutare
1166 1887 1199 1917 in
1215 1898 1340 1927 quoque.
1363 1888 1477 1920 Schef.

993 1938 1011 1977 ξ
1033 1940 1052 1968 7
1077 1937 1285 1978 Subornabat]
1311 1939 1377 1969 Hic
1402 1939 1422 1970 l.
1445 1939 1525 1970 mihi
1550 1940 1649 1972 valde

950 1991 1129 2027 suspectus
1143 1992 1205 2018 est.
1229 1989 1412 2028 Exponunt
1429 1989 1564 2029 quidem
1580 1990 1650 2021 sub-

948 2047 1058 2068 ornare
1076 2038 1213 2069 verbum
1230 2048 1305 2078 per,
1329 2039 1513 2079 instigare3
1531 2050 1649 2071 verum

949 2098 990 2119 an
1006 2088 1054 2118 sic
1073 2087 1152 2119 boni
1167 2089 1350 2129 loquantur
1367 2094 1536 2128 auctores,
1558 2100 1649 2131 quae-

949 2148 986 2169 ro
1002 2139 1124 2178 adhuc,
1143 2149 1207 2170 nec
1232 2139 1378 2172 invenio.
1424 2140 1649 2172 Considerent

948 2188 1131 2220 doctiores.
1158 2190 1207 2221 Id.

991 2239 1009 2279 ς
1033 2242 1052 2269 8
1081 2239 1226 2279 Utrique]
1243 2240 1288 2270 Et
1304 2239 1357 2270 hic
1369 2239 1464 2271 Junt.
1477 2249 1543 2271 non
1558 2240 1647 2271 male

947 2291 1084 2329 uterque.
1101 2289 1216 2320 Graev.
1239 2289 1410 2321 Ed.Junt.
1426 2294 1512 2321 teste
1530 2290 1646 2322 Graev.

946 2342 1095 2379 uterque:
1119 2339 1153 2370 id
1184 2340 1274 2380 quod
1299 2339 1436 2371 Graevio
1461 2344 1497 2371 et
1521 2341 1647 2380 placet.

947 2389 1073 2419 Verum
1114 2390 1196 2420 nihil
1240 2389 1318 2420 novi
1357 2399 1473 2420 vocem
1506 2390 1645 2430 pluralis

946 2438 1078 2469 numeri
1107 2440 1230 2479 utrique
1259 2440 1301 2470 de
1337 2439 1466 2470 duabus
1493 2440 1644 2480 personis

945 2488 1086 2528 singulis
1112 2489 1279 2529 usurpari.
1324 2489 1443 2529 Nepos
1474 2498 1535 2520 xx.
1558 2493 1588 2521 2.
1612 2493 1644 2522 2.

945 2538 954 2555 ‘
965 2537 1110 2578 Utrique
1120 2538 1303 2579 Dionysii,’
1315 2548 1389 2579 pro,
1403 2543 1546 2579 uterque
1559 2540 1643 2570 Dio-

946 2588 1070 2628 nysius.
1114 2588 1194 2619 Vid.
1219 2593 1255 2619 et
1277 2588 1378 2620 Indd.
1401 2589 1436 2619 in
1453 2589 1543 2628 Nep.
1558 2589 1642 2620 etin

947 2638 1036 2668 Flor.
1077 2637 1179 2669 Vorst.
1236 2638 1349 2669 Nemo
1377 2638 1433 2669 hic
1462 2639 1641 2679 quicquam

945 2687 1117 2727 movisset,
1137 2687 1202 2718 nisi
1222 2687 1276 2718 ed.
1293 2687 1391 2719 Junt.
1417 2697 1459 2718 ex
1476 2692 1642 2728 praestan-

945 2737 1014 2768 tiss.
1042 2737 1140 2769 codd.
1164 2747 1339 2778 expressa,
1364 2741 1399 2768 et
1429 2748 1471 2768 ex
1498 2747 1564 2779 qua
1590 2742 1643 2770 tot

943 2787 1019 2818 loca
1055 2787 1185 2819 Justini
1223 2788 1370 2828 pessime
1408 2787 1525 2818 habita
1561 2791 1641 2819 sunt

944 2836 1135 2877 emendata,
1147 2838 1226 2869 lect.
1243 2836 1487 2878 elegantiorem
1500 2836 1641 2877 objecis-

944 2891 1007 2918 set.
1035 2886 1141 2918 Groev.
