2101 3419
443 378 579 420 cxviii

444 485 580 514 bantium
594 484 654 520 xiv,
672 487 701 520 1,
713 486 753 515 13
769 482 901 523 aliquem
914 483 1024 524 injure
1040 484 1140 515 socie-

443 526 514 555 tatis
550 527 629 562 xxix,
658 529 689 562 4,
717 529 738 557 9
785 526 956 555 libertatem
990 526 1138 556 illibatam

444 567 536 603 xxxii,
553 572 583 603 l,
596 571 616 599 2
639 573 774 598 retentus
790 578 855 597 rnos
877 567 930 603 xii,
943 571 976 604 7,
991 571 1010 598 3

486 609 677 650 Retorquere
693 610 792 641 scelus
807 610 839 639 in
859 614 1015 641 auctorem
1037 609 1137 646 xxxiv,

442 653 476 686 4,
492 654 512 681 2

484 691 652 723 Retrahere
667 693 835 733 fugientem
859 692 982 729 xxxviii,
998 696 1031 729 9,
1043 697 1063 724 6
1092 704 1138 724 re-

443 739 554 764 tractus
569 736 728 774 (subaudi,
744 746 781 765 ex
794 736 883 774 fuga)
895 736 955 770 xiv,
969 738 1001 770 3,
1019 738 1058 766 12
1072 735 1139 774 (Ita

443 781 452 793 ‘
465 781 610 806 retractus
625 787 662 807 ex
677 777 806 814 itinere,'
822 778 944 808 Sallust.
957 777 1026 809 Cat.
1037 777 1136 814 xxxix,

441 818 479 859 5)
496 817 632 848 Freinsh-

484 859 652 890 Revertere
674 860 726 895 xii,
741 863 772 896 8,
788 864 827 892 17

483 901 611 932 Reverti
627 903 658 931 in
671 903 797 941 gratiam
813 903 885 942 (pro
901 902 997 932 redire
1017 903 1049 932 in
1070 913 1138 943 gra-

441 943 531 984 tiam)
555 945 616 979 xvi,
633 947 660 980 l,
676 948 694 975 7
721 944 857 974 Freinsh.
881 945 989 974 reverti
1013 944 1046 974 in
1069 956 1137 985 reg-

440 996 514 1015 num
538 986 638 1021 xxxiV,
651 989 682 1022 3,
699 989 729 1016 5.
753 987 862 1021 xxxvii,
888 989 920 1022 3,
945 990 966 1017 6
1001 997 1137 1017 reversus

441 1028 480 1057 ab
504 1027 677 1058 Hammone
700 1028 741 1064 xi,
757 1031 809 1063 11,
824 1031 863 1059 13
887 1029 925 1058 ab
951 1028 1043 1058 India
1073 1029 1137 1065 xiii,

440 1073 473 1105 5,
488 1072 508 1100 2
532 1080 666 1100 reversus
678 1070 709 1099 in
725 1071 853 1110 patriam
875 1070 936 1105 xxi,
952 1073 983 1105 6,
997 1073 1015 1101 7
1039 1071 1071 1100 in
1087 1081 1136 1101 ur-

440 1112 509 1141 bem
532 1112 593 1147 xvi,
610 1117 641 1151 5,
656 1115 676 1142 6
699 1112 738 1142 de
753 1112 845 1141 exilio
867 1112 970 1148 xvi,4,
986 1115 1007 1143 9

483 1152 641 1184 Revocare
665 1153 798 1194 aliquem
824 1154 856 1183 in
881 1164 1006 1194 regnum
1035 1153 1136 1190 xxxix,

439 1196 472 1232 4,
487 1199 505 1225 5
530 1195 561 1224 in
578 1195 714 1235 praelium
737 1195 829 1231 xxxii,
844 1198 873 1231 1,
890 1200 907 1227 5
923 1196 955 1225 in
971 1195 1137 1226 amicitiam

438 1236 520 1271 xxxi,
537 1240 568 1273 6,
587 1240 608 1268 6
632 1238 780 1277 populum
796 1238 835 1267 ad
850 1248 938 1267 usum
954 1238 1137 1278 frugalitatis

439 1289 488 1313 xx,
514 1281 546 1314 4,
576 1282 594 1309 5
618 1289 681 1308 non
705 1284 828 1310 revocat
853 1280 986 1320 aliquem
1009 1290 1028 1310 a
1051 1285 1138 1310 tanta

440 1320 630 1350 immanitate
645 1327 771 1360 paterna
787 1321 930 1361 majestas
953 1333 983 1358 x,
998 1325 1028 1358 l,
1044 1325 1064 1353 6
1090 1333 1136 1353 re-

439 1363 541 1392 vocari
571 1363 602 1391 in
630 1364 807 1393 memoriam
835 1363 967 1404 alicujus
994 1363 1036 1394 rei
1060 1364 1136 1405 (hoc

439 1408 495 1443 est,
507 1405 657 1434 recordari
669 1405 767 1446 illius)
790 1406 811 1441 i,
827 1409 859 1441 5,
875 1409 906 1436 3.
929 1406 981 1441 vii,
1000 1409 1028 1442 1,
1045 1409 1065 1436 8
1090 1416 1136 1436 re-

438 1446 540 1475 vocari
562 1447 599 1476 ad
624 1452 739 1477 reatuin
770 1448 913 1488 (domum
940 1448 1004 1478 scil.
1028 1453 1060 1478 et
1095 1449 1136 1478 ad

438 1497 559 1517 causam
587 1488 766 1529 dicendam)
798 1489 838 1524 iv,
855 1492 887 1526 4,
904 1492 923 1521 4
957 1490 1059 1520 Vorst.
1092 1500 1137 1520 re-

437 1535 585 1559 vocantur
610 1531 703 1560 animi
735 1532 774 1560 ad
802 1541 887 1571 spem
917 1532 1089 1562 certaminis
1118 1543 1137 1562 a

437 1572 544 1611 prioris
558 1572 688 1602 fortunas
704 1573 836 1612 procella
858 1573 900 1609 iv,
912 1578 942 1610 5,
956 1578 974 1604 5
1002 1575 1136 1604 revocari

437 1623 455 1642 a
470 1613 551 1643 bello
566 1615 604 1643 ad
617 1614 770 1654 judicium
795 1625 823 1650 v,
841 1618 871 1650 1,
887 1619 908 1646 2
931 1622 1073 1646 revocato
1095 1616 1134 1645 ad

438 1655 551 1685 bellurn
567 1657 668 1686 animo
692 1658 744 1692 xii,
755 1660 787 1693 6,
802 1660 841 1688 18
864 1658 998 1688 revocari
1013 1659 1043 1687 in
1060 1668 1135 1689 con-

437 1697 573 1727 cordiam
598 1698 661 1734 xiii,
677 1701 740 1734 4,2

483 1738 615 1768 Revolvi
632 1741 661 1769 in
678 1740 825 1770 luxuriam
848 1752 918 1776 xxx,
935 1744 964 1776 1,
977 1744 997 1772 7

479 1779 548 1810 Rex
572 1781 736 1812 Poenorum
764 1783 864 1812 dictus
888 1784 1052 1820 Bomilcar,
1081 1784 1135 1824 qui

439 1826 558 1852 tantum
584 1824 645 1853 dux
669 1825 828 1860 erat‘xxii,
853 1828 884 1861 7,
900 1828 920 1856 7
958 1826 1026 1866 (Ita
1049 1828 1132 1865 apud

438 1863 612 1894 Diodorum
647 1866 700 1895 lib.
729 1877 778 1895 xx.
808 1877 878 1906 cap.
909 1870 961 1897 33.
998 1867 1134 1897 Amilcar

437 1906 530 1934 etiam
548 1910 556 1924 ‘
571 1907 631 1936 rex'
643 1908 782 1947 dicitur).
799 1919 884 1948 reges
896 1909 1013 1948 antiqui
1029 1909 1134 1948 quales

438 1946 459 1981 i,
478 1950 508 1983 l,
525 1950 542 1977 1
567 1958 652 1988 reges
667 1959 702 1978 ex
720 1950 871 1989 praefectis
886 1950 1053 1980 Alexandri
1068 1951 1132 1986 xiii,

437 1991 468 2022 4,
485 1992 537 2019 25.
560 2000 609 2024 xv,
623 1994 654 2025 2,
670 1993 709 2021 10
732 2001 816 2030 reges
831 1992 1133 2021 Lacedaemoniorum

438 2030 482 2063 iii,
498 2033 530 2065 3,
541 2033 561 2061 2
584 2031 793 2061 Rornanorum
807 2034 912 2072 quales
935 2034 1056 2068 xxxviii,
1069 2037 1100 2069 6,
1114 2037 1134 2064 8

437 2081 522 2110 reges
538 2083 642 2103 omnes
658 2074 730 2103 odio
747 2073 840 2103 Rom.
863 2075 984 2110 xxxviii,
997 2078 1028 2111 6,
1044 2079 1059 2106 1
1089 2086 1136 2106 re-

438 2112 484 2151 gis
499 2116 695 2150 contumelia,
711 2120 746 2145 ut
760 2116 905 2154 parentis,
928 2126 1016 2156 aequo
1032 2117 1134 2147 animo

436 2155 562 2184 ferenda
594 2167 644 2192 xv,
672 2160 704 2192 3,
731 2160 771 2187 10
802 2159 881 2198 regis
911 2168 1008 2188 mores
1037 2160 1135 2189 omnis

436 2196 518 2235 regia
530 2198 666 2237 sequitur
678 2209 746 2233 xxx,
760 2201 789 2233 l,
800 2199 998 2240 2.—-Regum
1012 2201 1135 2241 AEgyp-

436 2238 546 2267 tiorum
563 2250 673 2269 nomen
697 2245 704 2257 ‘
720 2240 929 2277 Ptolemaeus,'
952 2242 1135 2282 AEthiopum

434 2279 603 2319 reginarum
613 2285 622 2298 ‘
631 2282 798 2317 Candace,’
808 2283 934 2313 testibus
942 2283 1014 2313 Act.
1025 2284 1136 2324 Apost.

437 2321 498 2355 viii,
525 2325 577 2352 27.
601 2323 704 2353 Plinio
738 2324 778 2359 vi,
801 2328 854 2355 22.
890 2325 912 2355 f.
945 2325 1133 2357 Albanorum

437 2363 594 2401 ⁸,Silvius,‘
611 2364 698 2394 Livio
722 2365 776 2395 lib.
805 2367 825 2396 i.
848 2376 952 2407 regum
968 2368 1135 2407 Cappado-

436 2414 505 2434 cum
523 2409 530 2422 ‘
545 2405 743 2436 Ariarathes!
767 2407 950 2444 Gothorum,
968 2414 1044 2440 teste
1062 2411 1134 2441 Cal-

436 2446 507 2475 vino
523 2447 553 2476 in
568 2447 679 2478 Lexico
690 2449 791 2481 Jurid.
807 2461 882 2481 voce
897 2450 1029 2487 Flavius,
1044 2456 1052 2469 ‘
1066 2452 1134 2483 Fla·

437 2488 524 2518 vius.’
547 2489 693 2519 Indorum
721 2496 728 2509 ‘
745 2492 888 2528 Taxiles,'
925 2497 1003 2523 teste
1026 2494 1133 2525 Curtio

438 2529 500 2565 viii,
516 2533 566 2565 12,
582 2535 635 2562 23.
652 2533 885 2573 Paphlagonum
902 2539 910 2552 ¹
928 2535 1133 2576 Pylaemenes'

436 2572 547 2607 xxxvii,
558 2576 590 2609 4,
600 2577 629 2604 8.
643 2575 822 2606 Parthorum
833 2581 841 2594 ¹
849 2576 990 2607 Arsaces’
999 2578 1050 2614 xli,
1060 2583 1091 2615 5,
1102 2583 1132 2610 6.

437 2614 634 2645 Ponticorum
649 2621 656 2633 ‘
666 2617 872 2648 Mithridates'
880 2624 911 2648 et
919 2624 926 2636 ¹
937 2619 1133 2651 Pharnaces.'

436 2654 644 2687 Romanorum
669 2663 677 2675 ‘
689 2658 802 2689 Caesar’
817 2667 849 2690 et
865 2665 872 2678 ‘
886 2661 1054 2700 Augustus'
1079 2663 1132 2698 xli,

437 2701 468 2731 5,
482 2701 513 2727 9.
536 2698 679 2739 Syrorum
708 2701 880 2738 ‘Adadus,'
897 2708 972 2732 teste
995 2704 1132 2745 Josepho

437 2738 591 2779 Antiquit.
608 2741 659 2771 lib.
675 2742 725 2772 vii.
740 2753 807 2784 cap.
820 2747 852 2775 6.
877 2745 1014 2775 Freinsh.

480 2780 620 2820 Rhaetus,
633 2784 833 2815 Tusculorum
849 2787 922 2822 dux,
934 2787 1064 2818 Rhaetiae
1078 2799 1134 2819 no-

437 2831 507 2893 ξῐὲςᾶι
531 2824 618 2855 dedit
639 2837 688 2862 xx,
712 2831 744 2864 5,
770 2831 790 2859 9
813 2828 993 2860 Rhaetorum
1015 2835 1133 2871 gentes,

436 2873 446 2892 1
471 2874 479 2893 ι
506 2885 514 2893 .

459 2905 729 2981 [Bhgaymaffi'
744 2910 871 2944 Romuli
886 2918 917 2944 et
931 2912 1024 2946 Remi
1040 2919 1133 2946 mater

437 2958 454 2976 x
470 2957 513 2985 ur,
550 2971 560 2986 ,

1090 388 1248 420 INDEX

1233 484 1368 526 Rhegini
1393 484 1546 516 discordia
1568 483 1739 516 laborantes
1765 485 1883 518 auxiliis

1190 528 1250 557 suis
1266 528 1426 558 caeduntur
1448 528 1489 563 ἰν,
1505 530 1536 564 3,
1553 530 1570 558 1
1594 526 1731 568 Rhegini
1754 530 1810 559 sub
1832 534 1882 569 ty-

1189 570 1291 599 rannis
1313 570 1373 605 xxi,
1389 572 1420 604 3,
1439 572 1459 600 2

1231 611 1386 651 Rhegium
1401 611 1484 640 unde
1499 610 1616 640 dictum
1638 610 1680 647 iv,
1699 613 1728 647 1,
1744 614 1764 642 7

1231 653 1356 693 Rhipaei
1372 658 1491 682 montes
1514 653 1546 688 ii,
1561 655 1592 688 2,
1609 656 1627 683 1

1230 695 1403 725 Rhodanus
1419 694 1529 724 Galliae
1545 694 1655 723 fluvius
1676 693 1751 729 xliii,
1763 697 1793 729 3,
1811 697 1852 726 12

1230 737 1401 766 Rhodanus
1416 736 1592 766 Hamilcar:
1616 736 1687 765 vide
1708 735 1865 767 Hamilcar

1230 779 1348 809 Rhodii
1370 790 1437 813 xxx,
1451 781 1482 814 3,
1499 782 1517 808 5
1533 783 1564 808 et
1579 781 1598 808 3
1622 777 1813 807 Rhodiorum
1840 779 1885 809 le-

1188 822 1250 861 gati
1266 820 1375 851 Romae
1391 825 1558 862 queruntur
1580 820 1619 850 de
1644 819 1789 859 Philippo
1814 831 1883 856 xxx,

1211 886 1361 934 'Rhodus
1384 908 1553 944 occupatur
1577 903 1616 932 ab
1643 901 1818 933 Alexandro
1840 903 1882 942 xi,

1187 950 1240 984 11,
1258 950 1274 977 1
1300 951 1386 976 terrae
1401 951 1486 975 motu
1502 945 1675 975 concutitur
1691 955 1760 980 xxx,
1771 949 1803 981 4,
1819 948 1838 976 3

1230 989 1382 1018 Rhoxane
1397 987 1564 1018 Alexandri
1586 986 1700 1027 conjux
1723 997 1884 1027 praegnans

1186 1031 1291 1061 relicta
1312 1030 1366 1065 xii,
1382 1033 1434 1066 15,
1448 1033 1480 1061 9.
1512 1029 1575 1065 xiii,
1590 1032 1621 1064 2,
1637 1033 1655 1059 5
1680 1039 1750 1059 cum
1772 1029 1883 1071 Olym-

1186 1073 1278 1113 piade
1293 1078 1325 1102 et
1338 1072 1400 1102 filio
1413 1082 1468 1102 suo
1484 1071 1629 1112 Pydnam
1641 1071 1722 1111 fugit
1743 1071 1805 1107 xiii,
1819 1076 1850 1107 6,
1862 1074 1884 1103 4

1186 1114 1356 1145 custoditur
1370 1105 1552 1154 Amphipoli
1575 1112 1635 1148 xiv,
1655 1116 1687 1149 6,
1705 1116 1744 1144 13
1768 1113 1884 1143 interfi-

1184 1157 1263 1188 citur
1284 1167 1334 1192 xv,
1348 1159 1380 1192 2,
1397 1160 1416 1187 5

1227 1198 1344 1229 Ridere
1365 1197 1446 1234 xxiv,
1461 1201 1493 1233 5,
1515 1199 1535 1229 4
1562 1196 1659 1226 ridere
1685 1195 1718 1226 in
1741 1196 1881 1228 convivio

1185 1240 1227 1277 ix,
1246 1243 1280 1275 4,
1301 1243 1318 1272 1
1758 1253 1760 1255 ·

1227 1282 1391 1313 Ridiculus
1406 1280 1528 1317 xxxviii,
1541 1283 1571 1317 8,
1582 1283 1603 1312 9
1618 1279 1778 1311 ridiculum
1790 1280 1882 1317 xxxii,

1210 1348 1345 1406 'Rigent
1355 1370 1439 1395 terrae
1448 1364 1567 1404 frigoris
1577 1363 1765 1395 immanitate
1776 1364 1808 1400 ii,
1817 1367 1847 1400 1,
1859 1367 1880 1396 6

1227 1408 1327 1448 Rigor
1352 1407 1471 1448 hyemis
1494 1407 1527 1442 ii,
1543 1409 1575 1442 1,
1592 1409 1630 1437 15
1666 1406 1745 1447 rigor
1771 1417 1880 1437 nervos

1185 1449 1355 1480 Alexandri
1370 1453 1503 1489 occupat
1523 1449 1566 1485 xi,
1581 1451 1612 1484 8,
1635 1451 1656 1479 4

1228 1492 1313 1532 Ripa
1335 1502 1405 1527 xxx,
1421 1494 1452 1526 4,
1470 1494 1487 1522 1

1226 1534 1322 1564 Risus
1336 1533 1461 1563 infantis
1483 1532 1506 1568 i,
1521 1534 1553 1567 4,
1570 1534 1611 1563 12
1637 1531 1729 1562 risum
1745 1532 1880 1572 praebere

1185 1576 1246 1612 xxi,
1264 1580 1295 1612 5,
1311 1579 1331 1607 6
1354 1576 1413 1605 risu
1429 1575 1565 1604 exultare
1586 1574 1659 1609 xliv,
1674 1577 1706 1610 2,
1721 1576 1742 1605 4

1228 1617 1305 1647 Ritu
1320 1616 1473 1657 accipitris
1496 1616 1586 1651 xxvii,
1599 1619 1631 1651 2,
1647 1619 1668 1647 8

1227 1659 1335 1689 Robur
1348 1659 1561 1689 Thessalorum
1581 1658 1719 1698 equitum
1743 1657 1796 1693 vii,
1811 1660 1844 1694 6,
1859 1660 1879 1688 8

1226 1701 1413 1731 Robustiore
1429 1701 1563 1730 exercitu
1573 1701 1649 1740 (hoc
1660 1705 1716 1736 est,
1728 1699 1880 1740 auctiore)

1184 1743 1225 1779 iv,
1239 1747 1270 1779 3,
1286 1747 1306 1774 6
1330 1743 1466 1774 Freinsh.
1490 1741 1698 1772 robustissima
1712 1752 1780 1782 pars
1795 1751 1881 1772 exer-

1184 1786 1263 1816 citus
1284 1795 1353 1821 xxv,
1369 1787 1400 1820 4,
1417 1788 1437 1815 6
1459 1784 1658 1814 robustissimi
1673 1784 1727 1814 filii
1755 1784 1798 1819 iii,
1816 1787 1846 1819 l,
1858 1786 1880 1814 2

1226 1827 1342 1868 Rogari
1368 1826 1468 1856 solent
1492 1826 1546 1856 Dii
1575 1836 1629 1865 pro
1659 1826 1722 1856 vita
1749 1824 1880 1865 alicujus

1182 1869 1265 1905 xviii,
1278 1874 1309 1904 6,
1323 1872 1362 1900 12
1378 1869 1446 1908 (Sic
1458 1868 1604 1898 Phaedrus
1619 1868 1681 1898 fab.
1693 1871 1744 1899 41.
1761 1873 1769 1885 ‘
1781 1867 1879 1897 Daru-

1182 1921 1254 1940 num
1271 1911 1351 1940 haud
1367 1915 1518 1946 recusant,
1535 1914 1653 1939 tantum
1669 1920 1723 1949 pro
1745 1910 1808 1939 vita
1830 1919 1879 1939 ro-

1182 1952 1279 1992 gant.’
1323 1952 1364 1981 Et
1379 1951 1497 1982 Plinius
1521 1952 1573 1981 lib.
1598 1962 1627 1980 x.
1653 1961 1721 1991 cap.
1737 1954 1767 1982 2.
1794 1955 1803 1968 ‘
1824 1961 1878 1991 pro

1182 2004 1231 2023 me
1254 1994 1402 2033 rogabat!
1426 1994 1543 2023 Rursus
1559 1998 1671 2028 noster,
1685 1999 1693 2010 ⁸
1716 1993 1813 2033 rogari
1837 1993 1877 2023 ad

1183 2035 1366 2065 convivium'
1383 2035 1457 2070 xliii,
1474 2038 1504 2070 3,
1523 2038 1572 2065 10.
1595 2035 1634 2064 de
1649 2044 1711 2074 quo
1727 2035 1798 2065 vide
1808 2044 1877 2074 cap.

1184 2079 1236 2107 17.
1259 2078 1298 2107 de
1323 2077 1424 2107 Latin.
1449 2077 1471 2106 f.
1497 2075 1598 2116 susp.)
1624 2086 1729 2115 rogare
1753 2077 1877 2106 summis

1183 2119 1324 2158 precibus
1347 2119 1368 2153 i,
1383 2122 1415 2154 4,
1432 2122 1452 2150 9
1475 2128 1579 2157 rogare
1595 2117 1708 2147 bellum
1731 2119 1804 2158 (pro
1828 2128 1877 2148 ro-

1183 2171 1253 2201 gare
1269 2166 1303 2190 ut
1318 2160 1430 2190 bellum
1447 2160 1582 2200 geratur)
1595 2159 1658 2195 viii,
1670 2162 1702 2196 4,
1718 2163 1737 2191 7
1756 2159 1856 2190 Vorst.

1227 2202 1334 2242 Rogus
1356 2202 1398 2237 xi,
1416 2205 1445 2238 1,
1461 2205 1480 2233 4

1228 2244 1328 2274 Roma
1355 2245 1498 2273 conditur
1533 2242 1606 2278 xliii,
1633 2245 1665 2279 3,
1695 2245 1711 2273 1
1750 2242 1876 2282 quando

1184 2285 1267 2321 xviii,
1283 2289 1314 2321 6,
1330 2290 1350 2317 9
1372 2285 1492 2325 capitur
1507 2296 1524 2315 a
1540 2285 1638 2315 Gallis
1661 2285 1701 2320 vi,
1716 2287 1748 2320 6,
1764 2288 1796 2316 6.
1826 2296 1876 2320 xx,

1183 2332 1215 2363 5,
1230 2331 1250 2359 4
1273 2329 1312 2358 de
1327 2327 1590 2367 Romajudicium
1606 2327 1723 2367 Cyneae
1746 2326 1830 2362 xviii,
1843 2329 1876 2362 2.

1187 2372 1226 2400 10
1262 2369 1403 2399 Romana
1432 2370 1501 2398 urbs
1535 2370 1576 2404 vi,
1602 2372 1633 2404 6,
1658 2373 1689 2400 5.
1721 2367 1794 2403 xliv,
1810 2371 1840 2404 1,
1855 2371 1876 2399 4

1182 2412 1255 2452 (pro
1268 2412 1341 2441 urbc
1357 2410 1467 2441 Roma.
1493 2411 1543 2441 Sic
1556 2410 1701 2450 Virgilius
1725 2414 1732 2427 ‘
1747 2410 1876 2440 Parnas-

1182 2455 1225 2484 sia
1239 2453 1351 2493 rupes,’
1367 2463 1421 2493 pro
1436 2463 1510 2492 rupe
1526 2453 1693 2492 Parnasso)
1719 2451 1822 2482 Vorst.

1224 2494 1358 2525 Romani
1383 2495 1495 2525 bellum
1519 2500 1628 2534 gerunt
1656 2504 1724 2524 cum
1752 2493 1876 2524 Achaeis

1181 2538 1280 2572 xxxiv,
1294 2540 1325 2573 2,
1343 2541 1359 2568 1
1377 2536 1491 2567 AEtolis
1515 2537 1606 2572 xxxii,
1623 2540 1653 2571 1,
1672 2539 1688 2567 1
1719 2535 1876 2566 Antiocho

1181 2580 1300 2619 Magno
1323 2580 1402 2615 xxxi,
1418 2582 1449 2614 6,
1465 2583 1483 2609 5
1507 2579 1688 2608 Mithridate
1717 2578 1828 2613 xxxvii,
1846 2580 1876 2614 l,

1180 2624 1211 2652 7.
1223 2621 1344 2657 xxxviii,
1355 2624 1386 2657 8,
1402 2625 1417 2653 1
1432 2621 1544 2651 Perseo
1558 2621 1660 2655 xxxiii,
1675 2630 1728 2660 per
1736 2624 1790 2650 tot.
1803 2619 1877 2650 Phi-

1181 2663 1267 2703 lippo
1283 2674 1351 2698 xxx,
1368 2666 1398 2698 3,
1414 2666 1432 2694 7
1451 2663 1570 2704 Pyrrho
1586 2662 1659 2698 xvii,
1672 2666 1703 2699 2,
1716 2665 1766 2692 13.
1790 2662 1874 2698 xviii,

1182 2708 1213 2740 1,
1233 2709 1260 2736 1.
1284 2706 1367 2741 xxiii,
1383 2708 1414 2740 3,
1431 2708 1445 2735 l
1484 2705 1655 2735 Tarentinis
1690 2704 1762 2740 xvii,
1786 2707 1817 2738 ἐὴ
1834 2706 1874 2735 13

1181 2746 1351 2777 Hannibali
1375 2746 1559 2777 insidiantur
1581 2746 1662 2782 xxxi,
1688 2748 1720 2781 2,
1746 2749 1763 2777 1
1789 2756 1874 2776 eum-

1182 2799 1242 2829 que
1258 2789 1330 2819 dedi
1345 2789 1402 2819 sibi
1428 2789 1585 2829 postulant
1606 2788 1696 2824 xxxii,
1716 2791 1749 2823 4,
1764 2790 1783 2818 3
1808 2787 1875 2818 ubi-

1181 2841 1242 2871 que
1272 2836 1496 2872 persequuutur
1523 2836 1554 2861 et
1582 2830 1658 2860 mori
1685 2829 1876 2869 compellunt

1181 2873 1275 2909 xxxii,
1314 2876 1347 2909 4,
1376 2876 1417 2905 12
1464 2872 1653 2904 Antiochum
1690 2871 1874 2912 Epiphanen

1183 2915 1262 2945 bello
1287 2916 1441 2956 AEgyptio
1461 2916 1611 2945 abstinere
1632 2913 1746 2954 jubent
1774 2913 1873 2948 xxxiv,

1182 2960 1213 2993 3,
1243 2960 1258 2988 l
1297 2956 1441 2989 Asiaticis
1470 2957 1601 2988 moribus
1643 2961 1874 2996 corrumpuntur
