2101 3419
531 339 728 370 JUSTINI
763 340 855 370 Lm.
888 340 1018 371 xxx.
1051 341 1157 371 GAP.
1187 330 1227 372 3.

168 434 224 466 Gl.
234 444 266 466 v.
277 437 306 465 1.
321 437 353 466 6.
368 437 447 465 sunt
458 433 681 465 instrumenta
695 435 857 475 puerilia:

165 485 175 502 ‘
190 485 239 516 Ut
254 483 375 516 faciam
390 484 485 525 quasi
502 493 606 524 puero
623 483 657 514 in
674 485 762 515 collo
775 494 857 525 pen-

165 533 270 565 deant
285 532 490 574 crepundia.’
514 533 664 564 Martial.
680 533 856 574 Apophor-

164 584 230 624 Ep.
247 586 300 615 54.
324 585 333 601 ‘
347 582 576 624 crepitacula'
600 587 710 614 vocat.
754 584 855 624 Vulg.

163 634 246 665 lect.
262 632 453 664 confirmari
469 636 583 672 potest
606 633 679 664 loco
694 632 858 673 Sallustii,

163 684 220 725 qui
235 688 288 715 est
308 683 342 714 in
368 684 442 715 Cat.
457 686 509 714 25.
526 686 557 715 3.
581 683 590 700 ‘
605 683 770 723 psallere,
796 684 858 714 sal-

163 737 236 764 tare
252 733 439 772 elegantius
455 742 551 774 quam
564 743 706 764 necesse
716 739 769 764 est
780 743 856 773 pro-

161 783 213 814 bae
229 794 236 814 :
261 783 456 822 multaalia‚
473 793 548 824 quae
561 788 638 814 suut
655 783 856 814 iustrumen-

160 838 196 865 ta
211 833 366 865 luxuriae.
410 834 478 865 Sed
493 834 525 865 ei
537 834 668 865 cariora
683 844 782 875 quam
799 835 855 865 de-

160 892 219 915 cus
250 888 352 926 atque
383 883 549 924 pudicitia
579 893 715 924 semper
744 885 855 915 omnia

158 932 277 965 fuere?
321 934 376 965 Ita
406 934 439 965 in
467 935 549 965 Mss.
575 934 669 965 libris
700 935 854 965 Sallustii

158 983 238 1024 legi.
260 984 418 1023 Bongars.
462 984 608 1015 vidend.
626 984 759 1015 omnino
775 985 854 1016 Sca-

157 1033 244 1074 liger
261 1044 293 1074 p.
303 1037 378 1066 255.
403 1035 593 1066 Comment.
610 1035 643 1065 iu
661 1035 789 1075 Copam
803 1034 853 1064 in-

158 1083 245 1114 certi
260 1082 414 1124 Autoris,
437 1094 512 1125 quae
527 1090 624 1115 extat
645 1084 678 1115 in
694 1083 852 1124 Append.

157 1133 278 1174 Virgil.
295 1134 441 1176 itemque
454 1139 572 1166 notata
583 1135 624 1166 ad
640 1135 733 1168 Suet.
745 1135 851 1176 Calig.

156 1186 209 1215 54.
225 1187 257 1216 4.
281 1184 380 1216 Bern.

199 1236 216 1275 ᾧ
241 1237 280 1266 10
305 1235 385 1266 Hoec
398 1235 498 1276 primo
512 1235 681 1267 laborantis
694 1236 790 1276 regioe
805 1239 852 1268 ta-

155 1285 226 1316 citae
246 1288 347 1325 pestes
362 1288 391 1316 et
406 1287 531 1316 occulta·
545 1285 695 1325 fuerunt]
720 1287 757 1317 F.
774 1286 848 1317 Hae.

156 1344 262 1366 xv111.
279 1337 310 1367 3.
334 1336 343 1352 ‘
358 1335 393 1366 Is
410 1337 555 1376 primum
578 1336 651 1367 aliis
677 1336 783 1367 videri
799 1336 850 1367 fu-

156 1393 212 1414 ror
225 1383 246 1415 :⁹
284 1383 342 1415 ubi
374 1385 476 1416 etiam
515 1386 616 1426 vulgo
653 1385 768 1416 editur
798 1386 848 1417 ΙιΙ.

155 1433 307 1465 Gronov.
350 1435 417 1465 Ms.
433 1435 551 1466 Juntae
567 1445 642 1466 cum
671 1436 743 1467 aliis
764 1440 850 1467 vett.

155 1484 209 1515 ed.
253 1485 334 1516 Hoec
357 1486 457 1525 primo
481 1485 611 1517 labentis
635 1487 732 1525 regioe
753 1487 850 1517 tacita

150 1537 248 1576 pestis
273 1539 303 1566 et
326 1537 443 1566 occulta
464 1537 545 1567 mala
563 1535 707 1574 fuerunt.
767 1537 848 1577 Leg.

154 1585 236 1616 Hoec
246 1586 348 1626 prima
360 1586 503 1617 labantis.
539 1586 664 1617 Labans
680 1586 767 1625 regia
783 1592 847 1626 est,

152 1635 283 1666 minans
309 1635 450 1666 ruinam.
506 1636 561 1667 Sic
584 1635 725 1666 ‘labans
750 1636 848 1667 disci-

152 1685 246 1726 plina
258 1685 267 1698 '
290 1686 364 1717 Liv.
380 1696 404 1717 1.
417 1688 468 1717 36.
488 1686 594 1717 Groev.
619 1687 705 1717 Haec
723 1685 846 1717 inertia

151 1740 231 1766 sunt
254 1740 289 1767 et
313 1736 486 1777 languida,
514 1742 628 1778 atque,
653 1741 691 1767 ut
715 1737 845 1776 opinor,

151 1785 282 1817 mutila.
325 1786 367 1817 In
394 1786 497 1826 Impr.
525 1791 560 1817 et
581 1785 614 1815 in
632 1795 697 1816 uno
711 1786 776 1816 Ms.
792 1790 845 1816 est

150 1837 182 1866 et
194 1836 309 1867 occulta
323 1836 403 1866 mala
410 1834 514 1873 suere.
542 1834 601 1865 sed
617 1835 697 1865 mala
720 1834 844 1874 glosse-

149 1894 204 1916 ma
219 1890 271 1916 est
287 1885 401 1926 alicuj.
418 1885 520 1924 vocis,
543 1894 618 1925 quae
634 1884 711 1914 hinc
728 1882 844 1914 efflux-

149 1934 229 1975 erit,
242 1939 280 1966 ut
296 1935 395 1966 solet.
438 1934 539 1965 Ratio
555 1939 618 1974 est,
642 1934 720 1975 quia
742 1938 844 1974 pestes

149 1989 202 2015 est
232 1984 358 2026 aliquid
385 1984 526 2015 validius
546 1985 650 2015 multo
678 1989 713 2015 et
744 1986 842 2015 velie-

147 2035 291 2066 mentius
304 2045 402 2076 quam
414 2036 506 2075 mala,
517 2035 606 2076 quod
623 2039 658 2066 et
674 2040 775 2066 tenue
789 2040 843 2067 est

147 2088 184 2115 et
198 2084 320 2116 debile.
366 2085 477 2116 Credo
503 2085 592 2116 Just.
611 2083 787 2125 scripsisse
811 2088 842 2116 et

146 2134 264 2165 occulta
273 2144 388 2165 venena
394 2133 500 2172 suere.
522 2134 605 2165 Fab.

192 2184 310 2215 Tacitae
318 2187 417 2224 pestes
431 2187 462 2215 et
476 2183 616 2223 occultae]
637 2183 841 2224 Synonymia

146 2241 286 2274 prorsus
314 2234 431 2265 otiosa.
488 2234 593 2275 Impr.
618 2234 754 2275 quidam
783 2234 840 2265 ha-

146 2284 230 2315 hent
245 2288 276 2316 et
289 2286 408 2316 occulta
422 2286 512 2326 mala,
524 2295 590 2316 11113
605 2295 686 2316 voce
697 2285 839 2317 auctius.

146 2334 214 2366 Sed
241 2339 278 2366 et
304 2335 367 2366 hoc
393 2344 597 2377 suspectum.
652 2338 721 2368 Cur
748 2338 838 2368 enim

146 2385 298 2427 pestibus
312 2387 399 2418 mala
413 2388 595 2429 subjiciat?
632 2389 724 2420 Puto
739 2390 838 2429 plane

144 2435 251 2467 verba
261 2439 290 2467 et
306 2438 420 2469 occulta
431 2440 511 2470 mala
526 2439 702 2480 irrepsisse
715 2440 750 2470 in
765 2444 838 2471 tex-

146 2489 216 2517 tum
233 2495 276 2517 ex
291 2487 413 2528 glossa,
427 2498 493 2530 qua
507 2490 580 2530 quis
597 2490 672 2521 illas
692 2490 837 2521 ‘tacitas

145 2539 276 2577 pestes'
297 2538 467 2579 explicare
484 2539 648 2571 voluerat.
670 2539 774 2578 Schef.

188 2587 275 2618 CAP.
298 2596 338 2618 11.
397 2589 415 2629 ξ
438 2591 456 2619 3
480 2589 651 2621 Accedebat
673 2593 702 2620 et
723 2591 837 2632 mater]

143 2637 288 2668 Videtur
302 2639 567 2679 convenientius,
588 2640 677 2681 quod
691 2640 839 2671 habetur

143 2686 177 2718 in
193 2688 642 2729 Ms.qu0dam‚Accen‹1ebat‚
658 2694 696 2721 ut
711 2689 836 2721 refera-

144 2740 200 2768 tur
211 2737 251 2768 ad
267 2738 358 2769 illam
373 2739 563 2770 meretricis
582 2739 768 2778 audaciam,
793 2739 836 2771 de

145 2796 211 2827 qua
226 2788 410 2826 praeeessit.
455 2789 557 2819 Certe
576 2789 659 2820 illud
675 2790 835 2820 accedebat

146 2845 213 2867 non
227 2837 308 2868 satis
322 2839 470 2878 explicat
481 2840 683 2870 sententiam
697 2841 773 2871 loci.
784 2841 834 2871 Id.

190 2886 360 2927 OEnanthe]
395 2887 477 2928 Huj.
500 2889 723 2921 meminerunt
741 2890 834 2922 Plut.

1522 330 1607 372 951

908 435 1087 466 Cleomene
1111 437 1165 466 46.
1199 435 1322 477 Polyb.
1339 444 1402 467 xv.
1425 437 1478 466 27.
1502 438 1537 466 et
1552 436 1607 465 31.

907 484 1094 516 Athenaeus
1118 495 1163 516 vr.
1190 489 1242 516 13.
1286 486 1326 517 In
1353 484 1500 525 vulgatis
1527 484 1605 516 edd.

908 535 1052 565 Euanthe
1067 540 1227 575 corrupte
1241 535 1377 575 legitur.
1401 535 1498 566 Bern.

949 586 966 625 ξ
988 588 1008 615 4
1032 585 1142 625 Itaque
1165 596 1225 616 nan
1256 588 1405 616 contentoe
1425 594 1510 623 rege,
1535 583 1603 624 ᾅκο]

907 634 1086 670 Ptolemaei
1103 644 1213 665 mores
1227 634 1388 665 Claudius
1403 634 1538 675 egregie
1552 644 1604 665 re-

907 684 986 714 tulit
1002 693 1056 724 ap.
1075 684 1169 714 Suet.
1185 686 1236 714 29.
1260 683 1317 724 qui
1339 685 1347 700 ‘
1366 683 1496 714 libertis
1521 693 1603 714 uxo-

907 733 1068 774 ribusque
1085 733 1255 773 addictus,
1271 743 1336 764 non
1350 734 1536 774 principem
1554 743 1605 773 sc,

906 783 966 814 sed
991 784 1182 814 ministrum
1212 782 1293 822 egit,
1318 783 1519 823 compendio
1546 793 1602 814 cu-

898 833 1022 874 jusque
1038 833 1170 872 horum,
1186 833 1239 864 vel
1255 833 1357 864 etiam
1380 832 1492 863 studio
1509 843 1548 863 ac
1565 833 1602 864 li-

906 884 1033 923 bidine,
1057 884 1212 923 honores,
1240 883 1422 921 exercitus,
1458 883 1601 923 impuni-

904 938 1005 973 tates,
1027 934 1192 974 supplicia
1217 933 1359 973 largitus
1384 937 1448 972 est,
1471 938 1505 964 et
1530 934 1602 975 qui-

904 983 978 1015 dem
1004 984 1126 1015 inscius
1154 984 1352 1024 plerumque
1378 987 1414 1013 et
1440 983 1601 1023 ignarus!

902 1035 990 1065 Talis
1007 1039 1042 1066 et
1064 1035 1154 1074 Imp.
1170 1033 1338 1065 Arcadius
1356 1042 1412 1074 ap.
1426 1033 1554 1065 Zonar.
1564 1034 1599 1065 in

903 1085 974 1126 ejus
987 1085 1081 1116 Vita.
1105 1085 1157 1116 Id.

933 1135 1088 1174 *Regnum
1102 1134 1273 1176 possident]
1303 1134 1313 1152 ‘
1327 1134 1417 1168 Quid
1445 1134 1532 1166 enim
1550 1135 1598 1166 in-

902 1188 1022 1223 terest,
1036 1189 1148 1215 utrum
1166 1184 1302 1216 feniinae
1326 1185 1528 1226 gubernent,
1542 1195 1598 1225 an,

902 1235 958 1276 qui
975 1235 1176 1275 gubernant,
1201 1235 1431 1275 gubernentur
1457 1245 1476 1267 a
1501 1235 1596 1267 femi-

900 1285 951 1315 nis
961 1285 983 1315 ?'
1007 1285 1115 1326 inquit
1133 1284 1274 1317 Aristot.
1288 1286 1391 1317 Polit.
1409 1295 1449 1317 11.
1464 1289 1496 1318 7.
1514 1287 1567 1318 Id.

941 1337 1016 1367 Jam
1030 1336 1231 1376 comitantur]
1263 1337 1413 1368 Verbum
1436 1338 1445 1355 ‘
1459 1338 1597 1369 comita-

902 1386 949 1416 ri'
982 1386 1115 1425 passivo
1139 1396 1238 1417 sensu
1265 1386 1331 1426 legi
1358 1386 1438 1417 alibi
1462 1396 1595 1428 quoque

900 1436 971 1468 scio
989 1446 1042 1476 ap.
1058 1436 1161 1466 bonos
1175 1436 1370 1476 scriptores.
1403 1437 1469 1467 Hic
1483 1441 1595 1467 tamen

900 1492 1095 1527 suspectum
1113 1486 1192 1517 mihi
1216 1491 1280 1525 est,
1307 1485 1400 1527 quasi
1416 1491 1530 1517 natum
1548 1487 1594 1518 sit

899 1546 942 1567 ex
968 1537 1078 1577 glossa
1103 1536 1330 1577 sequentium,
1367 1535 1595 1577 ‘Agathocles

899 1586 986 1627 regis
1001 1585 1272 1626 laterijttncttls.’
1295 1585 1400 1625 Sclaeef.

950 1637 1008 1677 §5
1044 1636 1186 1667 Dacatus
1221 1636 1362 1666 mulieres
1394 1636 1593 1678 ordinabant]

896 1686 990 1717 Suet.
1008 1684 1096 1725 Aug.
1115 1688 1168 1717 46.
1191 1685 1200 1702 ‘
1213 1686 1414 1726 Equestrem
1438 1686 1593 1718 militiam

895 1746 938 1766 ex
958 1736 1252 1767 commendatione
1277 1736 1413 1776 publica
1430 1738 1592 1778 cujusque

896 1786 1011 1827 oppidi
1030 1786 1229 1817 ordinabat!
1261 1787 1444 1827 Capitolin.
1461 1788 1493 1818 in
1509 1788 1593 1819 Per-

894 1838 1005 1868 tinace
1021 1840 1052 1868 9.
1075 1838 1083 1853 ‘
1098 1839 1190 1868 Dum
1216 1838 1361 1869 aulicum
1387 1838 1591 1871 famulitium

893 1887 1092 1918 ordinaret!
1116 1887 1216 1919 Gron.

936 1939 953 1978 ξ
976 1941 995 1968 7
1020 1938 1068 1968 Re
1083 1941 1185 1968 tamen
1200 1937 1339 1978 cognita]
1363 1938 1504 1970 Mallem
1521 1942 1591 1970 tan-

892 1988 970 2027 dem,
980 1988 1147 2028 quomodo
1160 1988 1303 2019 habetur
1314 1989 1346 2019 iu
1360 1989 1429 2020 Ms.
1443 1990 1588 2030 quodam

893 2039 1148 2079 Bongarsiano3
1184 2049 1259 2070 uam
1291 2040 1341 2071 illi
1371 2040 1474 2078 ‘diu,'
1499 2041 1590 2082 quod

892 2091 1070 2132 praecedit,
1085 2091 1211 2123 rectius
1224 2092 1418 2133 respondet.
1442 2092 1547 2131 Schcs.

934 2142 974 2172 In
989 2142 1134 2173 ultionem
1156 2142 1339 2183 Eurydicis]
1377 2142 1472 2175 Junt.
1501 2142 1588 2174 bene

891 2192 1075 2232 Eurydices.
1119 2192 1289 2233 Eurydice
1321 2194 1410 2224 enim
1440 2192 1587 2233 Εὐρυδίκη

890 2242 1020 2274 Graecis
1032 2247 1095 2274 est.
1110 2243 1218 2274 Groev.
1243 2243 1365 2275 Editur
1373 2244 1471 2284 vulgo
1484 2245 1588 2284 Eury·

887 2286 975 2324 dicis.
1011 2293 1078 2323 Sed
1094 2293 1222 2324 rectius
1244 2294 1340 2325 Junt.
1357 2299 1446 2325 teste
1471 2294 1588 2326 Graev.

890 2343 1075 2383 Eurydices.
1106 2343 1168 2374 Est
1180 2343 1270 2374 enim
1283 2344 1403 2376 Graece
1413 2343 1586 2385 Εὐρυδίκης.

894 2392 969 2423 Vor.

931 2443 949 2482 ξ
972 2445 991 2473 8
1017 2442 1246 2484 Tuerenturque
1267 2443 1412 2484 regumn]
1449 2443 1459 2461 ‘
1477 2444 1584 2484 Quip-

888 2501 931 2533 pe
941 2493 1012 2533 jam
1027 2493 1175 2533 gentium
1192 2503 1302 2535 rege5‚
1317 2494 1431 2534 duces,
1452 2495 1582 2537 populi,

887 2543 1053 2583 nationes,
1080 2543 1241 2583 praesidia
1265 2544 1329 2575 sibi
1353 2543 1395 2575 ab
1422 2545 1484 2575 hac
1500 2544 1583 2575 urbe

887 2592 1077 2633 petebant.’
1109 2594 1199 2624 Flor.
1215 2602 1256 2626 11.
1273 2597 1302 2625 7.
1319 2598 1348 2626 5.
1372 2595 1470 2626 Rern.

930 2644 1019 2675 CAP.
1035 2652 1094 2674 111.
1140 2645 1157 2684 ς
1181 2647 1198 2674 1
1225 2644 1356 2675 Causam
1379 2644 1450 2676 belli
1474 2646 1582 2676 adver-

886 2694 1028 2735 sus,&c.]
1062 2693 1308 2734 Intelligebant
1333 2694 1491 2726 nimirum
1514 2696 1582 2726 Ro-

886 2744 989 2784 mani,
1015 2748 1177 2784 quantum
1201 2743 1382 2774 interesset
1406 2742 1519 2784 famae,
1541 2750 1580 2776 et

886 2793 1046 2833 perhanc
1061 2792 1238 2833 potentiae,
1264 2791 1381 2833 iniqua
1404 2792 1491 2824 bella
1513 2802 1580 2825 11011

886 2852 1016 2883 gerere.
1059 2841 1137 2873 Vid.
1160 2846 1195 2873 et
1208 2842 1360 2874 Freinsh.
1377 2843 1417 2875 ad
1431 2843 1521 2876 Flor.
1536 2853 1576 2876 11.

885 2895 915 2924 Β.
934 2896 965 2925 l.
994 2893 1068 2926 Vor.
