2174 3424
444 355 529 397 758

443 459 679 496 molimentum3
701 467 813 500 neque
830 458 948 500 ignoro
974 459 1060 491 hanc
1086 469 1145 491 vo-

445 519 520 540 cem
538 509 612 540 aliis
628 509 853 550 scriptoribus
870 510 973 541 etiam
989 509 1036 540 ita
1051 519 1145 540 usur-

446 564 575 599 patam,
588 559 781 601 dixisseque
797 565 924 600 praeter
936 560 1018 591 alios
1032 560 1146 591 lauda-

447 615 501 640 tos
532 609 715 641 Ovidium:
751 612 760 627 ‘
774 611 902 650 Magna
919 614 1039 641 tenent
1063 609 1146 640 illud

447 669 571 690 numen
593 660 764 691 molimina
784 660 922 692 rerum.’
968 660 1067 693 Quod
1084 670 1146 702 pro

447 711 524 742 eod.
541 715 606 742 est.
649 711 902 753 Scio,inquam,
918 713 1012 744 haec:
1037 716 1146 743 contr.

447 762 550 793 libros
564 767 676 792 tamen
689 771 804 793 omnes
821 764 954 794 omniuo
970 768 1039 794 tam
1056 763 1148 804 typis

448 822 546 854 quam
563 822 663 843 manu
679 822 859 852 expressos
874 813 954 843 nihil
972 813 1078 844 ausim
1094 813 1148 844 hic

449 868 601 896 mutare:
621 864 778 903 maxime,
790 874 865 895 cum
878 863 1072 895 emolumenti
1084 873 1148 894 vox

449 916 602 955 apprime
617 916 681 946 huc
697 915 889 954 conveniat,
912 925 1024 956 neque
1050 916 1150 946 aliter

450 965 577 997 dixerit
604 966 675 997 Cic.
697 966 707 982 ⁴
721 966 755 996 Si
784 966 818 996 id
845 966 904 997 tibi
926 975 1001 996 esse
1028 966 1152 996 emolu-

451 1021 566 1047 mento
580 1015 708 1047 sciam?
722 1016 809 1047 Mod.
847 1016 882 1047 J.
898 1016 1061 1046 Mellerus
1075 1015 1152 1046 Pal-

451 1076 534 1098 mer.
549 1067 666 1107 Spicil.
682 1065 740 1098 fol.
755 1069 830 1097 220.
848 1066 881 1097 b.
897 1066 950 1097 hic
966 1065 1153 1106 reponend.

452 1121 570 1146 censet
585 1117 805 1155 molimentam,
827 1125 893 1156 qua
915 1124 997 1145 voce
1012 1119 1153 1146 utuntur

452 1166 558 1196 etiam
576 1166 649 1197 Liv.
667 1174 813 1197 xxxvii.
830 1168 881 1196 111.
898 1169 930 1197 8.
955 1165 1041 1196 Caes.
1066 1175 1091 1197 1.
1111 1166 1151 1196 B.

453 1216 499 1247 G.
524 1217 679 1247 Sisenna.
704 1226 759 1257 ap.
784 1216 874 1247 Non.
899 1217 1026 1247 Verum
1043 1222 1152 1248 contr.

453 1266 556 1297 libros
583 1276 697 1297 omnes
721 1266 778 1306 [V.
801 1267 932 1308 reliqua
954 1277 1029 1308 sup.
1047 1276 1152 1308 usque

454 1317 497 1348 ad
522 1319 531 1335 ‘
545 1318 726 1348 conveniat
738 1317 774 1357 ’].
798 1318 897 1348 Bern.

498 1368 704 1409 Byzantium]
739 1368 780 1399 Id
798 1367 943 1399 tentavit
958 1367 1153 1407 Philippus,

455 1419 544 1459 quod
564 1418 762 1457 Perinthus,
788 1428 871 1458 quos
888 1417 1042 1448 obsessos
1060 1422 1155 1448 tene·

453 1468 528 1507 bat,
545 1468 724 1509 Byzantini
738 1469 861 1498 auxilia
872 1468 1054 1499 misissent.
1069 1468 1154 1498 Cum

454 1528 537 1557 ergo
561 1519 811 1549 arbitrarentur
836 1519 982 1558 optimos
1005 1527 1154 1559 quosque

455 1569 658 1600 Perinthum
675 1570 804 1608 missos,
827 1580 902 1600 curn
927 1573 1024 1610 parte
1041 1569 1156 1609 copia-

458 1630 531 1651 rum
569 1618 757 1661 προσέπεσεν
787 1619 873 1660 ἄφνω
902 1621 947 1659 τῷ
988 1618 1156 1659 Βυζαντίῳ.

456 1670 560 1702 Diod.
586 1681 673 1702 anno
695 1674 748 1702 20.
766 1677 801 1702 et
816 1674 869 1702 21.
915 1671 968 1702 De
995 1671 1155 1711 Byzantii

458 1723 687 1763 appellatione
705 1722 771 1753 vid.
790 1723 945 1754 Eustath.
961 1722 995 1753 in
1013 1722 1155 1763 Dionys.

457 1778 494 1804 et
524 1773 641 1814 Steph.
669 1773 712 1804 de
736 1773 819 1806 Urb.
876 1772 966 1804 Ante
997 1772 1006 1789 ‘
1020 1773 1133 1813 Lygos
1145 1771 1154 1785 '

458 1824 598 1864 dictum,
640 1825 728 1855 Plin.
765 1833 814 1855 ιν.
862 1822 1085 1855 Cassiodorus
1121 1822 1155 1853 in

458 1875 582 1906 Chrou.
598 1875 690 1905 Tulli
707 1873 1066 1915 Hostiliitemporibus
1079 1882 1157 1904 con·

458 1924 568 1956 ditum
587 1925 718 1956 scribit.
743 1924 822 1956 Vid.
837 1929 873 1956 et
886 1925 968 1955 Tac.
985 1923 1028 1955 A.
1047 1932 1111 1955 κη.
1124 1926 1156 1954 3.

461 1975 564 2014 Bong-

506 2023 758 2066 Receptaculum]
803 2024 860 2055 Ita
882 2033 957 2064 sup.
985 2032 1026 2053 11.
1054 2026 1103 2053 15.
1127 2025 1158 2053 3.

461 2075 593 2106 Graecis
621 2075 776 2115 apposite
804 2074 929 2105 dicitur
967 2071 1158 2112 ὁρμητήριον,

460 2135 527 2165 qua
544 2134 626 2156 voce
644 2125 744 2156 Diod.
759 2134 817 2155 xx.
836 2128 910 2155 105.
937 2128 972 2154 et
988 2123 1043 2154 alii
1058 2129 1159 2155 utun-

461 2181 527 2207 tur.
549 2176 558 2192 ‘
572 2175 697 2206 Urbem
715 2180 818 2215 caput
835 2174 914 2206 belli
927 2173 934 2186 '
956 2178 1056 2205 vocat
1070 2174 1159 2205 Flor.

467 2235 524 2256 111.
539 2228 656 2257 10.40.
681 2225 780 2256 Ber-n.

506 2275 673 2306 Obsidione
689 2275 805 2315 cinxit]
841 2274 895 2305 Ad
911 2284 1010 2314 opem
1028 2274 1160 2315 Byzan-

460 2326 517 2357 tiis
534 2326 710 2357 ferendam
734 2325 984 2357 Demosthenes
1009 2325 1162 2356 hortatur

461 2377 689 2408 Athenienses
706 2375 871 2406 Oratione
895 2374 1089 2415 Philippica
1112 2383 1160 2405 ιν.

462 2429 512 2459 Id.

505 2480 523 2518 ξ
540 2482 557 2509 3
584 2478 663 2508 11αέ
679 2485 808 2517 namque
822 2476 907 2513 urbs,
931 2474 1000 2514 tra]
1037 2473 1161 2506 Euseb.

464 2532 497 2561 iu
515 2530 689 2562 Chronicis
706 2530 752 2560 ait
768 2529 969 2569 Byzantium
988 2527 1161 2559 conditum

463 2582 603 2622 Olymp.
621 2584 672 2612 30.
698 2579 1029 2611 Lacedaemoniorum
1048 2582 1161 2608 autem

463 2642 561 2671 reges
577 2631 742 2663 defecisse
759 2635 838 2661 ante
853 2629 995 2670 primam
1020 2628 1161 2668 Olymp.

460 2683 514 2712 Tu
532 2682 597 2712 vid.
612 2687 648 2712 ut
664 2681 737 2712 haec
753 2690 829 2711 cum
852 2679 943 2711 Just.
959 2682 1161 2719 congruant.

463 2732 528 2762 Sed
546 2731 679 2763 omnino
693 2735 775 2771 puto
792 2730 844 2761 vel
861 2729 965 2760 semel
983 2728 1101 2759 lectori
1119 2727 1162 2759 de

461 2782 656 2821 hujusmodi
674 2780 848 2811 Chronicis
864 2784 1011 2810 nostram
1028 2778 1162 2818 aperire

462 2833 682 2862 seutentiam.
728 2832 824 2871 Opus
846 2831 955 2870 ipsum
979 2840 998 2859 a
1024 2829 1065 2859 D.
1082 2829 1163 2859 Hie-

463 2892 599 2922 ronymo
625 2891 756 2912 versum
784 2879 953 2920 proditur,
976 2878 1050 2909 dira
1077 2888 1163 2918 prae·

464 2933 563 2964 missa
588 2931 861 2964 execrationem
886 2939 954 2971 cos,
978 2930 1034 2971 qui
1058 2929 1162 2969 ipsius

904 364 1047 395 NOTAE
1083 364 1345 396 VARIORUM
1380 366 1430 397 ΙΝ

1194 458 1380 491 editionem
1390 459 1612 491 describendo
1623 464 1896 501 corrumperent.

1194 511 1338 550 Verum,
1361 520 1460 552 quam
1484 510 1643 551 religiose
1666 510 1701 541 id
1726 521 1746 542 a
1771 511 1898 542 descri-

1194 561 1355 593 bentibus
1385 561 1614 600 observatum,
1639 571 1693 592 res
1727 561 1803 601 ipsa
1828 562 1898 592 cla-

1195 615 1279 642 mat.
1323 611 1390 642 Vix
1408 611 1494 642 enim
1510 615 1561 642 est
1574 612 1659 642 ullus
1673 611 1783 643 codex
1796 611 1897 643 hodie

1197 662 1393 702 corruptior
1410 662 1480 700 illo,
1502 661 1537 692 in
1553 671 1620 702 quo
1646 671 1737 702 saepe
1754 671 1820 693 una
1841 671 1897 693 res

1198 717 1275 743 acta
1297 717 1468 752 narratur,
1496 722 1570 753 quae
1587 713 1663 752 plus
1678 715 1753 744 100.
1771 712 1896 743 deiude

1197 762 1292 793 annis
1317 771 1429 792 rursus
1453 767 1532 793 acta
1557 761 1718 794 refertur.
1762 762 1847 795 Quae
1865 762 1895 793 si

1199 813 1300 844 alicui
1316 812 1417 844 dubia
1441 812 1519 852 sint,
1544 811 1570 843 is
1597 812 1727 852 videat,
1751 822 1826 853 quae
1855 812 1899 844 de

1199 864 1330 895 Perseo
1359 874 1400 895 ac
1424 863 1529 904 gestis
1551 863 1625 904 ejus
1647 863 1789 894 diversis
1814 863 1901 894 locis

1198 916 1328 952 narrat,
1342 914 1390 944 ita
1405 914 1447 944 de
1464 915 1612 954 Europae
1628 918 1741 954 raptu.
1786 913 1900 945 Urbes

1201 964 1346 1004 primum
1367 964 1530 1004 conditvr,
1546 974 1585 995 ac
1611 968 1690 1005 post
1704 964 1828 995 multos
1844 973 1902 996 an-

1200 1024 1261 1046 nos
1274 1024 1388 1046 rursus
1401 1015 1545 1055 primum
1556 1015 1693 1046 condita
1704 1015 1901 1055 Corinthus,

1202 1066 1551 1106 Catana,Syraeusae.
1594 1065 1675 1096 Vidi
1699 1075 1765 1107 ego
1787 1065 1902 1096 hercle

1201 1115 1357 1146 codicem
1392 1115 1528 1156 quemd.
1563 1125 1607 1146 ex
1642 1116 1740 1148 Fuld.
1771 1115 1902 1147 Biblio-

1202 1165 1316 1204 theca,
1337 1170 1373 1196 ut
1390 1170 1485 1206 puto,
1498 1170 1706 1206 surreptum,
1722 1166 1782 1198 ubi
1799 1167 1900 1207 longe

1203 1216 1286 1247 alius
1302 1215 1385 1247 ordo
1406 1220 1492 1248 erat.
1537 1216 1648 1247 Multa
1663 1216 1798 1255 omissa,
1825 1224 1901 1257 quae

1203 1265 1238 1296 iu
1266 1266 1390 1297 nostris
1414 1266 1513 1298 codd.
1539 1270 1631 1306 sunt,
1658 1271 1734 1307 post
1761 1266 1904 1297 Eusebii

1204 1314 1302 1356 praef.
1316 1325 1355 1346 ea
1367 1315 1503 1356 inquam
1517 1315 1642 1355 omnia,
1654 1325 1730 1357 quae
1748 1319 1904 1356 tempora

1202 1365 1408 1406 promittunt
1417 1366 1523 1396 totius
1537 1366 1828 1407 seculi,regesque
1837 1375 1906 1397 om-

1205 1416 1296 1446 nium
1313 1416 1474 1455 gentium.
1519 1415 1609 1446 Nam
1625 1415 1675 1446 ita
1691 1416 1815 1457 incipit
1827 1425 1903 1446 eam

1205 1466 1548 1506 commendationem,
1573 1465 1726 1507 quisquis
1742 1465 1809 1497 fuit
1825 1465 1905 1497 ille:

1205 1517 1214 1533 ‘
1232 1516 1336 1547 Multi
1349 1525 1428 1547 sane
1448 1516 1578 1547 Bedam
1606 1520 1666 1547 aut
1690 1515 1797 1547 Bedae
1814 1515 1906 1547 simi-

1205 1567 1271 1597 lem
1308 1565 1413 1597 fuisse
1446 1564 1666 1597 existimant!
1731 1566 1905 1597 Caeterum

1205 1627 1324 1648 manca
1336 1627 1378 1648 ea
1389 1621 1426 1648 et
1436 1617 1573 1658 egregie
1589 1619 1761 1656 corrupta.
1778 1615 1905 1646 Mirum

1205 1676 1287 1698 vero
1299 1667 1465 1698 neminem
1479 1667 1541 1697 hac
1552 1670 1654 1697 aetate
1664 1670 1782 1698 nostra
1789 1665 1907 1706 digna-

1206 1720 1277 1748 tum
1308 1717 1456 1748 medicas
1492 1715 1654 1748 adhibere
1691 1725 1810 1748 manus
1836 1720 1905 1747 tam

1205 1770 1337 1807 sancto,
1362 1771 1431 1798 tam
1458 1766 1545 1807 utili,
1566 1766 1672 1806 operi.
1715 1765 1823 1808 Atqui
1839 1775 1906 1798 non

1207 1820 1285 1847 sunt
1313 1814 1387 1857 πρὸς
1415 1815 1572 1856 τᾶλφιτας
1596 1815 1721 1857 alioqui
1741 1816 1814 1856 jam
1837 1815 1907 1857 pri-

1206 1866 1282 1897 dem
1300 1867 1419 1907 aliquis
1435 1866 1466 1898 ei
1490 1865 1667 1898 adfuisset.
1712 1866 1790 1898 Hoc
1802 1865 1906 1897 etiam

1207 1926 1248 1948 eo
1264 1916 1298 1946 iu
1321 1925 1426 1956 opere
1442 1915 1706 1956 admonendum,
1728 1925 1906 1947 numerum

1207 1975 1369 1998 annorum
1383 1965 1498 1997 mundi
1512 1966 1648 1997 dubium
1661 1976 1746 2007 esse,
1757 1975 1820 1997 nec
1832 1975 1907 1998 cer-

1207 2020 1291 2056 tum,
1303 2016 1513 2047 Eusebiusne
1527 2017 1638 2057 ipsum
1650 2017 1858 2057 apposuerit,
1868 2020 1906 2048 ut

1207 2071 1364 2098 catenam
1393 2066 1542 2097 omnium
1564 2066 1778 2098 historiarum
1804 2066 1908 2098 deca-

1207 2116 1284 2147 dica
1300 2116 1359 2146 illa
1373 2116 1515 2147 ratione.
1539 2116 1579 2147 In
1595 2116 1715 2147 codice
1727 2117 1825 2148 Fuld.
1839 2127 1907 2149 non

1208 2171 1303 2205 erat;
1325 2165 1350 2197 f.
1365 2167 1443 2208 quia
1459 2167 1500 2198 de
1513 2167 1570 2198 illo
1586 2177 1724 2198 numero
1747 2178 1767 2199 a
1791 2169 1908 2200 mundi

1208 2217 1306 2248 initio
1323 2217 1508 2248 etiamnum
1521 2216 1719 2258 disceptant
1730 2217 1834 2259 docti,
1845 2228 1908 2250 nec

1209 2268 1386 2309 quicquam
1409 2268 1519 2298 adhuc
1540 2269 1625 2299 certi
1652 2269 1820 2309 proditur,
1845 2278 1907 2301 nec

1210 2318 1251 2349 ab
1263 2318 1303 2348 iis
1318 2317 1465 2358 quidem,
1478 2317 1534 2358 qui
1549 2318 1722 2349 Hebraica
1735 2323 1907 2350 tractant:

1210 2377 1285 2399 cum
1310 2372 1423 2399 tamen
1450 2368 1524 2408 ejus
1555 2368 1686 2399 numeri
1710 2369 1835 2400 veritas
1864 2378 1908 2399 ex

1211 2420 1447 2452 Pentateucho
1471 2419 1631 2460 pendeat.
1675 2420 1743 2451 Sed
1760 2420 1911 2451 admoni-

1211 2471 1311 2502 tionis
1324 2475 1376 2501 est
1395 2471 1468 2511 plus
1484 2471 1579 2502 satis.
1624 2471 1721 2502 Deus
1735 2480 1797 2512 pro
1810 2471 1907 2503 nobis

1210 2523 1242 2553 in
1269 2532 1327 2553 sua
1349 2522 1531 2553 clementia
1556 2523 1686 2553 excitet
1706 2523 1852 2564 aliquem
1866 2523 1908 2553 ad

1211 2573 1298 2604 huuc
1319 2572 1542 2612 utilissimum,
1566 2572 1851 2612 honestissimum,
1867 2583 1908 2604 ac

1211 2623 1461 2654 sanctissimum
1484 2623 1644 2662 lahorem,
1666 2627 1705 2653 ut
1731 2623 1908 2654 videamus

1210 2674 1274 2705 hoc
1287 2684 1372 2714 opus
1383 2673 1519 2714 dignum
1531 2674 1671 2704 authore
1684 2684 1754 2713 suo,
1770 2673 1909 2714 dignum

1210 2724 1414 2765 interprete,
1438 2723 1650 2755 sanctissimo
1667 2723 1910 2755 eruditissimo-

1211 2785 1275 2817 que
1289 2775 1371 2815 viro,
1389 2776 1432 2806 D.
1448 2775 1669 2814 Hieronymo.
1695 2775 1786 2805 Glar.

1256 2825 1414 2866 Namque]
1449 2825 1555 2856 Sebis.
1578 2825 1682 2856 delet.
1728 2824 1819 2855 Puto
1843 2833 1909 2855 non

1213 2876 1245 2909 id
1260 2875 1446 2914 solum‚sed
1471 2880 1505 2906 ct
1528 2875 1593 2905 duo
1610 2875 1739 2915 reliqua
1751 2873 1909 2906 delenda.

1216 2926 1411 2967 scripserat
1438 2925 1528 2957 Just.
1558 2925 1682 2956 condita
1709 2923 1835 2965 primo5
1867 2923 1910 2956 ad
