2101 3419
454 351 540 394 956

456 465 598 488 occasus
628 464 788 496 suprema
826 458 1014 496 tempestas
1054 454 1155 487 esto.’

457 508 511 538 De
541 516 582 538 eo
614 512 727 539 tamen
757 505 846 548 quod
884 506 1059 538 subaudiri
1084 507 1157 538 vult

458 557 628 597 Graevius,
640 557 709 588 diei
720 557 847 595 horam,
858 566 926 588 non
941 557 1024 588 satis
1039 557 1156 599 liquet.

458 607 551 640 Quid
568 608 595 638 si
610 607 829 638 subaudiatur
844 606 957 644 mod0,
973 606 1083 645 diem;
1106 607 1158 639 id-

458 667 525 699 que
542 658 585 688 sit
602 667 676 698 pro,
699 657 767 688 diei
788 657 942 698 partem?
977 657 1077 690 Quod
1091 657 1160 689 dic-

459 713 532 739 tum
555 713 648 740 esset
670 713 708 739 ut
728 708 873 739 ‘ultima
898 707 1033 749 platea'
1059 718 1078 739 a
1095 709 1158 739 Te-

460 758 571 790 rentio
599 768 661 800 pro
687 758 808 790 ultima
834 763 932 799 parte
961 759 1095 798 plateae,
1123 763 1160 790 et

461 814 627 841 sexcenta
651 809 685 840 id
709 819 812 849 genus
837 809 914 840 alia.
946 809 1051 840 Vorst.
1094 810 1161 840 Ve-

461 868 534 890 rum
573 859 621 890 sic
659 869 833 900 supremum
866 869 1000 901 quoque
1029 863 1160 890 rectum

460 909 577 942 fuerit.
622 911 667 941 Et
683 919 763 941 sane
780 915 863 951 puto
880 910 926 941 nil
941 910 1160 941 mutandum:

461 970 636 1001 supremum
661 961 749 992 enim
766 970 839 1002 pro,
860 970 1054 1001 supremum
1078 965 1162 991 tem-

463 1021 526 1052 pus
555 1011 634 1043 diei.
656 1010 761 1049 Schef.
809 1011 976 1042 Obversari
1002 1011 1076 1042 ead.
1105 1020 1163 1041 no-

463 1063 556 1093 tione
594 1062 774 1103 usurpavit
820 1061 893 1093 Liv.
935 1070 1066 1092 xxxiv.
1111 1064 1165 1094 61.

464 1113 473 1130 ‘
495 1113 596 1144 Hunc
614 1112 807 1144 Aristonem
824 1112 1029 1153 Carthagine
1046 1112 1165 1143 obver-

465 1170 597 1194 santem
613 1173 680 1194 non
697 1164 788 1204 prius
805 1163 903 1194 amici
921 1173 1019 1205 quam
1037 1163 1163 1195 inimici

466 1214 681 1253 Hannibalis,
707 1224 775 1255 qua
804 1215 846 1244 de
876 1223 976 1245 causa
1006 1213 1167 1254 venisset,

467 1264 723 1304 cognoverunt!

512 1316 579 1346 Rus
604 1314 768 1355 urbanum]
801 1314 839 1344 F.
866 1313 1084 1345 suburbanum.
1108 1313 1164 1344 Fr.

468 1367 550 1406 Leg.
574 1375 627 1396 rus
640 1365 764 1396 suburb.
811 1365 863 1395 De
893 1375 959 1405 quo
985 1374 1083 1396 nemo
1111 1365 1167 1395 ad·

468 1415 672 1453 versabitur-3
686 1415 775 1445 idem
789 1414 1022 1445 Freinshemio
1034 1415 1066 1445 in
1078 1424 1169 1445 men-

468 1471 535 1496 tem
551 1470 703 1495 venerat.
718 1464 826 1496 Faber.
858 1464 1037 1495 Assentior
1050 1465 1168 1496 Frein-

469 1516 608 1553 sliemio‚
627 1515 752 1555 probis
767 1515 972 1546 suburbanum
992 1516 1168 1556 scribenti,

469 1566 532 1596 nisi
547 1564 570 1596 f.
589 1566 740 1596 malimus
765 1575 818 1596 rus
835 1566 1054 1606 suburbanum,
1078 1567 1168 1608 quod

469 1617 574 1657 magis
591 1617 790 1647 conveniret
814 1626 890 1647 cum
918 1617 1030 1658 editis,
1053 1624 1088 1649 et
1102 1617 1170 1649 fre-

470 1676 577 1708 quens
594 1672 646 1697 est
660 1667 753 1697 bonis
765 1667 997 1708 scriptoribus.
1021 1668 1126 1709 Schef.

515 1717 567 1756 §4
595 1717 660 1748 Nec
674 1716 816 1754 facultas
837 1717 965 1758 fugam,
988 1729 1043 1750 nec
1067 1719 1172 1759 iuopia

470 1767 658 1808 moraretur]
683 1768 860 1800 Quomodo
884 1768 1031 1801 facultas
1057 1764 1172 1809 fugam

471 1823 586 1858 potest
605 1820 746 1850 morari?
768 1821 850 1860 quin
877 1818 1019 1851 facultas
1042 1819 1173 1860 fugien-

473 1869 506 1899 di
535 1876 713 1910 promovet
738 1869 864 1909 fugam.
908 1870 1056 1902 Videtur
1080 1872 1172 1903 Just.

474 1920 650 1960 scripsisse
671 1930 724 1951 nec
747 1921 912 1962 difficultas
929 1920 1062 1960 sugam:
1087 1920 1173 1952 diffi-

475 1971 584 2001 cultas
612 1980 660 2002 sc.
687 1971 878 2009 navigandi,
905 1971 931 2001 si
960 1972 1053 2002 nulla
1080 1973 1173 2003 navis

474 2025 565 2052 esset
593 2025 711 2061 parata
740 2026 776 2051 et
806 2021 839 2051 iu
872 2027 1040 2062 promptu.
1066 2022 1173 2053 (ἔν-(ευ.

475 2070 652 2103 Quomodo
671 2070 812 2108 facultas
831 2072 952 2101 morari
968 2070 1083 2112 fugam
1101 2082 1176 2112 pos-

474 2121 529 2159 sit,
553 2121 707 2162 equidem
724 2130 788 2151 non
812 2121 976 2161 intelligo.
1022 2123 1068 2154 Et
1090 2123 1176 2154 latet

475 2171 529 2202 liic
557 2170 582 2202 f.
613 2171 738 2212 aliquid
767 2171 891 2202 mendi.
921 2172 1023 2203 Vorst.
1070 2173 1177 2204 Putat

476 2222 592 2253 Vorst.
614 2222 722 2252 latere
749 2222 919 2261 mendum,
943 2232 1016 2253 cum
1035 2221 1178 2254 facultas

477 2281 544 2303 non
575 2271 680 2312 possit
702 2272 826 2302 morari
850 2271 974 2311 fugam.
1020 2274 1065 2304 Et
1097 2283 1178 2304 sane

477 2331 542 2354 non
569 2328 734 2362 moratur,
758 2323 786 2353 si
809 2322 926 2361 adest3
958 2328 1108 2354 moratur
1130 2329 1180 2355 ta-

478 2382 568 2412 men,
583 2372 610 2404 si
628 2372 737 2412 abest,
758 2373 846 2414 quod
869 2373 958 2404 haud
976 2373 1076 2405 dubie
1090 2375 1180 2407 Just.

478 2424 661 2455 intellexit.
684 2424 787 2461 Schef.

523 2476 540 2516 ς
567 2479 585 2506 5
622 2475 802 2506 Italicorum
828 2475 1034 2516 captivorum]
1074 2476 1180 2517 Atqui

481 2526 555 2557 Liv.
572 2534 660 2557 XXX.
685 2529 738 2558 37.
762 2530 793 2558 2.
815 2527 930 2558 scribit
956 2527 1047 2558 inter
1070 2528 1183 2558 condi-

481 2578 590 2608 tiones
614 2577 707 2618 pacis
731 2582 768 2608 et
792 2577 878 2609 lianc
903 2576 1018 2617 fuisse,
1042 2578 1182 2609 Cartba-

481 2628 652 2668 ginienses
682 2628 840 2659 Romanis
869 2628 1024 2669 captivos
1067 2638 1182 2660 omnes

481 2680 670 2711 traderent.
717 2679 896 2713 Quomodo
911 2689 991 2720 ergo
1011 2680 1044 2710 1ιί
1069 2689 1184 2712 nume·

483 2741 556 2762 rum
587 2739 762 2762 servorum
792 2729 970 2762 Annibalis
999 2731 1183 2762 auxerunt?

484 2782 629 2814 Freinsh.

529 2834 648 2865 Navem
662 2832 851 2873 conscendit]
864 2831 915 2863 An
927 2832 1063 2873 legend.
1074 2831 1186 2865 nutes?

486 2884 566 2925 qnia
589 2883 757 2924 praecedit
778 2884 787 2901 ⁴
811 2882 958 2914 babebat
983 2883 1027 2914 ibi
1055 2883 1185 2914 naves!

488 2937 589 2975 Sane,
611 2935 653 2966 ad
675 2933 908 2975 complendam
932 2944 1067 2973 navem,
1091 2939 1187 2966 tanta

489 2995 660 3017 servorum
688 2990 722 3016 ct
748 2985 959 3026 captivorum
983 2985 1081 3025 copia
1103 2995 1186 3026 opus

911 360 1054 392 NOTAE
1086 361 1147 392 VA
1157 360 1352 392 RIORUM
1386 361 1438 391 IN

1205 454 1310 487 fuisse
1325 465 1393 487 non
1409 454 1557 488 videtur.
1580 455 1686 495 Sches.

1253 508 1453 548 Cursumque,
1478 507 1547 548 ἔγω]
1570 508 1660 540 Saxo
1676 517 1759 540 xln.
1782 517 1816 549 p.
1831 511 1907 540 235.

1207 559 1260 589 cn.
1282 558 1291 574 ‘
1309 556 1362 589 Ad
1379 558 1502 598 locum,
1525 559 1558 589 in
1574 568 1638 600 quo
1654 558 1843 591 Henricum
1859 559 1909 590 di-

1209 608 1339 639 versari
1375 608 1556 650 didicerat,
1588 618 1721 640 cursum
1757 608 1910 641 direxit!

1210 667 1287 691 X1V.
1318 669 1352 700 p.
1372 662 1446 690 267.
1471 661 1526 691 41.
1558 660 1568 677 ‘
1596 659 1740 691 Cursum
1770 659 1813 691 ad
1839 659 1910 691 cul-

1210 710 1310 741 tiores
1327 720 1427 751 agros
1448 710 1596 751 dirigere
1621 710 1750 751 coepit!
1793 710 1912 751 Hege-

1210 760 1301 801 sipp.
1317 769 1341 792 1.
1356 763 1387 792 9.
1409 760 1418 777 ‘
1434 759 1520 791 Inde
1546 760 1580 790 in
1602 759 1763 791 Arabiam
1779 760 1846 791 iter
1861 759 1912 790 di-

1210 811 1333 842 rexitz’
1356 816 1391 842 et
1408 814 1459 843 11.
1484 810 1509 843 f.
1540 812 1550 828 ‘
1568 811 1713 843 Rectum
1740 816 1852 843 autem
1877 810 1913 842 in

1211 860 1344 892 Arabas
1361 861 1426 892 iter
1443 861 1592 893 direxit!

1255 913 1309 953 §6
1335 911 1509 951 Consulem]
1543 913 1552 930 ‘
1576 909 1742 943 Suffetes'
1771 911 1913 943 Cartha-

1213 963 1421 1003 giniensibus
1449 967 1559 1002 erant,
1581 962 1638 1003 qui
1665 963 1780 993 Romae
1803 963 1916 993 ‘Con-

1213 1013 1334 1052 sules3’
1359 1013 1432 1043 Liv.
1447 1021 1535 1043 xxx.
1551 1015 1583 1043 7.
1599 1016 1629 1042 5.
1655 1021 1738 1052 quos
1760 1011 1914 1042 AEmilius

1214 1063 1348 1094 Probus
1377 1063 1411 1093 in
1442 1062 1607 1093 Annibale
1638 1062 1648 1078 ⁴
1671 1061 1766 1092 binos
1784 1060 1915 1101 Reges'

1214 1116 1326 1144 vocat.
1371 1112 1456 1143 Erat
1481 1116 1518 1142 et
1539 1121 1594 1152 ap.
1621 1111 1695 1142 illos
1725 1110 1916 1142 Dictatoris

1216 1162 1408 1203 imperium,
1442 1162 1516 1194 Liv.
1556 1169 1667 1192 xxm.
1708 1163 1759 1193 13.
1790 1163 1843 1192 11.
1880 1164 1918 1192 et

1217 1212 1432 1245 Quaestorum
1458 1212 1625 1253 dignitas:
1649 1211 1858 1243 habebantur
1883 1210 1918 1242 bi

1217 1264 1361 1305 proximi
1378 1264 1571 1302 Judicibus,
1588 1263 1677 1294 idem
1696 1263 1769 1295 Liv.
1783 1271 1918 1295 xxxtv.

1217 1318 1270 1348 32.
1286 1319 1318 1348 4.
1363 1316 1506 1348 Jndices
1528 1320 1627 1347 erant
1649 1318 1725 1346 100.
1749 1325 1824 1356 sup.
1841 1322 1920 1347 xlx.

1217 1371 1250 1399 2.
1277 1372 1306 1399 5.
1334 1372 1370 1400 et
1396 1369 1540 1399 Senatus
1571 1372 1643 1399 erat
1675 1369 1728 1398 30.
1751 1366 1920 1398 seniorum

1219 1428 1410 1458 consessus,
1435 1418 1511 1450 Liv.
1539 1426 1628 1449 xxx.
1657 1420 1706 1448 16.
1735 1419 1766 1449 3.
1810 1417 1921 1448 Erant

1218 1479 1273 1510 ap.
1291 1478 1348 1500 eos
1364 1474 1400 1500 et
1411 1468 1595 1500 Praetores.
1640 1466 1776 1498 Probus
1791 1465 1921 1497 Annib.

1220 1519 1338 1550 Livius
1356 1527 1490 1550 xxxin.
1505 1520 1558 1549 32.
1572 1520 1603 1549 3.
1629 1517 1785 1557 Bongars.
1829 1515 1924 1548 Add.

1220 1580 1295 1610 sup.
1325 1574 1441 1600 notam
1475 1569 1517 1600 ad
1547 1577 1629 1600 xm.
1660 1571 1691 1599 1.
1722 1570 1755 1599 7.
1791 1567 1923 1599 Ber-nec.

1220 1621 1306 1652 Fere
1333 1621 1422 1651 enim
1447 1619 1540 1651 easd.
1567 1619 1754 1660 dignitates
1769 1618 1922 1650 eosdem-

1222 1681 1287 1712 que
1311 1671 1531 1711 magistratus
1557 1670 1654 1701 Poeni
1683 1669 1856 1701 habebant
1881 1678 1922 1701 ac

1224 1722 1376 1752 Romani.
1401 1721 1509 1753 Faber.

1266 1772 1282 1812 ᾗ
1297 1774 1315 1801 S
1331 1771 1497 1810 Trepidam
1508 1768 1668 1810 nuntium]
1679 1770 1821 1801 Romani
1834 1769 1925 1802 enim

1224 1823 1441 1863 Annibalem,
1463 1824 1528 1855 etsi
1544 1823 1638 1854 senio
1654 1827 1689 1854 et
1705 1822 1809 1853 exilio
1836 1820 1928 1854 frac-

1225 1875 1308 1913 tu‘m,
1332 1884 1393 1916 pro
1419 1874 1487 1915 igni
1504 1873 1686 1912 habebant,
1708 1872 1763 1904 cui
1786 1871 1926 1904 abesset

1224 1927 1316 1965 nihil,
1339 1926 1403 1956 nisi
1420 1926 1477 1966 qui
1499 1934 1576 1955 eum
1599 1923 1783 1955 excitaret.
1829 1922 1927 1956 Piut.

1224 1978 1388 2010 Flaminio
1407 1980 1460 2008 37.
1484 1977 1584 2007 Ber-n.

1268 2029 1356 2059 CAP.
1372 2037 1426 2059 ιιι.
1450 2028 1467 2068 ς
1485 2030 1500 2057 1
1528 2027 1565 2057 In
1578 2026 1703 2057 Groecia
1717 2024 1928 2066 Flamininus]

1225 2080 1281 2110 De
1298 2078 1330 2109 b.
1355 2077 1445 2108 bello
1469 2078 1604 2118 copiose
1629 2076 1705 2107 Liv.
1722 2084 1859 2106 xxxiv.
1875 2077 1929 2106 22.

1227 2134 1262 2159 et
1278 2138 1370 2169 seqq.
1394 2128 1444 2158 Id.

1270 2178 1315 2208 Et
1329 2177 1471 2217 graviter
1486 2175 1639 2214 fractum,
1662 2176 1742 2207 velut
1756 2185 1930 2216 exanguem

1227 2229 1260 2259 in
1275 2238 1370 2268 regno
1385 2227 1526 2268 reliquit]
1549 2226 1589 2258 In
1606 2226 1688 2258 Mss.
1705 2230 1757 2257 est
1773 2229 1804 2258 et
1821 2227 1929 2266 gravi-

1229 2279 1282 2309 bus
1302 2278 1455 2317 fructum,
1484 2279 1536 2317 ‹ij-c.
1585 2277 1631 2307 Et
1660 2275 1711 2306 ita
1738 2276 1804 2316 leg.
1850 2277 1929 2309 Hoc

1230 2329 1320 2370 quod
1350 2338 1416 2358 non
1442 2327 1675 2365 intelligerent
1703 2325 1849 2367 librarii,
1880 2336 1933 2357 re-

1230 2379 1437 2420 scripserant
1462 2377 1612 2417 gravibus
1634 2376 1818 2407 vulneribus.
1875 2376 1932 2408 In-

1231 2435 1322 2471 epte.
1351 2430 1438 2462 Voss.
1484 2428 1574 2462 Quid
1591 2428 1664 2468 lioc,
1683 2428 1825 2467 graviter
1842 2427 1933 2467 sruc-

1231 2485 1298 2512 tum
1323 2481 1405 2511 velut
1423 2476 1630 2518 exsanguem?
1675 2478 1778 2509 Certe
1795 2477 1932 2520 aliquod

1233 2530 1414 2568 vinculum,
1451 2538 1516 2570 quo
1562 2532 1786 2559 connectatur
1815 2528 1936 2568 oratio,

1232 2581 1286 2612 hic
1317 2579 1502 2611 desiderari
1534 2578 1679 2609 videtur.
1743 2579 1810 2610 Sed
1841 2578 1934 2610 aliud

1234 2631 1401 2672 suspicor.
1446 2628 1606 2660 Habebat
1631 2629 1664 2659 in
1692 2628 1803 2660 animo
1826 2629 1935 2661 Jnsti·

1233 2691 1296 2713 nus
1312 2679 1482 2722 egregiam
1498 2679 1597 2710 istam
1613 2678 1747 2719 Virgilii
1762 2688 1936 2720 compara-

1234 2732 1383 2763 tionem:
1413 2731 1421 2746 ‘
1437 2729 1555 2762 Qualis
1579 2738 1672 2769 saepe
1698 2728 1761 2760 viae
1788 2729 1935 2771 depren-

1234 2792 1288 2814 sus
1318 2782 1350 2812 in
1378 2789 1501 2822 aggere
1528 2789 1681 2820 serpeus,
1702 2780 1803 2812 AErea
1833 2790 1936 2822 quem

1235 2833 1406 2874 obliquum
1437 2835 1511 2862 rota
1545 2830 1688 2870 transiit,
1723 2836 1780 2863 aut
1821 2831 1934 2872 gravis

1235 2883 1307 2914 ictu
1322 2881 1534 2913 Semineccm
1549 2880 1649 2921 liquit
1672 2891 1754 2913 saxo
1771 2882 1937 2914 lacerum-

1236 2943 1301 2976 que
1318 2931 1451 2965 viator.'
1499 2932 1565 2971 lta,
1588 2932 1736 2973 inquam,
1760 2933 1934 2974 suspicor;

1236 2994 1312 3016 nam
1352 2988 1580 3024 pra=terquam
1622 2983 1724 3024 quod,
1767 2988 1802 3014 nt
1843 2983 1937 3015 dice-
