2101 3419
573 341 769 375 JUSTINI
803 341 896 372 Lm.
928 338 1154 372 xxxvm.
1186 340 1292 370 cap,
1323 330 1364 370 ’7.

273 442 346 473 Liv.
366 448 456 472 xxx.
471 441 523 470 26.
545 437 554 455 ‘
566 438 610 469 Se
628 437 707 468 nihil
723 445 785 468 nec
801 435 963 467 institutis

270 491 387 532 populi
413 488 553 521 Romani
573 496 636 518 nec
658 486 807 517 moribus
830 485 897 516 suis
917 485 964 515 in-

271 541 409 581 dignum
424 539 512 571 iniis
527 536 715 570 facturum!
736 536 826 567 Plin.
845 544 963 566 xxxv.

271 594 322 622 10.
343 591 352 608 ‘
370 589 507 630 Apelles
523 593 558 620 et
573 588 606 618 in
623 587 751 618 aemulis
771 583 963 626 benignus.'

270 641 391 681 Virgil.
421 649 460 671 11.
486 639 560 670 AEn.
585 640 659 668 541.
700 638 709 654 ‘
727 635 775 667 At
803 645 869 667 non
894 635 964 674 ille,

270 696 380 722 satum
400 699 463 731 quo
479 693 514 720 te
529 686 693 726 mentiris,
708 685 858 717 Achilles
873 685 962 716 Talis

270 741 305 771 in
320 741 416 771 hoste
431 737 517 770 fuit?
547 737 627 769 vid.
650 737 733 768 Not.
757 736 800 767 ad
821 736 897 767 Sen.
915 735 961 766 N.

270 790 312 823 Q.
329 798 377 820 1v.
392 787 497 820 Praef.
526 788 626 819 Gron.

312 840 351 871 In
365 838 479 878 senno]
502 838 580 870 Non
590 837 707 878 rejicio
719 836 864 878 penitus.
887 835 964 866 Sus-

267 890 361 931 picor
375 894 489 920 tamen
504 888 656 919 evenisse
670 887 736 925 hic,
753 886 842 928 quod
858 886 893 917 in
913 896 964 917 su-

268 938 470 980 perioribus,
484 942 522 969 ut
538 947 600 978 pro
614 947 708 967 unum
717 935 872 967 librarius
883 934 963 966 scri-

267 990 365 1021 beret
379 999 440 1020 uno
453 997 529 1019 cum
544 987 667 1018 lineola
688 987 722 1017 in
744 987 859 1018 littera
872 985 964 1017 finali

267 1051 296 1081 o,
311 1040 449 1081 antiqua
460 1038 596 1069 ratione.
634 1037 761 1068 Noster
776 1040 868 1068 certe
884 1035 964 1066 alibi

268 1099 401 1130 semper
411 1092 567 1129 quartum
578 1097 689 1119 casum
706 1086 849 1127 apponit
860 1085 964 1117 verbo

267 1138 277 1156 ‘
295 1138 454 1180 grassari’
478 1142 514 1169 et
537 1137 767 1178 praepositioni
788 1137 797 1153 ‘
813 1135 871 1178 in,'
896 1145 964 1168 non

269 1189 432 1221 ultimum.
454 1187 562 1226 Sehef.

312 1241 329 1280 ξ
352 1243 370 1270 5
395 1237 566 1279 Imputarz']
607 1239 686 1270 Non
709 1238 798 1269 mala
822 1241 965 1282 tantum,

267 1289 327 1320 sed
343 1294 379 1320 et
393 1289 482 1320 bona
503 1288 662 1329 imputari
685 1287 821 1319 dicunt:
847 1292 964 1329 estque

267 1340 276 1355 ⁴
292 1338 474 1380 imputari'
502 1338 555 1369 hic
584 1338 630 1369 id.
657 1337 759 1378 quod,
783 1343 962 1378 acceptum

268 1388 400 1419 referri.
437 1388 519 1419 Tac.
548 1397 573 1418 1.
598 1387 641 1419 H.
669 1389 721 1419 38.
764 1388 774 1404 ‘
791 1388 868 1418 Hoc
896 1387 965 1418 erit

268 1439 375 1470 solum
398 1442 582 1478 certamen,
597 1438 671 1479 quis
687 1438 767 1469 mihi
783 1438 963 1478 plurimum

268 1488 437 1529 imputet‚’
463 1489 485 1519 i.
514 1499 543 1520 e.
575 1488 647 1529 quis
678 1488 857 1528 plurimum
882 1488 962 1519 mihi

268 1539 410 1578 tribuat,
441 1544 476 1570 et
499 1549 552 1570 me
575 1539 639 1570 sibi
660 1538 841 1570 devinciat.
873 1539 962 1571 Plin.

268 1598 373 1621 xxm.
391 1589 437 1621 H.
452 1589 498 1621 N.
514 1592 541 1620 1.
563 1589 573 1606 ‘
584 1589 764 1620 Stertinius
780 1589 963 1629 imputavit

267 1638 490 1680 principibus,
514 1638 603 1680 quod
630 1647 685 1670 Hs.
708 1638 884 1679 quingenis
907 1647 962 1669 an-

266 1689 341 1720 nuis
352 1693 528 1720 contentus
542 1688 653 1719 esset!
674 1689 773 1728 Saepe
789 1697 884 1719 casus
897 1692 963 1719 ter-

267 1739 334 1770 tius
350 1739 528 1770 omittitur.
549 1739 639 1770 Plin.
656 1738 785 1778 Paneg.
803 1739 812 1755 ‘
824 1738 963 1778 Copiam

268 1788 330 1829 tui,
345 1797 411 1819 non
427 1792 464 1819 ut
478 1789 635 1829 imputes,
650 1787 756 1819 facis!
777 1788 870 1818 Suet.
887 1787 962 1818 Tib.

268 1842 320 1871 53.
353 1839 562 1880 ‘Imputavit
582 1839 685 1869 etiam
707 1837 796 1878 quod
824 1846 889 1868 non
915 1838 963 1868 la-

268 1898 355 1930 queo
376 1888 618 1929 strangulatam
642 1888 675 1918 in
703 1887 886 1918 Gemonias
905 1887 963 1918 ab·

259 1938 407 1980 Jecerit!
449 1938 516 1970 Sed
537 1938 733 1978 discrepant
755 1937 905 1968 nonnihil
921 1937 962 1968 ab

265 1998 307 2020 eo
323 1988 412 2029 quod
429 1988 554 2020 Noster
575 1987 723 2019 dicebat.
766 1988 850 2019 Cum
871 1981 962 2019 enim

265 2040 363 2080 illud,
386 2043 424 2071 ut
445 2040 526 2080 dixi,
549 2049 611 2080 per
632 2039 682 2079 τὸ,
708 2044 888 2081 acceptum
911 2049 962 2071 re-

265 2090 361 2130 ferri,
386 2090 549 2132 explicari
575 2091 694 2131 possit,
721 2090 793 2122 haec
823 2099 884 2131 per
911 2089 961 2130 τὸ,

266 2150 451 2182 expensum
480 2139 583 2180 ferre,
617 2139 818 2182 explicanda
846 2140 960 2181 potius

266 2190 403 2222 fuerint.
431 2191 504 2222 Vor.

310 2242 327 2281 ᾗ
341 2243 361 2271 6
377 2240 487 2280 Modo]
503 2240 534 2272 Ῑ.
548 2249 576 2271 e.
589 2244 667 2271 ante
683 2249 786 2271 annos
798 2243 849 2272 16.
873 2241 962 2272 Nam

268 2290 300 2320 ἐν
319 2289 442 2330 πλάτει,
461 2300 487 2321 s.
510 2292 732 2329 παρατατικῶς,
746 2291 809 2321 hoc
835 2291 963 2331 accipi·

267 2339 345 2370 end.
362 2343 426 2370 est.
468 2338 525 2369 Ita
541 2339 609 2370 Cic.
626 2339 660 2369 in
675 2340 785 2370 Bruto
801 2340 844 2370 de
866 2340 961 2371 annis

267 2392 320 2420 30.
342 2389 430 2420 dixit
446 2393 453 2406 ‘
470 2388 602 2429 nuper‚’
620 2393 655 2420 et
669 2390 745 2420 Val.
764 2390 814 2420 M.
828 2399 853 2421 1.
870 2393 899 2422 1.
911 2393 962 2423 13.

267 2448 369 2480 agens
394 2438 437 2469 de
457 2439 624 2479 supplicio
646 2440 746 2470 Tullii
772 2440 962 2481 Duumviri,

268 2499 367 2530 quem
381 2489 579 2530 Tarquinius
603 2499 662 2521 rex
685 2491 792 2522 culleo
815 2491 962 2522 insutum

267 2539 302 2570 in
314 2547 407 2570 mare
422 2538 657 2579 abjicijussit:
675 2539 684 2556 ‘
698 2540 830 2581 quue,’
842 2541 964 2582 inquit,

267 2589 277 2605 ‘
297 2588 455 2628 supplicii
470 2598 574 2629 genus
590 2599 655 2621 non
670 2591 774 2621 multo
791 2595 868 2631 post
885 2601 963 2632 par·

267 2637 383 2669 ricidis
395 2638 471 2678 lege
485 2638 674 2679 inrogatum
690 2640 765 2676 est,'
780 2640 802 2671 i.
820 2650 851 2671 e.
867 2641 962 2671 annis

267 2696 287 2717 a
303 2685 467 2727 regifugio
483 2687 617 2718 circiter
633 2691 685 2720 60.
705 2689 761 2720 ubi
777 2690 964 2730 nonnullos,

268 2741 385 2768 contra
409 2737 676 2769 membranarum
697 2738 813 2780 fidem,
835 2741 963 2772 extrita

268 2786 413 2826 negandi
428 2787 594 2826 particula
605 2789 726 2820 vitiose
741 2791 856 2830 legere
869 2792 963 2822 multo

265 2839 347 2876 post,
372 2836 519 2868 ostendit
545 2837 675 2871 Theod.
707 2840 881 2871 Marcilius
908 2841 963 2872 In-

270 2890 467 2928 terpretam.
492 2887 591 2930 Legis
601 2897 669 2922 xn.
692 2889 912 2932 Tabularum,
930 2901 962 2933 p.

1601 326 1711 368 1001

1014 436 1087 465 285.
1130 433 1184 464 Sic
1200 432 1331 464 Plinius
1346 439 1456 463 xxxv.
1470 432 1520 461 10.
1537 428 1595 460 fin.
1610 429 1619 446 ⁴
1632 429 1712 460 Fuit

1014 488 1048 514 et
1063 483 1196 523 nuper‚'
1212 485 1275 514 διο.
1320 482 1452 521 Nempe
1468 480 1613 511 Neronis
1629 485 1712 510 tem-

1014 543 1110 574 pore,
1126 543 1200 565 cum
1217 533 1383 564 scriberet
1398 532 1529 563 Plinius
1546 531 1606 562 sub
1621 531 1711 561 Tito.

1015 585 1089 616 Liv.
1104 594 1157 616 lx.
1174 587 1226 617 17.
1242 588 1272 617 6.
1304 586 1313 602 ‘
1329 585 1424 615 Sicut
1439 592 1596 623 magnum
1612 581 1712 612 modo

1014 634 1239 675 Pompeium‚'
1256 633 1290 664 id
1304 633 1369 664 fuit
1384 633 1530 673 spatium
1548 640 1710 662 annorum

1013 684 1186 715 minimum
1223 687 1277 715 20.
1320 684 1391 715 Cic.
1425 682 1494 713 Off.
1523 691 1563 713 11.
1594 684 1647 713 21.
1677 684 1711 711 9.

1014 734 1023 751 ‘
1035 734 1141 765 Modo
1157 735 1220 765 hoc
1236 734 1358 764 malum
1375 733 1408 764 in
1425 733 1546 772 Reinp.
1567 730 1713 769 invasit‚’

1014 786 1078 815 Sco.
1101 784 1110 801 ‘
1127 783 1276 815 nondum
1296 787 1432 814 centum
1447 786 1484 813 et
1499 782 1618 813 decem
1634 781 1712 812 anni

1013 833 1115 873 sunt‚’
1130 836 1195 865 διο.
1218 834 1315 864 Bern.

1061 885 1105 915 Ut
1119 893 1156 915 ne
1171 883 1285 915 victum
1297 883 1418 924 quidem
1439 882 1592 914 memoriae
1610 881 1713 921 patris

1013 935 1177 974 donarent]
1198 935 1295 966 Junt.
1314 933 1467 965 memorioe
1481 933 1542 964 uvi.
1588 933 1633 963 Et
1648 933 1712 962 hoc

1013 985 1100 1016 ratio
1128 984 1289 1025 postulat.
1335 984 1448 1015 Patris
1472 984 1564 1014 nulla
1588 982 1642 1013 hic
1670 981 1712 1013 fit

1014 1035 1155 1076 mentio,
1183 1035 1242 1066 sed
1270 1034 1325 1066 avi
1355 1039 1390 1065 et
1421 1032 1564 1074 nepotis.
1603 1031 1711 1064 Groev.

1013 1086 1076 1118 Avi
1095 1095 1212 1117 verum
1229 1089 1292 1126 est,
1312 1088 1348 1116 et
1366 1084 1447 1125 jure
1470 1094 1489 1114 a
1504 1084 1619 1114 Graev.
1637 1092 1713 1122 pro-

1015 1136 1127 1168 batur.
1171 1136 1265 1167 Avus
1285 1140 1358 1167 erat
1380 1134 1574 1166 Masinissa.
1597 1133 1712 1164 Faber.

1013 1187 1078 1218 sz·
1093 1186 1178 1218 ratio
1194 1186 1364 1227 postulare
1378 1185 1532 1222 videtur3
1549 1183 1628 1224 qnia
1645 1192 1712 1213 non

1015 1238 1058 1269 de
1087 1237 1170 1276 filio,
1194 1236 1254 1268 sed
1281 1236 1324 1267 de
1355 1239 1481 1276 nepote
1511 1233 1710 1275 praedictum

1014 1288 1137 1319 fuerat.
1167 1286 1367 1317 ‘Memoriae
1395 1285 1538 1325 alicujus
1565 1284 1711 1325 aliquem

1014 1340 1155 1371 donare’
1181 1343 1244 1377 est,
1271 1346 1414 1378 parcere
1441 1336 1543 1367 alicui
1567 1339 1710 1375 propter

1013 1388 1171 1430 aliquem.
1215 1388 1270 1418 Sic
1283 1396 1404 1418 xxxn.
1421 1389 1452 1417 2.
1469 1390 1499 1417 5.
1520 1385 1529 1402 ‘
1543 1386 1622 1417 Non
1639 1390 1709 1416 tam

1014 1439 1200 1470 absolutum
1214 1446 1342 1478 regem,
1356 1445 1454 1477 quam
1468 1435 1626 1466 donatum
1641 1434 1710 1465 filio

1013 1488 1169 1531 patrem.’
1196 1488 1299 1520 Vorst.
1344 1487 1442 1519 Junt.
1467 1485 1623 1517 memoria>
1646 1484 1710 1524 avi,

1013 1539 1102 1580 quod
1117 1538 1289 1570 historiam
1305 1538 1474 1578 postulare
1496 1536 1580 1567 dicit
1594 1535 1709 1567 Graev.

1013 1588 1117 1627 Schef.

1056 1641 1072 1680 ξ
1096 1642 1115 1670 7
1141 1639 1228 1670 Tales
1242 1647 1340 1677 reges,
1355 1636 1425 1678 ἔγω]
1449 1636 1551 1676 Regii
1567 1634 1709 1666 nominis

1013 1689 1126 1720 odium
1142 1692 1303 1729 quantum
1319 1688 1433 1718 Romae
1448 1686 1564 1725 fuerit,
1583 1686 1710 1726 aliquot

1013 1739 1101 1770 Livii
1117 1738 1200 1769 locis
1220 1737 1448 1778 perspicitur:
1473 1740 1511 1767 ut
1534 1745 1576 1766 11.
1603 1738 1633 1766 1.
1657 1738 1710 1767 10.

1011 1798 1068 1820 111.
1092 1791 1145 1819 38.
1171 1791 1202 1820 2.
1227 1796 1347 1818 xxvn.
1378 1789 1431 1817 21.
1461 1788 1493 1817 4.
1518 1787 1585 1816 &c.
1618 1784 1709 1816 Add.

1011 1839 1128 1870 Latini
1156 1837 1277 1869 Pacati
1302 1837 1431 1876 Paneg.
1465 1834 1626 1866 Theodos.
1654 1836 1709 1864 20.

1011 1890 1112 1921 Rern.

1054 1940 1144 1971 Inter
1157 1938 1237 1978 hoec]
1266 1938 1363 1971 Junt.
1380 1941 1416 1968 et
1432 1935 1507 1968 aliae
1530 1939 1614 1968 vett.
1630 1934 1708 1966 edd.

1010 1992 1092 2022 inter
1104 1990 1168 2022 hos.
1189 1990 1307 2021 Graev.

1053 2040 1157 2081 Atque
1176 2044 1210 2071 ut
1231 2039 1292 2079 ipsi
1305 2038 1431 2078 ferunt]
1458 2035 1514 2067 An
1537 2034 1709 2067 scribend.

1010 2093 1101 2130 atque
1116 2092 1160 2129 ut,
1173 2092 1208 2120 ut
1222 2089 1247 2120 i.
1262 2086 1399 2127 ferunt?
1421 2086 1536 2117 Debet
1551 2085 1642 2116 enim
1658 2095 1710 2116 se-

1011 2149 1117 2181 quens
1146 2138 1237 2171 ‘sic'
1265 2138 1403 2177 habere,
1431 2146 1497 2178 quo
1529 2135 1708 2168 referatur.

1011 2190 1116 2229 Schef.

1053 2243 1071 2282 ᾧ
1095 2244 1114 2272 8
1135 2241 1292 2281 Luporum
1313 2239 1448 2279 animos]
1475 2238 1567 2270 Hinc
1592 2237 1709 2278 ‘lupi'

1010 2292 1159 2322 convitio
1181 2291 1267 2322 dicti
1292 2290 1334 2321 ab
1358 2289 1513 2320 hostibus
1538 2288 1708 2319 Romani:

1011 2345 1050 2372 nt
1072 2351 1092 2372 a
1116 2341 1249 2372 Volscis
1272 2339 1456 2381 AEquisque
1481 2338 1623 2370 ducibus
1652 2347 1709 2377 ap.

1010 2391 1084 2422 Liv.
1099 2400 1154 2422 111.
1169 2393 1221 2422 66.
1239 2394 1269 2421 5.
1293 2400 1313 2421 a
1327 2390 1488 2421 Telesino
1506 2388 1708 2420 Samnitium

1011 2441 1098 2472 duce
1114 2450 1169 2481 ap.
1184 2440 1271 2471 Vell.
1288 2449 1329 2471 11.
1343 2443 1395 2471 27.
1411 2442 1442 2471 3.
1466 2439 1566 2470 Bern.

1053 2490 1270 2531 Inexplebiles]
1295 2492 1304 2508 ‘
1319 2490 1461 2521 Romani
1475 2494 1629 2530 raptores
1646 2489 1710 2520 Or·

1010 2540 1077 2581 bis,
1092 2551 1176 2582 quos
1198 2550 1265 2572 non
1288 2540 1426 2579 Oriens,
1447 2549 1515 2570 non
1535 2539 1708 2570 Occidens

1010 2590 1206 2631 satiaverit‚'
1219 2593 1282 2621 διο.
1299 2589 1409 2631 inquit
1421 2589 1639 2620 Britannicus
1651 2589 1711 2620 ille

1012 2641 1182 2682 Galgacus
1198 2640 1233 2671 in
1247 2641 1326 2671 Tac.
1342 2639 1408 2680 Ag.
1421 2641 1473 2670 30.
1495 2639 1592 2670 Idem.

1054 2691 1141 2722 CAP.
1159 2699 1222 2721 vn.
1253 2691 1270 2730 ξ
1289 2693 1305 2720 l
1337 2689 1476 2729 Majores
1489 2698 1559 2719 suos
1573 2699 1592 2719 a
1610 2689 1709 2730 Cyro]

1011 2739 1161 2781 Appian.
1184 2739 1226 2770 de
1252 2739 1454 2770 Mithridate
1477 2738 1615 2779 originis
1636 2740 1708 2780 huj.

1011 2795 1162 2830 auctore,
1177 2789 1251 2830 ἀνὴρ
1271 2787 1359 2828 ’γένος
1379 2788 1538 2824 βασιλείου
1552 2791 1711 2830 Περσικοῦ.

1012 2841 1102 2872 Flor.
1119 2849 1177 2872 ιιι.
1202 2841 1308 2880 Bong.

1054 2890 1116 2923 Seu
1141 2890 1270 2931 populus
1294 2898 1396 2922 eorum
1434 2889 1614 2928 conferatur
1640 2890 1711 2931 suo]
