2174 3424
507 318 592 359 (372

507 424 675 460 collectae,
693 421 758 451 imo
785 424 862 451 sunt
880 420 984 460 virgae
1010 424 1046 451 et
1070 419 1207 452 vimina.

506 474 515 489 ‘
532 470 749 503 Sarriuntur'
767 471 855 501 enim
873 471 956 510 agri,
979 470 988 486 ‘
1005 471 1206 510 sarpuntur’

506 523 635 553 vineae:
654 521 722 552 vid.
734 521 875 552 Salmas.
890 520 932 550 ad
946 520 1049 551 Solin.
1067 529 1099 560 p.
1114 522 1207 550 1350.

513 573 611 604 Gron.

550 624 567 663 ξ
591 625 632 653 20
655 621 751 661 Astu]
776 620 877 660 Angl.
893 619 1033 651 omittit.
1057 618 1164 656 Schef.

555 672 721 712 Convuln]
746 672 879 703 Saresb.
901 672 910 687 ‘
930 671 969 701 In
987 671 1085 701 turba
1099 670 1172 701 obs.
1189 678 1209 699 a

509 734 553 755 m.
579 734 610 764 q.
635 722 658 755 f.
686 720 920 763 percusserat!
965 719 1115 751 Verbum
1142 729 1210 749 con·

508 776 670 806 vulnerare
681 773 830 804 occurrit
844 782 898 813 ap.
913 771 1104 812 Hegesipp.
1118 780 1143 800 r.
1157 773 1210 800 45.

507 825 516 842 ‘
534 826 597 856 Tot
615 823 805 864 parricidiis
822 819 1129 853 convulnerantur.'
1155 820 1211 851 Ita

510 876 577 906 Ms.
594 880 629 905 et
645 883 760 914 margo
775 873 827 903 ed.
841 871 1030 904 Gnaltheri.

556 923 704 963 Cognito]
727 923 877 954 Sebisius
893 921 977 962 legit
993 920 1114 960 agnito.
1150 920 1211 950 La-

511 976 628 1008 tinitas
659 980 754 1006 certe
786 973 907 1014 poscit.
964 972 1021 1003 Sic
1049 981 1090 1002 11.
1121 975 1152 1002 8.
1177 974 1209 1002 4.

510 1028 643 1058 Bernec.
687 1025 756 1056 Sed
773 1025 912 1065 probum
930 1028 980 1054 est
997 1023 1131 1062 cognito.
1155 1022 1211 1052 Sic

512 1078 585 1108 Liv.
612 1085 715 1107 xxrv.
738 1079 789 1107 16.
812 1078 844 1105 6.
869 1074 959 1105 Add.
981 1072 1146 1105 Varronis
1162 1081 1211 1103 vs.

513 1127 654 1158 citatum
670 1125 731 1158 inf.
745 1135 786 1157 ιι.
805 1128 856 1156 12.
874 1128 906 1156 7.
931 1125 1030 1155 Idem.

557 1179 644 1210 CAP.
670 1187 735 1209 vn.
761 1179 813 1218 §2
835 1175 1080 1207 Administratio
1095 1173 1216 1214 reipub-

511 1230 578 1260 licae
594 1228 703 1259 annuis
715 1226 965 1266 magistratibus]
990 1225 1128 1255 Patere.
1145 1233 1168 1254 1.
1183 1226 1214 1256 2.

513 1285 549 1311 et
580 1279 704 1311 Euseb.
735 1279 769 1309 in
797 1278 924 1309 Chi-on.
956 1281 1036 1317 post
1072 1280 1215 1306 mortem

515 1330 619 1362 Codri
658 1329 832 1370 principes
872 1328 965 1358 aiunt
1002 1326 1216 1361 constitutos,

513 1391 596 1422 quos
610 1390 697 1411 mors
711 1379 870 1409 finiebat:
889 1377 1002 1408 multis
1015 1380 1126 1406 autem
1140 1379 1217 1415 post

513 1431 608 1462 aunis
626 1430 829 1461 constitutos
845 1438 973 1458 annuos
989 1427 1216 1466 magistratus.

514 1482 671 1520 Bongars.
720 1480 765 1510 H.
793 1479 815 1509 l.
841 1477 990 1517 graviter
1017 1480 1110 1507 errat
1124 1476 1216 1507 Just.

514 1532 573 1572 qui
596 1540 661 1562 non
680 1530 870 1560 meminerit
888 1533 963 1569 post
981 1526 1131 1558 Codrum
1146 1526 1218 1556 Me-

514 1582 622 1613 lanthi
646 1581 750 1611 filium
778 1579 879 1610 fuisse
904 1579 1010 1618 primo
1028 1575 1218 1607 Archontas

514 1636 712 1672 perpetuos,
728 1629 805 1661 dein
830 1628 1045 1663 decennales,
1062 1626 1141 1656 dein
1160 1634 1218 1656 an-

514 1691 610 1721 nuos,
637 1691 655 1711 a
680 1690 746 1720 quo
775 1688 891 1710 errore
920 1677 1039 1717 procul
1066 1675 1217 1706 abfuisse

514 1731 661 1770 Trogum
680 1730 801 1770 Pomp.
819 1729 975 1768 dejerare
990 1727 1123 1767 possim.
1139 1726 1218 1757 vid.

515 1781 651 1812 omnino
682 1780 804 1810 librum
833 1779 934 1811 Joan.
968 1777 1125 1816 Meursii‚
1155 1776 1218 1806 viri

515 1831 606 1862 inter
637 1832 782 1861 Batavos
812 1829 1020 1866 doctissimi3
1063 1828 1094 1857 ei
1133 1827 1218 1857 libro

517 1882 659 1912 materia
686 1882 727 1911 dc
753 1880 996 1912 Archontibus.
1043 1880 1139 1920 Opus
1167 1884 1221 1911 est

517 1932 782 1969 exactissimum,
798 1936 834 1961 et
852 1935 948 1960 tauto
970 1930 1042 1960 viro
1066 1929 1221 1969 diguissi-

520 1992 621 2013 mum.
646 1982 725 2013 Γιώ.
771 1980 872 2013 Quod
898 1986 973 2021 post
1000 1981 1154 2011 ultimum
1171 1990 1222 2010 re·

522 2043 598 2073 gem
643 2032 792 2063 Codrum
830 2032 838 2047 ‘
867 2029 1106 2071 magistratus'
1144 2030 1223 2060 ilico

519 2087 528 2102 ‘
545 2093 673 2114 annuos
687 2082 693 2094 ¹
710 2082 865 2122 collocat,
880 2081 913 2112 id
927 2082 1035 2111 minus
1050 2084 1143 2111 recte
1158 2080 1226 2110 fac-

520 2139 591 2166 tum
609 2133 831 2173 dignoscitur.
879 2133 989 2171 Reges
1007 2131 1095 2161 cuim
1119 2130 1225 2161 secuti

519 2185 656 2215 suerunt
673 2182 876 2222 Archontes,
898 2182 1004 2222 primo
1020 2181 1156 2222 quidem
1175 2183 1225 2211 13.

519 2233 691 2276 perpetui,
704 2233 827 2264 deinde
838 2236 870 2263 7.
882 2232 1095 2263 decennales.
1124 2231 1227 2262 Vorst.

521 2285 563 2315 In
582 2285 664 2315 Mss.
687 2283 809 2323 legitur
832 2293 946 2319 αηηιια,
964 2291 1005 2312 ex
1029 2291 1095 2322 qua
1117 2281 1225 2312 varie-

522 2339 594 2366 tate
611 2334 735 2373 colligo
752 2342 824 2363 esse
843 2342 972 2371 verum,
988 2331 1077 2372 quod
1094 2331 1227 2362 notavit

524 2384 696 2416 Mem-sius
724 2384 756 2414 in
784 2382 948 2413 Archont.
983 2380 1109 2413 Athen.
1135 2380 1227 2411 cxci-

525 2435 612 2465 disse
641 2434 754 2474 aliqua
778 2433 840 2463 hoc
864 2433 882 2462 l.
908 2431 1089 2471 verbaque,
1106 2430 1227 2471 quibus

525 2483 693 2525 agebatur
724 2483 765 2512 de
793 2482 1020 2513 Archontihus
1052 2481 1228 2522 perpetuis

524 2539 560 2565 et
580 2533 821 2565 decennalibus
839 2536 915 2563 ante
932 2532 1149 2572 magistratus
1172 2540 1228 2562 an-

526 2594 622 2623 nuos,
640 2583 836 2614 desiderari.
861 2582 966 2620 Sclws.

569 2636 585 2675 ς
611 2637 628 2664 3
654 2634 758 2664 Nullae
781 2633 875 2673 leges]
901 2634 952 2663 Ex
976 2631 1151 2662 Plutarchi
1169 2631 1228 2661 So-

525 2685 601 2715 lone
619 2688 653 2714 ct
669 2683 742 2713 aliis
767 2688 894 2722 notum,
912 2682 1082 2713 Draconis
1099 2681 1229 2722 legibus

527 2744 603 2764 usos
619 2733 840 2764 Athenienses
862 2738 939 2763 ante
956 2733 1126 2764 Solonem.
1151 2731 1228 2763 Vid.

529 2782 570 2814 Λ.
587 2783 675 2813 Geli.
693 2786 811 2813 x1.18.
836 2784 939 2822 Bong.

570 2833 682 2863 Libido
700 2833 823 2872 regum]
847 2834 947 2873 Supr.
965 2843 989 2864 1.
1008 2835 1038 2864 1.
1055 2836 1085 2864 2.
1111 2833 1205 2863 Rern.

626 2887 642 2913 5
685 2884 781 2914 Tanto
817 2884 1070 2923 lcntpcrium‘ulo]
1108 2883 1230 2914 Dicere

963 325 1103 355 NOTAE.
1138 325 1196 354 VA
1209 324 1358 354 RIORU
1370 325 1400 353 M
1437 323 1487 353 IN

1258 420 1346 450 enim
1365 419 1508 459 solebat,
1522 418 1558 450 τὸ
1572 419 1640 450 ἴσον
1650 418 1786 458 πόλεμον
1800 418 1834 450 οὐ
1846 416 1953 449 ποιεῖν.

1259 471 1337 502 Vid.
1363 471 1539 502 Plutarchi
1565 477 1600 502 et
1625 471 1750 502 Laertii
1778 471 1954 507 Solonem3

1259 522 1400 562 ejusque
1415 522 1457 552 de
1480 523 1568 562 legg.
1591 526 1720 562 praeter
1736 526 1868 552 ceteros
1885 520 1957 551 He-

1259 572 1415 603 rodotum
1442 581 1466 602 1.
1493 575 1544 603 29.
1560 576 1595 602 et
1611 581 1652 603 ιι.
1675 574 1746 602 177.
1769 569 1959 601 Emendan·

1260 622 1322 653 dus
1346 621 1516 654 Ammian.
1533 631 1612 653 ΧΠ.
1645 622 1655 638 ‘
1674 622 1723 652 Ex
1747 620 1869 651 rhetris
1891 619 1957 658 Ly-

1260 672 1366 712 curgi,
1382 673 1403 703 i.
1418 682 1447 703 e.
1466 671 1667 703 Axonibns.'
1691 672 1774 711 Leg.
1789 674 1819 701 et
1837 669 1958 701 Axonz'-

1261 723 1334 759 bus;
1357 727 1394 753 ut
1411 725 1419 739 ‘
1433 723 1572 753 Rhetrae
1585 722 1593 735 '
1609 721 1771 761 Lycurgi,
1785 721 1834 751 ita
1846 720 1855 736 ‘
1869 719 1960 751 Axo-

1260 773 1338 804 nes'
1353 773 1502 811 Solonis3
1526 773 1616 803 Plut.
1641 772 1749 808 Bong.

1308 823 1351 853 Ut
1373 822 1410 852 ab
1435 821 1590 861 utrisque]
1627 820 1777 850 Similem
1803 818 1958 849 modera-

1260 872 1387 903 tionem
1403 872 1474 903 Liv.
1491 871 1610 902 tribuit
1626 869 1731 901 Fabio
1748 878 1802 900 ιη.
1824 872 1854 900 1.
1870 871 1902 899 4.
1924 872 1961 899 et

1260 922 1437 953 mensariis
1465 930 1530 951 vu.
1556 923 1607 951 21.
1633 923 1663 950 8.
1690 924 1728 950 et
1753 919 1819 949 Ov.
1848 918 1890 948 de
1914 926 1962 957 se,

1260 973 1315 1003 Tr.
1333 981 1372 1003 11.
1387 975 1438 1002 96.
1471 972 1480 987 ‘
1498 972 1563 1001 Res
1579 979 1713 1011 quoque
1731 969 1879 1009 privatas
1894 972 1961 998 sta-

1261 1023 1312 1054 tui
1339 1023 1410 1053 sine
1426 1022 1565 1053 crimine
1583 1020 1713 1060 judex:
1748 1021 1869 1061 Deque
1887 1028 1964 1049 mea

1261 1074 1352 1105 fassa
1378 1078 1431 1105 est
1464 1083 1542 1114 pars
1570 1081 1704 1114 quoque
1741 1071 1833 1103 victa
1868 1069 1961 1101 fide)

1263 1125 1363 1155 Rern.

1307 1176 1323 1215 ξ
1338 1177 1357 1205 8
1383 1174 1523 1215 Capital]
1539 1172 1665 1212 Θανάτῳ
1680 1171 1858 1212 ζημιοῦσθαι
1868 1170 1962 1202 Plut.

1263 1225 1386 1256 Solone
1412 1227 1463 1255 10.
1495 1224 1587 1255 Festi
1611 1224 1784 1254 mutilatur
1811 1222 1961 1253 Paulus:

1264 1276 1273 1292 ‘
1291 1275 1427 1315 Capital
1442 1274 1588 1314 facinus,
1603 1274 1692 1315 quod
1717 1273 1838 1313 capitis
1864 1281 1965 1313 poeua

1265 1325 1393 1357 luitur.'
1439 1327 1489 1356 Ea
1515 1330 1568 1357 est
1594 1325 1765 1366 plerisque
1792 1323 1876 1355 locis
1907 1332 1963 1362 ap.

1266 1376 1372 1407 bonos
1398 1382 1555 1407 auctores
1577 1381 1731 1407 veterum
1758 1375 1835 1407 libr.
1858 1375 1964 1415 scrip-

1267 1430 1355 1457 tura.
1379 1427 1482 1465 Bong.

1313 1476 1454 1516 Capitol]
1478 1476 1533 1507 Ita
1550 1477 1623 1517 jam
1649 1475 1782 1517 pridem
1808 1484 1966 1507 correxe-

1267 1535 1352 1565 ram,
1376 1535 1443 1557 non
1466 1526 1520 1558 hic
1538 1531 1683 1566 tantum,
1708 1526 1766 1558 sed
1793 1526 1895 1558 etiam
1912 1535 1968 1566 ap.

1267 1576 1324 1607 Sil.
1341 1586 1472 1608 meum:
1497 1577 1506 1594 ‘
1524 1577 1749 1608 Praevetitum
1773 1586 1916 1617 namque
1933 1579 1969 1606 et

1268 1627 1396 1668 capital
1421 1627 1635 1659 committere
1660 1628 1809 1659 Martem
1838 1627 1969 1667 Sponte

1268 1676 1370 1708 viris!
1403 1678 1469 1708 Ubi
1486 1682 1584 1709 antea
1606 1678 1816 1719 ineptissime
1833 1677 1970 1717 legeba-

1270 1733 1342 1759 tur:
1373 1728 1410 1757 Ρ.
1428 1728 1524 1767 capiti
1547 1738 1635 1767 poena
1660 1738 1735 1759 com.
1765 1728 1814 1758 M.
1862 1728 1906 1758 Et
1921 1726 1970 1757 sic

1269 1778 1383 1808 Plaut.
1412 1778 1505 1808 Meu.
1529 1779 1537 1795 ‘
1553 1778 1702 1809 Tametsi
1731 1777 1857 1818 capital
1880 1776 1971 1807 fece-

1268 1827 1324 1866 rit,
1353 1826 1454 1857 facile
1478 1827 1698 1858 asservabisz'
1739 1828 1803 1863 vel,
1836 1831 1873 1858 ut
1911 1826 1969 1857 alii

1272 1878 1434 1916 allegant,
1447 1877 1455 1893 ‘
1471 1878 1661 1918 Numquam
1672 1877 1807 1908 hercule
1820 1875 1973 1916 effugiet,

1273 1927 1407 1958 tametsi
1435 1928 1563 1967 capital
1592 1927 1738 1959 fecerit?
1777 1927 1884 1958 Lucil.
1912 1926 1971 1957 lib.

1274 1985 1378 2007 xxvi.
1393 1978 1401 1992 ‘
1414 1977 1529 2007 Facile
1547 1976 1759 2015 deridemur3
1782 1976 1903 2007 scimus
1917 1985 1971 2006 ca-

1275 2027 1358 2068 pital
1384 2036 1458 2057 esse
1485 2026 1646 2057 irascier!
1683 2027 1771 2057 Mod.
1817 2026 1895 2057 Val.
1920 2026 1971 2057 M.

1275 2087 1310 2108 v.
1328 2080 1356 2108 l.
1372 2078 1450 2108 Ext.
1468 2079 1497 2108 1.
1519 2077 1528 2093 ‘
1547 2076 1587 2107 ld
1604 2077 1635 2107 ei
1651 2076 1800 2106 salutare
1821 2074 1971 2106 futurum

1277 2128 1404 2164 dicens,
1420 2127 1508 2168 quod
1526 2126 1616 2167 apud
1634 2127 1755 2157 Persas
1772 2126 1898 2166 capital
1915 2134 1974 2156 ex-

1278 2177 1426 2209 ruisset!
1450 2177 1545 2208 Curt.
1563 2186 1645 2207 viu.
1661 2180 1691 2207 9.
1712 2177 1722 2193 ‘
1740 2177 1832 2209 Quas
1859 2174 1974 2216 [arbo-

1276 2227 1344 2267 res]
1363 2227 1488 2257 violare
1504 2226 1631 2267 capital
1647 2225 1720 2258 est.’
1744 2227 1824 2257 Seu.
1842 2234 1892 2256 lv.
1908 2225 1974 2256 Be-

1277 2277 1345 2309 uef.
1363 2281 1415 2308 38.
1438 2278 1446 2293 ‘
1465 2278 1542 2309 Quo
1568 2276 1738 2317 [decreto]
1765 2280 1906 2306 cavetur
1932 2283 1975 2305 ne

1278 2327 1417 2358 miseros
1435 2332 1528 2358 tecto
1546 2327 1669 2367 juvare
1685 2326 1814 2366 capital
1830 2324 1897 2356 sit:
1921 2323 1975 2356 Cf.

1278 2383 1392 2409 notam
1410 2377 1474 2408 Avi
1492 2377 1533 2408 ad
1546 2378 1624 2408 sen.
1643 2377 1802 2408 Controv.
1818 2385 1898 2406 vm.

1321 2429 1337 2468 ξ
1362 2431 1382 2459 9
1413 2427 1587 2467 Censendo]
1619 2426 1770 2458 Verbum
1795 2425 1878 2457 illud
1904 2435 1978 2466 pro-

1279 2479 1351 2518 prie
1377 2478 1503 2509 dicitur
1520 2477 1562 2508 de
1588 2481 1758 2516 senatore,
1775 2486 1876 2517 quum
1903 2485 1978 2506 sen-

1280 2529 1422 2560 teutiam
1437 2529 1520 2559 dicit
1533 2528 1575 2559 de
1589 2537 1628 2558 eo
1641 2526 1730 2568 quod
1744 2526 1808 2557 sibi
1823 2526 1975 2557 videtur:

1280 2581 1288 2597 ‘
1306 2578 1482 2610 assentiri'
1511 2588 1602 2617 vero,
1630 2577 1656 2607 si
1682 2576 1824 2607 alienam
1841 2580 1978 2606 senten-

1280 2630 1361 2660 tiam
1380 2628 1524 2669 probat3
1551 2637 1648 2668 quem
1669 2625 1763 2657 verbi
1781 2635 1876 2655 nsum
1894 2626 1978 2656 varii

1281 2679 1433 2710 indicant
1445 2681 1656 2716 auctores,ut
1667 2674 1845 2707 Senecade
1855 2675 1978 2716 Tranq.

1281 2730 1346 2761 An.
1374 2739 1448 2770 cap.
1475 2733 1504 2760 3.
1528 2731 1536 2746 ‘
1554 2729 1621 2761 Qui
1648 2726 1690 2757 de
1719 2735 1803 2766 pace
1829 2729 1866 2756 et
1888 2725 1979 2758 bello

1281 2779 1419 2811 censet!
1442 2779 1530 2809 l'liu.
1549 2787 1597 2808 lv.
1614 2778 1678 2816 Ep.
1692 2779 1724 2807 9.
1740 2776 1749 2792 ⁴
1765 2776 1978 2815 Consurgere

1281 2831 1321 2862 ad
1361 2828 1588 2861 censendum!
1632 2827 1728 2857 Suet.
1767 2824 1889 2855 Claud.
1924 2828 1978 2856 20.

1282 2883 1289 2898 ‘
1306 2881 1374 2912 Per
1389 2879 1526 2912 nandium
1540 2888 1579 2910 ac
1592 2876 1833 2909 dissensionem
1844 2874 1980 2906 diversa
