2174 3424
602 381 796 413 Jusrmi
831 381 924 410 [ΑΒ.
958 381 1006 410 x.
1037 380 1142 409 cAP.
1174 369 1216 409 2.

195 490 250 512 111.
279 483 309 512 1.
330 479 367 510 ‘0
392 480 484 517 δῆμος
511 474 679 518 μειρακίων.
723 473 779 504 Ita
806 473 885 504 Sen.

196 529 318 561 Benef.
335 539 382 561 vr.
400 532 452 560 33.
486 528 496 546 ‘
514 527 664 567 Populus
682 521 888 556 amicorum.5

197 581 289 611 Flor.
317 589 340 610 1.
366 581 396 610 1.
425 580 476 609 17.
514 576 692 616 ‘Populus
721 571 889 604 virorum?

196 628 367 660 Audacius
384 627 504 659 Manil.
533 627 542 644 ‘
561 625 665 657 Aerei
684 622 822 665 populi,’
847 622 890 653 de

197 678 335 709 avibus:
360 682 395 708 et
418 677 428 694 ‘
445 676 594 717 Populos
620 682 791 714 exponere
814 681 892 711 cap-

196 728 270 768 t08‚'
281 728 324 759 de
335 728 498 768 piscibus.
516 727 645 758 Colum.
657 734 708 756 rx.
722 727 773 756 13.
788 724 797 740 ‘
812 723 892 754 Duo

197 779 313 819 populi
335 777 494 818 conjungi
517 775 667 813 debent‚'
695 774 737 805 de
761 772 893 814 apibus.

197 829 300 870 Apul.
316 838 365 861 vt.
388 830 397 846 ‘
416 827 586 869 Sepedum
610 826 808 868 populorum
832 833 893 854 un-

199 879 276 918 dae,'
298 879 341 910 de
365 878 536 910 formicis:
561 877 603 908 de
625 876 744 918 quibus
760 879 795 905 et
811 875 894 904 Pro-

200 929 295 961 verb.
322 938 414 961 xxx.
441 932 494 961 25.
530 929 539 946 ‘
557 927 720 959 Formicae
750 925 894 966 populus

198 979 375 1010 infirmus)
392 979 625 1010 Audacissime
636 977 794 1008 Sidonius
806 978 894 1007 VLI.

200 1031 210 1048 ‘
226 1031 400 1063 Scelerum
416 1029 582 1071 populus‚’
606 1039 680 1069 pro,
703 1027 800 1068 copia
816 1035 895 1066 pec-

200 1085 374 1113 catorum:
390 1080 448 1111 ubi
464 1080 560 1120 plura
576 1078 609 1109 id
626 1087 729 1118 genus
741 1076 897 1116 exempla

200 1129 332 1161 notavit
359 1130 495 1160 Savaro.
521 1129 704 1160 Berneccer.
741 1127 807 1158 Ov.
840 1134 895 1157 Χῖ.

201 1180 254 1212 Μ.
269 1183 343 1211 635.
366 1180 376 1197 ⁴
389 1179 438 1211 At
453 1183 552 1220 pater
567 1188 586 1209 e
602 1178 726 1219 populo
741 1180 898 1207 natorum

202 1230 294 1262 mille
310 1239 444 1261 suorum
467 1228 629 1268 Excitat,’
651 1230 717 1259 διο.
755 1227 800 1258 Et
819 1226 898 1257 Sen-

204 1281 270 1321 Ep.
300 1283 372 1311 105.
415 1279 556 1310 ‘Habet
585 1275 811 1319 unusquisque
840 1276 899 1307 ali-

206 1339 306 1371 quem
333 1329 387 1361 cui
417 1333 544 1361 tantum
584 1328 708 1367 credit,
736 1331 898 1368 quantum

205 1379 273 1420 ipsi
297 1379 464 1410 creditum
492 1383 567 1410 est:
601 1383 640 1410 ut
667 1378 901 1419 garrulitatem

207 1439 302 1460 suam
318 1428 498 1468 custodiat,
510 1432 546 1459 et
555 1431 735 1459 contentus
749 1427 791 1458 sit
805 1427 902 1457 unius

209 1478 357 1517 auribus,
378 1478 537 1518 populum
558 1476 684 1509 faciet!
727 1477 780 1508 Id.
798 1485 822 1509 1.
858 1477 902 1508 N.

209 1528 252 1561 Q.
267 1532 298 1559 5.
321 1528 330 1545 ‘
342 1528 427 1559 Sunt
443 1527 596 1568 quaedam
612 1527 749 1568 specula
765 1536 806 1557 ex
822 1527 904 1556 mul-

210 1578 255 1608 tis
276 1577 480 1618 minutisque
502 1577 708 1617 composita:
731 1576 852 1618 quibus
877 1576 904 1606 si

210 1637 313 1658 unum
339 1626 526 1658 ostenderis
554 1627 730 1667 hominem,
759 1627 904 1667 populus

212 1680 377 1718 apparet.’
418 1678 464 1708 Et
491 1677 578 1707 Plin.
602 1685 715 1708 xxxv.
745 1677 788 1708 N.
810 1677 856 1708 H.
872 1679 906 1708 2.

212 1727 222 1744 ‘
240 1727 378 1767 Semper
394 1725 552 1757 defuncto
569 1726 695 1766 aliquo,
712 1729 803 1757 totus
831 1726 906 1757 ade-

213 1781 267 1807 rat
282 1775 419 1807 familiae
441 1776 528 1817 ejus,
542 1776 598 1817 qui
614 1786 761 1817 unquam
782 1775 908 1816 fuerat,

213 1825 381 1867 populus!
406 1826 506 1857 Gron.

254 1877 272 1917 ς
295 1879 314 1907 7
336 1875 474 1915 Adeone]
505 1874 607 1916 Angli
628 1875 700 1906 siue
723 1875 908 1916 interroga-

213 1926 306 1957 tione
321 1926 416 1957 Adeo.
440 1925 567 1957 Probo.
591 1925 694 1964 Schef.

257 1977 343 2008 CAP.
360 1985 400 2007 11.
448 1977 466 2017 ᾧ
488 1979 508 2007 2
533 1977 685 2007 Fraterno
707 1976 797 2017 bello]
827 1976 857 2007 Ι.
873 1985 905 2009 e.

212 2026 340 2067 fratris,
355 2026 565 2066 Artaxerxis,
579 2026 680 2058 bello.
716 2027 778 2057 Est
792 2031 905 2058 antem

214 2079 224 2096 ‘
242 2077 357 2109 fratris
373 2077 519 2116 bellum‚'
544 2077 578 2107 id
595 2077 682 2118 quod
700 2087 776 2108 cum
797 2077 905 2109 fratre

214 2129 367 2169 geritur;
389 2127 671 2169 quemadmodum
693 2130 702 2146 ⁴
720 2129 845 2160 bellum
862 2129 907 2160 A·

216 2178 452 2209 theniensium’
474 2177 601 2208 dicitur
620 2178 654 2209 id
671 2180 760 2220 quod
778 2179 908 2220 geritur

216 2238 291 2259 eum
330 2227 593 2259 Atheniensibus
630 2237 688 2260 111.
719 2232 750 2260 6.
783 2233 833 2260 10.
875 2233 911 2261 et

216 2276 450 2312 ‘Alexandri,'
480 2277 571 2318 quod
610 2288 685 2309 cum
716 2280 911 2312 Alexandro

220 2337 305 2360 xnr.
321 2332 352 2359 5.
368 2331 400 2359 9.
432 2328 487 2359 Sic
507 2333 541 2359 et
563 2329 662 2368 paulo
680 2335 757 2370 post
780 2331 914 2371 ‘jurgia

218 2377 343 2419 patris'
371 2382 449 2409 sunt
463 2378 579 2418 jurgia
594 2388 669 2409 cum
686 2385 795 2420 patre,
811 2382 864 2412 vel
881 2382 914 2412 in

222 2434 363 2470 patrem.
390 2429 490 2459 Vorsc.

221 2516 224 2518 ¹
263 2478 383 2519 Supra]
409 2479 491 2509 Fine
506 2478 563 2510 lib.
579 2489 614 2511 v.
639 2481 738 2513 Bern.

264 2530 282 2570 ξ
306 2532 325 2560 3
352 2529 483 2569 Cedere]
519 2530 611 2560 Sich.
641 2532 757 2563 mallet
785 2533 916 2566 credere.

223 2580 302 2611 Non
319 2579 417 2611 bene.
447 2579 526 2610 Vid.
552 2580 678 2612 Notam
696 2582 737 2613 ad
756 2592 778 2613 1.
797 2586 848 2615 10.
866 2586 917 2614 12.

226 2629 274 2660 Id.

266 2678 383 2710 Darius
409 2679 634 2720 postulaverat]
666 2682 736 2712 Lex
762 2688 836 2714 erat
861 2693 918 2724 ap.

224 2728 363 2766 Persas,
385 2728 497 2769 δωρεὰν
511 2728 607 2761 αἰτεῖν
620 2730 673 2761 τὸν
687 2731 918 2774 ἀναδειχθέντα,

225 2777 275 2809 καὶ
290 2778 397 2809 διδόναι
410 2778 465 2809 τὸν
479 2779 673 2819 ἀναδείξαντα
694 2784 755 2814 πᾶν
777 2783 816 2814 τὸ
833 2784 918 2822 airn-

227 2827 288 2868 θὲν,
316 2827 408 2869 ἄνπερ
435 2827 456 2870 ᾗ
485 2830 621 2863 δυνατόν.
676 2833 767 2866 Plut.
797 2835 917 2867 ArtaX.

228 2887 258 2908 c.
275 2880 327 2908 42.
352 2879 454 2917 Bong.

272 2928 337 2959 Pro
352 2928 544 2968 indulgentia
557 2940 610 2962 sua
626 2931 659 2962 in
674 2932 799 2974 liberos]
822 2934 922 2966 Post-

1549 366 1634 407 773

936 480 1030 501 rema
1057 470 1123 500 duo
1149 469 1313 500 voeabula
1336 478 1398 509 pro
1424 467 1636 507 glossematis

937 521 1059 560 liabeo,
1084 530 1122 551 ac
1153 525 1334 561 propterea
1364 523 1446 559 puto
1476 517 1633 548 delenda.

939 571 1042 609 Sclief.

984 624 1001 664 ξ
1024 625 1043 654 4
1066 621 1147 652 Solis
1174 630 1239 652 eam
1270 620 1440 651 sacerdotio
1478 618 1636 659 prwfecit]

943 673 1037 704 Plut.
1061 672 1184 702 Artax.
1207 681 1236 702 c.
1252 673 1305 701 43.
1340 670 1456 700 Dianae
1483 678 1557 709 quae
1585 674 1638 699 est

943 722 1142 760 Ecbatanis,
1165 720 1203 757 ἣν
1222 721 1353 751 Ἀνεΐτιν
1368 720 1528 750 καλοῦσιν.
1555 718 1638 748 Bon-

940 781 1027 811 gars.
1050 771 1225 802 Simillima
1244 771 1373 801 ratione
1388 770 1420 800 in
1438 768 1536 800 India
1551 767 1639 798 occi-

944 822 1085 861 dentali,
1102 825 1175 852 toto
1199 822 1356 852 Pervano
1381 824 1507 858 tractu,
1533 818 1639 858 prius-

943 881 1041 913 quam
1056 871 1157 902 sacris
1182 871 1380 902 Christianis
1398 870 1640 907 imbuerentur,

943 922 952 939 ‘
969 921 1092 953 crebra
1107 925 1141 951 et
1156 930 1277 962 magna
1292 921 1419 961 templa
1433 920 1546 950 dicata
1560 918 1642 958 Soli,

945 975 981 1003 et
1005 972 1039 1002 iu
1062 971 1102 1002 iis
1125 971 1270 1011 virgines
1292 981 1383 1011 saepe
1406 970 1569 1001 ducentas
1590 967 1641 1000 fu-

944 1021 1032 1062 isse‚’
1055 1021 1147 1062 Lips.
1169 1022 1344 1062 Syntagm.
1368 1020 1410 1051 de
1437 1020 1544 1050 Vesta
1566 1028 1642 1058 cap.

948 1075 1000 1104 15.
1027 1071 1151 1103 refert:
1177 1072 1186 1088 ‘
1202 1082 1220 1102 e
1236 1071 1358 1113 quibus
1382 1071 1409 1101 si
1429 1080 1496 1111 qua
1518 1079 1642 1109 corpus

947 1122 1134 1163 polluisset,
1149 1126 1258 1153 morte
1273 1121 1400 1157 luebat,
1414 1120 1479 1151 nisi
1496 1124 1605 1151 tamen
1623 1128 1642 1149 e

948 1172 1024 1203 Sole
1032 1182 1067 1203 se
1075 1172 1269 1212 concepisse
1279 1171 1367 1212 [ride
1376 1169 1646 1211 superstitiosam

949 1222 1200 1263 credulitatem]
1211 1226 1328 1253 sancte
1344 1221 1398 1262 adj
1405 1219 1556 1252 orasset!
1565 1220 1645 1250 Ber.

993 1274 1010 1314 ξ
1033 1277 1051 1304 5
1076 1274 1117 1304 Ιη
1129 1272 1256 1312 =iurgia]
1284 1271 1427 1304 Quidam
1444 1271 1529 1301 Mss.
1546 1270 1578 1300 z'n
1599 1269 1647 1299 in-

940 1323 1072 1362 juriam.
1103 1325 1111 1342 ‘
1130 1322 1277 1364 Iujuria'
1294 1323 1396 1354 etiam
1414 1320 1524 1352 verbis
1540 1320 1592 1360 fit,
1608 1324 1647 1352 ut

950 1374 1032 1406 JCti
1044 1374 1181 1405 docent.
1196 1374 1341 1405 Tertull.
1358 1374 1367 1391 ‘
1382 1371 1647 1412 Omnisinjuria‚

953 1435 979 1456 s.
995 1425 1119 1465 lingua,
1136 1435 1162 1456 s.
1178 1434 1290 1463 manu,
1306 1422 1458 1454 incussa.²
1482 1422 1588 1460 Bong.

996 1474 1224 1515 Deprehensus]
1265 1473 1543 1514 Conjurationem
1573 1480 1650 1512 pro-

953 1526 1057 1557 dente
1073 1526 1216 1566 quodam
1232 1526 1395 1557 eunucho.
1418 1525 1511 1556 Plut.
1527 1522 1649 1553 Artax.

954 1587 983 1609 c.
998 1579 1051 1608 45.
1075 1577 1173 1607 Rern.

996 1628 1014 1667 ᾧ
1036 1629 1056 1657 6
1082 1627 1235 1665 Conjuges
1256 1635 1368 1666 quoque
1381 1623 1515 1655 omnium
1529 1632 1596 1653 cum
1612 1622 1650 1652 li-

954 1677 1050 1717 beris]
1080 1676 1272 1708 Marcellin.
1289 1684 1401 1706 xxul.
1427 1677 1480 1705 31.
1514 1674 1523 1690 ‘
1540 1673 1651 1713 Leges

955 1727 1044 1768 apud
1061 1727 1182 1758 Persas
1198 1725 1367 1766 impendio
1383 1722 1586 1760 formidatae,
1602 1722 1652 1752 in-

957 1783 1010 1810 ter
1022 1787 1104 1818 quas
1119 1777 1257 1808 diritate
1275 1778 1462 1816 exuperant
1480 1775 1556 1804 latae
1574 1782 1653 1804 con-

956 1832 1010 1859 tra
1024 1828 1176 1868 ingratos
1191 1832 1227 1858 et
1242 1827 1446 1863 desertores,
1466 1828 1502 1855 et
1525 1822 1653 1854 abomi-

956 1878 1077 1909 nandae
1095 1878 1182 1917 aliae,
1198 1887 1258 1917 per
1275 1886 1355 1918 quas
1368 1876 1408 1906 ob
1421 1884 1544 1905 noxam
1558 1873 1654 1903 unius

957 1929 1062 1959 omnis
1078 1927 1312 1968 propinquitas
1329 1924 1441 1966 perit.'
1486 1923 1654 1963 Exempla

955 1983 1033 2009 sunt
1049 1988 1103 2018 ap.
1124 1977 1251 2008 Herod.
1269 1985 1324 2007 111.
1341 1978 1415 2006 119.
1439 1978 1474 2005 et
1492 1974 1524 2004 in
1543 1973 1653 2013 Epist.

953 2028 1154 2060 Artaxerxis
1178 2038 1234 2068 ap.
1264 2036 1350 2059 Lxx.
1386 2026 1544 2065 Interpp.
1576 2033 1654 2064 cap.

955 2090 1032 2112 vm.
1057 2083 1109 2112 11.
1143 2081 1276 2111 Esther.
1313 2079 1434 2118 Neque
1459 2077 1571 2107 mitior
1598 2076 1653 2106 lex

955 2131 1196 2170 Macedonum,
1220 2130 1229 2146 ‘
1248 2139 1314 2171 qua
1336 2133 1472 2159 cautum
1503 2131 1590 2165 erat,
1616 2129 1655 2156 ut

957 2180 1139 2222 propinqui
1170 2189 1297 2216 eorum,
1324 2179 1381 2220 qui
1407 2178 1479 2217 regi
1508 2177 1656 2207 insidiati

958 2236 1084 2271 essent,
1106 2241 1181 2261 cum
1206 2231 1287 2270 ipsis
1311 2230 1537 2260 necarentur.'
1573 2228 1658 2258 Cur-

960 2282 1025 2312 tius
1045 2291 1094 2312 vr.
1121 2284 1173 2312 ll.
1197 2283 1249 2311 28.
1282 2278 1458 2313 Quomodo
1485 2283 1520 2309 et
1543 2277 1657 2317 Impp.

961 2331 1102 2362 Arcadii
1145 2335 1181 2361 et
1225 2330 1368 2361 Honorii
1413 2328 1658 2360 constitutione

963 2391 1062 2421 poena
1076 2380 1109 2411 in
1127 2385 1256 2420 partem
1279 2379 1321 2410 ad
1345 2378 1432 2409 filios
1449 2377 1659 2417 extenditur,

963 2440 1102 2472 quorum
1141 2433 1297 2470 parentes
1335 2429 1425 2459 laesae
1471 2427 1659 2468 majestatis

965 2486 1093 2512 reatum
1122 2481 1347 2512 incurrerunt.
1381 2480 1420 2510 L.
1440 2482 1471 2509 5.
1505 2477 1589 2509 Cod.
1616 2477 1660 2508 ad

966 2533 1005 2564 L.
1021 2532 1090 2564 Jul.
1106 2531 1191 2571 Maj.
1216 2531 1267 2561 Id.

1009 2584 1026 2623 ξ
1050 2586 1068 2613 7
1092 2581 1203 2613 Morbo
1218 2591 1257 2611 ex
1272 2581 1377 2610 dolore
1390 2577 1559 2617 contracto]
1586 2577 1660 2608 ‘Two

966 2635 1062 2670 λυπῆς
1084 2632 1133 2663 καὶ
1155 2630 1328 2670 δυσθυμίας,
1350 2630 1443 2660 Plut.
1467 2628 1586 2659 Artax.
1620 2628 1661 2658 In

966 2686 1080 2717 libello
1095 2683 1163 2725 περὶ
1179 2680 1383 2721 Φιλαδελφίας
1400 2680 1558 2710 mendose
1579 2679 1662 2719 legi-

966 2741 1021 2767 tur
1045 2733 1152 2774 Ξέρξης
1181 2742 1242 2773 pro
1267 2729 1471 2771 Ἀρταξέρξης.
1506 2729 1662 2767 Bongurs.

965 2784 1033 2816 Inf.
1048 2793 1166 2815 xxxu.
1182 2785 1212 2814 3.
1227 2785 1258 2813 4.
1291 2782 1300 2798 ‘
1318 2780 1441 2811 Morbo
1463 2788 1505 2809 ex
1527 2779 1664 2817 aegritu-

967 2836 1044 2866 dine
1073 2833 1173 2865 animi
1201 2830 1410 2863 contracto?
1438 2835 1474 2861 et
1502 2838 1666 2860 xxxviu.

967 2889 999 2917 2.
1013 2889 1044 2917 2.
1075 2885 1084 2902 ⁴
1103 2886 1153 2915 Ex
1175 2881 1377 2923 aegritudine
1404 2881 1549 2912 collecta
1575 2879 1664 2910 iufir-

969 2934 1112 2967 mitate?
1157 2934 1245 2965 Nam
1261 2933 1269 2948 ‘
1288 2930 1473 2972 aegritudo'
1497 2936 1532 2961 et
1547 2931 1556 2947 ‘
1570 2931 1664 2971 argri-
