2174 3424
628 312 824 343 JUSTINI
860 312 951 341 Lm.
985 311 1014 341 1.
1045 311 1154 341 cAP.
1183 300 1226 342 9.

214 411 287 452 Ego
308 410 388 441 nihil
404 414 544 442 mutem.
589 411 683 443 Loca
712 420 804 450 sane,
829 421 904 453 quae

213 471 276 502 pro
292 462 400 492 altera
414 462 494 492 lect.
519 460 718 501 afferuntur,
747 463 812 493 huc
839 471 905 502 non

213 511 392 553 quadrant.
443 511 547 543 Aliud
574 512 664 543 enim
693 513 906 553 ‘producere

213 561 363 601 longius,'
381 565 415 593 et
443 562 533 593 aliud
562 563 571 579 ‘
586 562 774 602 perducere
791 563 832 594 ad
851 563 908 593 ali-

215 621 312 653 quem
343 612 478 643 locum.’
536 612 626 644 Illud
652 618 745 644 recte
770 613 907 652 dicitur,

214 661 294 702 qnia
325 662 559 703 ‘producere'
594 667 646 694 est
671 663 779 704 quasi,
807 673 908 703 porro

215 711 353 743 ducere.
397 711 446 743 At
472 713 497 743 si
514 713 732 745 adhiberetur
749 714 781 744 in
797 718 909 755 poste-

215 761 294 792 riori
307 771 443 802 genere,
456 763 566 794 sensui
578 768 795 804 repugnaret.
820 764 909 795 Nam

217 812 273 853 qui
290 812 383 843 ducit
398 813 441 843 ad
457 813 580 853 locum,
600 814 627 844 is
643 823 707 844 non
724 814 818 845 ducit
834 824 910 854 por-

217 871 266 900 ro,
296 862 323 892 is
353 872 420 893 non
446 864 616 903 producit,
655 863 714 894 sed
744 864 910 904 perducit.

218 910 322 949 Schef.
369 912 468 953 Usque
483 922 547 944 non
563 913 665 944 habet
679 913 783 954 Angl.
801 914 910 946 Graev.

260 964 274 1003 §
290 966 341 995 11.
358 966 410 994 12.
427 967 465 995 13
492 965 571 995 Cum
593 964 661 1004 ipso
685 974 758 1003 rege
773 964 912 995 trucida-

217 1012 275 1044 vit.
310 1013 349 1044 In
364 1024 436 1054 qua,
450 1014 519 1055 Sym]
536 1014 641 1055 Atqui
657 1014 780 1054 Cyrum
796 1024 912 1055 regem

217 1063 251 1094 in
268 1063 340 1094 acie
353 1069 504 1104 captum,
516 1069 552 1096 et
568 1065 661 1096 cruci
673 1063 820 1102 affixum,
835 1066 914 1096 scri-

220 1113 271 1145 bit
295 1115 394 1146 Diod.
410 1125 451 1147 11.
478 1118 531 1146 44.
577 1115 670 1146 Xen.
698 1115 814 1153 tradit,
843 1116 914 1155 pla-

220 1163 295 1195 cide
321 1165 354 1194 in
381 1166 469 1196 lecto
493 1165 727 1197 obdormiisse.
782 1165 915 1197 Ctesias

219 1214 284 1246 alio
299 1216 409 1246 modo.
434 1216 532 1247 Rern.

262 1266 279 1306 ξ
297 1268 336 1296 13
360 1265 451 1296 Sutia
467 1269 510 1304 te,
523 1265 641 1306 inquit]
676 1266 798 1297 Metuo
817 1274 859 1296 ne
876 1264 915 1295 il-

221 1315 279 1346 lud
297 1316 396 1356 inquit
418 1317 471 1347 hic
494 1316 658 1347 intrusum
687 1316 731 1347 sit
754 1326 775 1347 a
800 1315 916 1347 sciolo.

224 1365 314 1396 Nam
331 1375 405 1406 quae
420 1366 493 1397 haec
511 1366 670 1407 loquendi
686 1367 784 1407 ratio,
806 1366 918 1406 regina

214 1416 321 1456 jubet,
347 1415 470 1457 inquit?
507 1417 659 1448 debebat
689 1418 809 1449 saltem
838 1427 918 1449 con-

219 1467 354 1506 Junctio
380 1466 605 1498 intercedere:
633 1467 724 1506 jubet
752 1471 783 1498 et
807 1467 918 1507 inquit.

224 1516 291 1547 Sed
308 1521 344 1547 et
360 1517 387 1547 si
402 1517 586 1548 adderetur
599 1527 651 1557 ea,
671 1517 760 1548 haud
775 1517 920 1558 quadra-

226 1570 278 1596 ret
291 1566 372 1597 illud
407 1567 416 1584 ⁴
431 1566 493 1598 hac
506 1566 515 1580 '
544 1567 576 1597 in
592 1567 704 1598 verbis
727 1567 737 1584 ‘
752 1577 827 1598 cum
855 1567 919 1598 hac

225 1615 513 1655 exprobratione.'
569 1617 659 1648 Nam
683 1617 843 1656 ostendit,
863 1626 920 1647 ex-

225 1665 474 1705 probrationem
490 1667 613 1698 nudam
637 1671 798 1708 oportere
814 1666 922 1708 sequi,

228 1724 294 1745 non
326 1715 565 1755 narrationem,
587 1716 628 1746 ad
655 1726 755 1757 quam
786 1719 921 1757 spectat

228 1765 366 1796 verbum
382 1765 495 1806 inquit.
520 1765 633 1797 Schef.

271 1814 357 1845 CAP.
373 1824 427 1846 1x.
472 1816 489 1855 ξ
507 1819 537 1847 1.
553 1818 572 1846 2
594 1815 663 1856 Suu]
702 1815 821 1847 Fusius
848 1816 921 1847 haec

228 1864 338 1895 omnia
363 1867 490 1896 tractat
517 1865 647 1896 Herod.
672 1865 730 1896 lib.
746 1875 789 1897 11.
812 1870 848 1897 et
863 1875 921 1897 111.

227 1914 327 1946 Bern.

272 1963 451 2005 Cambyses]
475 1965 559 1998 Quae
576 1965 693 2006 paucis
711 1969 828 1997 auctor
847 1975 925 1997 nos·

228 2019 292 2052 ter,
309 2024 350 2045 ea
365 2015 498 2047 Herod.
517 2016 575 2047 lib.
598 2025 639 2048 11.
662 2021 698 2047 et
710 2025 767 2047 111.
797 2020 925 2048 tractat

226 2063 344 2097 fusius.
367 2066 473 2105 Bong.

272 2115 290 2155 ξ
306 2117 326 2145 2
348 2114 443 2156 Apis]
466 2116 554 2147 Mss.
570 2117 675 2148 nostri
685 2116 824 2158 Serapis,
835 2117 925 2159 quod

229 2173 292 2204 pro
306 2164 382 2196 eod.
400 2170 474 2197 est:
505 2167 561 2208 qui
584 2168 671 2198 enim
699 2167 825 2208 ‘Apis‚'
847 2168 874 2199 is
890 2172 925 2200 et

228 2214 238 2231 ‘
251 2213 389 2255 Serapis
403 2214 412 2228 ’
435 2219 471 2246 et
496 2215 505 2233 ‘
521 2216 649 2248 Osiris'
674 2217 926 2257 etiam,dictus.

232 2263 320 2294 Mod.
364 2265 432 2295 Bos
450 2265 579 2296 Osiridi
600 2271 830 2307 consecratuS,
857 2267 878 2299 i.
894 2277 924 2299 e.

230 2312 312 2345 Soli.
367 2314 578 2346 Describunt
610 2315 741 2346 Herod.
778 2325 837 2347 111.
873 2320 926 2348 28.

232 2363 333 2396 Diod.
349 2374 374 2396 1.
392 2368 444 2397 85.
469 2365 559 2397 Plin.
575 2375 655 2397 vm.
667 2368 718 2399 46,
732 2367 925 2399 Marcellin.

232 2421 324 2445 xxu.
341 2417 395 2446 33.
419 2419 454 2446 et
469 2415 537 2446 alii.
560 2415 660 2447 Bern.

274 2464 292 2504 ᾧ
321 2467 339 2495 3
374 2464 547 2505 Ammonis,
574 2465 644 2506 ξω]
702 2466 862 2498 Meminit
890 2470 927 2498 et

233 2512 326 2546 Plut.
349 2514 383 2544 iu
410 2513 597 2548 Alexandr.
614 2525 646 2547 c.
659 2518 712 2548 46.
735 2520 770 2548 et
784 2517 863 2548 Sen.
880 2517 925 2548 N.

233 2563 275 2596 Q.
290 2573 331 2595 11.
347 2566 399 2595 30.
422 2565 527 2604 Bong.

276 2617 296 2645 4
324 2615 463 2646 Fratrem
488 2625 576 2646 suum
598 2615 757 2647 Smerdem
780 2620 927 2656 regnatu-

233 2663 318 2703 rum]
342 2664 450 2695 Miror
465 2674 545 2695 sane
568 2665 601 2696 in
623 2666 686 2696 hac
701 2666 839 2697 historia
854 2670 927 2697 tan-

235 2717 304 2744 tam
334 2714 503 2744 nominum
530 2714 774 2746 confusionem.
817 2716 928 2748 Solius

235 2761 351 2793 fratris
377 2763 551 2804 Cambysis
580 2773 701 2795 nomen
727 2775 781 2806 ap.
797 2765 927 2798 Herod.

236 2815 272 2842 et
291 2811 417 2844 Justin.
441 2819 496 2844 est
522 2813 625 2853 idem,
652 2824 775 2855 nempe
797 2816 929 2847 ‘Smer-

236 2861 287 2893 dis
300 2862 320 2901 ;’
352 2862 481 2904 reliqua
504 2864 646 2896 variata.
689 2866 777 2897 Nam
801 2867 929 2899 occiso-

320 2914 435 2956 Delph.
447 2919 477 2947 et
497 2916 572 2948 Var.
589 2917 672 2949 Clas.

897 2920 1017 2952 Justin.

1565 299 1650 341 641

955 415 1025 437 rem
1062 404 1209 436 Smerdis
1240 405 1371 436 Herod.
1409 404 1651 446 ‘Pi-exaspen’

956 462 1069 496 vocat,
1097 456 1223 488 Justiu.
1258 459 1268 474 ‘
1292 456 1482 488 Comarim.’
1548 458 1651 489 Hunc

958 511 1137 549 Comarim,
1162 516 1363 552 perpetrata
1383 513 1488 553 caede,
1514 512 1653 544 fratrem

957 571 1051 592 suum
1087 562 1282 602 Oropasten
1319 563 1472 603 Magum,
1507 573 1581 594 cum
1617 567 1655 594 et

958 611 1032 652 ipse
1067 613 1191 652 Magus
1215 617 1317 651 esset,
1345 613 1529 653 subjecisse
1557 613 1655 643 Cam·

959 662 1043 702 bysi‚
1081 673 1119 694 ac
1154 672 1215 703 pro
1245 663 1388 694 Smerde
1417 664 1655 704 proclamasse,

958 715 1115 755 quoniam
1152 716 1297 755 Smerdi,
1332 715 1433 747 fratri
1463 715 1657 756 Cambysis,

960 764 1139 804 persimilis
1154 764 1268 796 fuerit.
1305 765 1435 797 Herod.
1453 769 1565 796 autem
1582 766 1656 796 Ma-

960 823 1019 853 gos
1037 819 1148 853 vocat,
1174 815 1319 846 alterum
1335 815 1546 855 Patizithen,
1572 816 1656 846 alte-

960 874 1032 895 rum
1045 865 1223 904 Smerdim,
1248 866 1304 907 qui
1325 866 1373 897 ita
1393 865 1492 897 fratri
1516 866 1660 907 Camby-

961 915 1006 945 sis
1025 919 1059 946 et
1073 915 1207 946 nomine
1223 919 1258 946 et
1274 916 1369 946 vultu
1393 915 1572 955 persimilis
1586 914 1659 946 fue-

962 964 1020 1003 rit,
1035 965 1125 995 unde
1149 969 1185 995 et
1201 975 1298 996 ausos
1314 975 1484 1006 occupare
1508 975 1660 1006 regnum.

962 1013 1068 1055 Atqui
1086 1015 1165 1046 talia
1181 1015 1214 1046 in
1230 1016 1365 1048 Justino
1388 1016 1500 1047 omnia
1523 1025 1661 1047 enunie-

963 1074 1038 1095 rare
1052 1065 1190 1096 nimium
1219 1066 1345 1097 laboris
1372 1071 1530 1107 caperet:
1556 1076 1660 1107 prop-

965 1118 1059 1145 terea
1074 1115 1178 1145 multa
1195 1116 1289 1147 nobis
1305 1117 1494 1147 necessaria
1516 1118 1663 1148 tacenda

966 1173 1005 1195 ac
1020 1164 1271 1197 dissimulanda.
1315 1166 1382 1197 Sed
1409 1171 1444 1197 et
1461 1166 1537 1198 Val.
1560 1166 1610 1198 M.
1628 1166 1662 1197 in

964 1214 1052 1246 libro
1068 1224 1108 1246 11.
1126 1215 1169 1246 de
1194 1216 1364 1247 Fortitud.
1407 1216 1514 1247 Dario
1539 1216 1666 1247 adscri-

965 1264 1027 1306 bit,
1043 1275 1109 1295 non
1126 1266 1277 1305 Gobriae,
1303 1266 1537 1296 lustrationem
1563 1264 1663 1296 istam

966 1324 1042 1346 cum
1060 1316 1176 1356 Mago.
1221 1316 1276 1347 Id.
1293 1320 1407 1347 tamen
1435 1316 1510 1346 Val.
1532 1314 1590 1346 lib.
1610 1324 1663 1347 lx.

967 1374 1042 1406 cap.
1058 1369 1090 1397 2.
1117 1367 1158 1396 de
1175 1370 1207 1398 6.
1231 1367 1309 1406 illis,
1337 1370 1396 1397 aut
1418 1369 1450 1397 4.
1476 1370 1513 1397 ut
1538 1366 1664 1398 Justin.

967 1415 1080 1455 habet,
1096 1426 1115 1446 a
1129 1417 1238 1447 Dario
1255 1417 1350 1447 caesis
1366 1421 1559 1456 suspectam
1582 1415 1666 1446 mihi

967 1465 1142 1496 historiam
1159 1466 1328 1497 memoriae
1346 1466 1492 1507 reliquit.
1523 1465 1666 1498 Judicet

969 1515 1089 1546 lector.
1116 1516 1207 1548 Glar.

1012 1565 1159 1596 Fratrem
1173 1576 1261 1596 suum
1275 1565 1445 1606 Smerdz'm]
1490 1565 1667 1607 cambysis

971 1613 1092 1654 frater,
1107 1615 1162 1656 qui
1179 1616 1232 1646 hic
1249 1616 1281 1645 in
1298 1620 1382 1646 vett.
1395 1619 1448 1646 est
1462 1615 1597 1655 Mergis,
1611 1626 1668 1656 ap.

971 1664 1102 1696 Herod.
1119 1670 1172 1696 est
1185 1664 1323 1706 Σμέρδις,
1333 1675 1397 1706 quo
1414 1665 1548 1696 nomine
1563 1666 1667 1697 etiam

971 1724 1104 1754 magum
1126 1715 1321 1755 Oropasten
1335 1719 1453 1746 vocat:
1477 1720 1513 1746 et
1531 1716 1671 1746 Cometes

970 1773 1101 1805 magus,
1112 1765 1215 1806 quiin
1228 1765 1304 1796 edd.
1316 1765 1458 1805 vulgatis
1470 1765 1596 1796 dicitur
1609 1766 1669 1797 Co-

970 1815 1077 1854 maris,
1093 1819 1211 1845 contra
1225 1815 1329 1846 libros
1351 1825 1404 1855 ap.
1421 1815 1522 1846 eund.
1539 1815 1671 1846 Herod.

972 1867 1025 1894 est
1041 1862 1246 1904 Πρηξάσπηςε
1271 1869 1307 1896 et
1335 1865 1478 1905 Ostanes,
1493 1865 1550 1906 qui
1571 1866 1672 1906 vulgo

976 1914 1145 1954 Orthanes,
1172 1914 1348 1945 Herodoto
1371 1914 1495 1946 dicitur
1518 1914 1672 1952 'O‘rdvnsz

974 1969 1009 1996 et
1024 1965 1149 1996 Darius
1164 1966 1326 2006 Histaspis
1338 1965 1384 1998 fil.
1399 1966 1432 1997 in
1445 1970 1529 1998 vett.
1548 1967 1672 1998 nostris

975 2019 1028 2046 est
1045 2015 1195 2056 Hyptasz‘.
1240 2016 1340 2055 Haec,
1357 2021 1396 2047 ut
1411 2017 1443 2047 in
1461 2016 1592 2047 Herod.
1615 2017 1673 2047 ha-

974 2064 1112 2105 bentur,
1128 2066 1238 2097 edidit
1250 2066 1431 2098 Asulanus.
1474 2066 1542 2097 Sed
1567 2066 1597 2097 αἱ
1610 2068 1673 2097 τῶν

975 2114 1133 2153 ὀνομάτων
1146 2116 1368 2157 μεταπτώσεις,
1393 2116 1443 2147 καὶ
1458 2115 1597 2155 μάλιστα
1611 2119 1674 2148 τῶν

975 2168 1180 2207 βαρβαρικῶν,
1203 2166 1332 2208 πολλαὶ,
1353 2171 1391 2198 ut
1409 2172 1462 2198 est
1485 2178 1541 2208 ap.
1557 2168 1674 2199 Strab.

976 2217 1021 2247 Et
1035 2221 1162 2258 quanta
1178 2221 1232 2248 est
1254 2218 1344 2248 iuter
1365 2218 1513 2258 Trogum
1538 2221 1574 2248 et
1600 2218 1673 2248 He-

975 2266 1046 2297 rod.
1066 2267 1225 2306 varietas‚
1249 2271 1346 2298 tanta
1371 2272 1428 2298 aut
1443 2268 1545 2307 longe
1569 2267 1673 2298 etiam

974 2315 1082 2355 major
1095 2315 1185 2346 iuter
1197 2316 1327 2348 Herod.
1339 2321 1375 2347 et
1390 2316 1538 2348 Ctesiam
1553 2317 1586 2347 iu
1600 2317 1675 2356 ipsa

973 2364 1114 2396 historia
1128 2365 1304 2397 dissensio.
1320 2367 1478 2406 Bongars.
1508 2367 1586 2398 Non
1599 2367 1673 2398 sine

975 2415 1098 2455 injuria
1112 2421 1224 2456 posset
1243 2417 1361 2457 aliquis
1386 2417 1564 2457 suspicari,
1592 2417 1676 2447 scri-

974 2464 1077 2495 bend.
1109 2474 1183 2496 esse
1219 2466 1370 2506 DIerdim,
1398 2470 1435 2497 et
1464 2467 1565 2506 paulo
1596 2470 1674 2506 post

975 2515 1083 2545 Merdi
1098 2525 1158 2555 pro
1176 2516 1330 2554 Mergide.
1363 2516 1511 2547 Merdim
1528 2516 1616 2546 enim
1638 2519 1675 2546 et

976 2564 1144 2595 Merdiam
1168 2566 1344 2606 appellant
1366 2567 1513 2596 nonnulli
1538 2566 1618 2606 Cyri
1636 2566 1674 2596 fi-

976 2615 1071 2654 lium,
1098 2619 1135 2646 ut
1152 2620 1320 2646 testantur
1346 2616 1480 2646 Scholia
1509 2615 1551 2645 ad
1576 2615 1673 2647 Pers,

976 2666 1087 2698 AEsch.
1134 2666 1198 2706 Ap.
1223 2666 1335 2698 AEsch.
1356 2667 1466 2707 ipsum
1490 2667 1576 2696 male
1592 2667 1676 2707 legi-

977 2719 1033 2746 tur
1049 2714 1172 2756 Μάρδις,
1198 2717 1318 2756 utjam
1337 2716 1422 2746 vidit
1436 2716 1550 2747 Scliol.
1566 2716 1675 2747 Hero·-

977 2764 1059 2796 doto
1086 2771 1121 2796 et
1143 2764 1321 2796 Aristoteli
1336 2769 1387 2796 est
1401 2764 1536 2805 Σμέρδις.
1582 2766 1673 2797 Nam

978 2827 1069 2857 saepe
1084 2817 1120 2847 τὸ
1136 2827 1157 2847 o*
1172 2817 1361 2848 nominibus
1375 2818 1519 2857 propriis
1534 2817 1566 2847 in
1583 2817 1675 2857 prin-

978 2868 1068 2908 cipio
1084 2867 1244 2909 affigitur.
1289 2868 1412 2900 Ctesiae
1439 2873 1493 2899 est
1507 2866 1675 2907 Τανυοξάρ-

1522 2924 1541 2951 2
1564 2920 1586 2951 S
