2101 3419
623 369 818 401 Jusrmt
852 371 946 404 ΜΒ.
978 372 1126 405 xviii.
1158 376 1263 407 CAp.
1293 368 1334 409 7.

255 461 373 502 praeda
387 461 595 504 victoriaque
609 463 785 495 Siciliensi.
808 464 908 497 Bern.

299 511 412 552 Gravi,
439 513 509 553 ssa]
541 512 701 545 Vincent.
726 523 778 546 1v.
806 517 859 546 70.
894 515 948 556 ‘g.

253 560 343 593 bello
358 572 392 593 v.
408 562 449 593 s.’

294 612 311 651 ς
339 614 358 642 2
382 611 535 651 Maleum]
557 611 756 644 ‘Mazeum’
782 613 890 645 edidit
912 614 946 646 in

250 659 374 691 Orosio
384 661 568 700 Fabricius,
576 662 741 702 quomodo
751 662 852 694 habet
862 673 946 694 unus

248 710 316 741 Ms.
333 710 490 750 Bongars.
527 711 566 742 In
581 711 653 742 aliis
670 712 770 744 codd.
785 716 858 744 erat
873 713 946 744 Ma-

246 760 363 792 eheum.
408 761 507 794 Quod
523 771 589 793 non
604 766 718 803 potest
734 772 806 794 esse
822 773 943 795 nomen

245 809 426 842 Punicum.
458 812 498 843 F.
524 821 638 843 verum
661 818 713 843 est
729 813 874 844 Illalchus
889 814 943 845 vel

245 860 380 891 IVIalcus.
424 861 466 892 Id
493 862 596 893 etiam
622 863 765 894 nominis
794 870 846 894 est
870 864 940 905 regi

247 910 514 943 Nabathaeorum
531 922 585 953 ap.
604 913 697 945 Hirt.
721 914 763 945 de
780 914 822 946 B.
838 914 939 948 Alex.

241 960 252 977 ‘
270 961 463 992 Malchum'
497 972 578 994 vero
615 973 720 1003 regem
749 964 939 1005 significare

240 1011 342 1042 etiam
366 1012 463 1052 pueri
484 1016 619 1045 norunt.
648 1013 734 1045 Voss.
785 1015 875 1046 Puto
892 1015 939 1047 le-

239 1061 337 1102 gend.
367 1071 441 1094 esse
471 1063 640 1094 Malchum.
700 1063 742 1094 Id
772 1064 860 1095 enim
886 1069 938 1096 est

237 1121 357 1143 nomen
373 1112 583 1144 Phoenicium
600 1117 636 1144 et
652 1112 872 1154 Hebraicum,
884 1116 935 1146 uti

237 1171 304 1193 non
328 1163 435 1194 solum
459 1172 501 1194 ex
528 1164 633 1194 Sacro
657 1163 797 1204 Codice,
818 1165 876 1196 sed
899 1170 936 1197 et

235 1212 311 1244 auis
327 1217 472 1245 constat.
507 1213 597 1244 Nam
614 1214 804 1254 Porphyrio
821 1214 935 1246 Philo-

234 1264 354 1304 sopho,
370 1265 425 1305 qui
442 1263 586 1295 Phoenix
612 1263 690 1304 fuit,
711 1273 832 1295 nomen
856 1264 923 1297 fuit

234 1320 273 1347 ut
288 1320 324 1347 et
340 1317 427 1357 patri
445 1317 528 1357 ejus,
542 1317 692 1349 Malcho.
716 1302 791 1357 7572
810 1317 933 1350 Melech

237 1369 363 1406 autem,
378 1367 468 1398 unde
487 1367 497 1384 ‘
512 1366 694 1408 Malchus,’
709 1367 866 1399 Hebraeis
883 1378 931 1400 re-

230 1424 302 1454 gem
319 1415 500 1455 significat.
525 1416 631 1447 Groev.

273 1464 291 1504 ξ
315 1466 334 1494 3
361 1465 450 1500 Quod
471 1465 614 1505 precibus
639 1465 809 1506 nequeant]
830 1467 930 1508 Ejus-

230 1513 321 1544 modi
337 1523 458 1554 preces
473 1519 619 1546 armatas
635 1514 840 1555 πειθανοί-γκην
855 1517 928 1550 Cic.

231 1563 274 1594 ad
290 1562 365 1595 Att.
382 1573 434 1595 1x.
453 1566 504 1595 16.
522 1565 698 1605 eleganter
713 1567 877 1607 appellat,
893 1568 927 1599 h.

226 1623 258 1645 e.
280 1614 472 1654 interprete
495 1614 640 1646 Platone
663 1615 729 1655 Ep.
753 1619 784 1647 7.
809 1614 927 1653 δεήσεις

227 1662 413 1702 μεμιγμένας
426 1662 591 1702 ἆνάγκαιςε
611 1674 719 1705 preces
738 1675 806 1697 cum
824 1676 924 1698 neces-

226 1713 320 1744 mate
331 1723 367 1744 ac
381 1714 413 1744 vi
428 1713 615 1752 conjunctas.
649 1715 659 1731 ‘
674 1714 801 1747 Preces
814 1721 923 1757 erant,

225 1763 286 1794 sed
316 1762 436 1804 quibus
465 1764 654 1795 contradici
683 1775 749 1796 nou
780 1766 922 1806 posset,’

225 1813 335 1855 inquit
355 1815 439 1846 Tac.
463 1815 509 1846 H.
533 1823 586 1847 1v.
612 1817 664 1847 46.
691 1816 735 1847 de
756 1817 920 1849 militibus

223 1865 393 1906 stipendia
415 1865 595 1897 orantibus
638 1865 760 1898 ‘Quod
785 1872 918 1908 rogant,

222 1924 345 1955 cogere
357 1915 528 1956 possunt:’
552 1915 625 1947 Liv.
636 1924 753 1948 xxxn.
763 1920 815 1949 21.
837 1919 916 1951 Huc

221 1965 374 2005 pertinet
395 1975 461 1996 vox
487 1965 545 1996 illa
567 1966 772 1998 centurionis
797 1967 832 1999 in
856 1970 917 2001 Se-

220 2020 303 2046 natu
331 2015 497 2054 Romano,
528 2015 585 2056 qui
620 2016 723 2056 gladii
756 2019 914 2058 capulum

218 2065 414 2105 ostendens,
434 2065 444 2082 ‘
457 2065 492 2096 Si
509 2075 568 2097 vos
591 2075 657 2097 non
674 2065 849 2108 feceritis,'
864 2070 913 2100 iu-

216 2115 303 2156 quit,
331 2116 408 2148 ‘hic
435 2114 567 2148 faciet.'
616 2117 710 2148 Suet.
740 2117 830 2160 Aug.
857 2122 910 2152 36.

215 2166 316 2197 Rern.

257 2216 276 2256 ς
301 2219 320 2246 5
347 2215 431 2247 Deos
452 2215 644 2256 hominesque
666 2216 790 2257 testari]
811 2217 908 2251 Junt.

213 2274 289 2297 cnm
303 2266 376 2297 aliis
387 2266 505 2297 testati.
542 2265 689 2297 Inferius
705 2268 754 2308 [n.
768 2269 836 2309 18.]
850 2268 908 2302 iid.

214 2316 280 2347 Nec
291 2316 385 2348 multo
399 2320 467 2357 post
480 2316 622 2358 affectati
636 2318 725 2357 regni
736 2323 906 2352 accusatus.

211 2365 327 2397 Graev.

252 2414 337 2446 Deos
357 2415 546 2455 hominesque
571 2415 695 2455 testati]
729 2415 783 2448 Ita
808 2422 904 2450 recte

210 2465 417 2506 antiquiores
433 2465 524 2506 typis
540 2474 634 2505 expr.
672 2466 772 2498 Quod
788 2467 820 2498 iu
833 2469 903 2499 edi-

208 2515 300 2545 tione
314 2515 493 2556 Bongarsii
508 2519 544 2546 et
565 2516 731 2547 Bernecc.
757 2522 821 2557 est,
843 2521 902 2549 tes-

206 2564 283 2604 tari,
299 2565 333 2596 id
349 2565 435 2596 adeo
450 2565 602 2605 ineptum
618 2570 683 2606 est,
697 2571 735 2598 ut
750 2568 902 2608 sphalma

207 2615 490 2656 typographicam
506 2625 579 2646 esse
596 2615 762 2648 videatur.
796 2619 898 2652 Vorst.

247 2663 454 2704 Hominesque
479 2664 604 2705 testari]
638 2666 715 2696 Non
742 2671 825 2707 puto
850 2669 900 2699 in-

205 2717 321 2754 eptum
336 2715 398 2746 hoc
413 2724 500 2755 esse,
519 2720 614 2747 certe
629 2715 674 2746 nil
689 2715 898 2758 frequentius

205 2763 297 2794 bonis
317 2764 549 2803 scriptoribus,
573 2775 672 2806 quam
695 2766 896 2800 infinitivum

204 2822 331 2853 ponere
347 2823 408 2854 pro
423 2814 635 2854 imperfecto.
681 2815 726 2847 Et
751 2817 785 2847 in
810 2819 894 2851 Mss.

203 2871 266 2902 pro
290 2872 329 2894 eo
360 2864 484 2903 legitur
512 2867 678 2904 testantur,
706 2867 794 2907 quod
821 2868 894 2900 sine

203 2912 305 2944 dubio
330 2922 373 2944 ex
402 2914 513 2954 glossa
542 2919 606 2945 est.
661 2914 757 2947 Junt.
788 2918 894 2949 testati

1615 369 1699 411 891

998 466 1113 508 habet,
1125 469 1215 510 quod
1232 471 1485 510 amplectuntur
1499 472 1567 504 alii.
1592 474 1698 513 Sches.

1042 518 1115 549 Non
1138 529 1183 559 se,
1207 520 1278 560 Sym]
1300 521 1458 553 Vincent.
1492 523 1632 564 ‘recup.
1661 534 1695 564 p.

996 567 1154 605 venisse,’
1170 574 1206 600 et
1226 580 1287 610 pro
1317 571 1326 588 ‘
1339 581 1403 602 non
1421 572 1497 603 virt.
1514 573 1576 604 sibi
1593 583 1644 614 pr.
1662 575 1696 606 b.

997 639 1005 648 .
1022 639 1030 648 .
1048 639 1055 647 .
1072 616 1155 648 def.’
1171 618 1274 650 habet
1297 620 1306 637 ‘
1323 630 1389 651 non
1406 622 1468 652 sibi
1485 623 1564 654 virt.
1590 624 1623 654 in
1640 635 1693 664 pr.

994 665 1027 697 b.
1045 690 1052 698 .
1070 689 1078 698 .
1096 690 1104 698 .
1121 667 1202 699 def!
1245 669 1285 699 In
1317 671 1345 710 ξ.
1375 674 1406 702 9.
1435 682 1496 712 pro
1530 674 1539 689 ‘
1555 673 1692 704 deinde'

992 714 1097 748 habet
1130 718 1292 758 ‘autem,’
1323 724 1358 751 et
1388 731 1450 761 pro
1473 723 1692 755 ‘sacerdotii'

991 765 1093 798 habet
1115 766 1344 801 ‘sacerdotis'

1031 816 1047 855 ὗ
1069 819 1088 847 7
1110 817 1139 848 Α
1168 819 1260 859 Tyro,
1284 830 1341 860 quo
1364 821 1498 852 decimas
1524 822 1688 864 Herculis]

991 865 1298 908 Carthaginienses,
1313 870 1404 910 quod
1425 880 1466 901 ex
1480 872 1568 912 Tyro
1584 872 1616 902 in
1633 883 1689 904 co-

988 916 1112 948 loniam
1127 923 1242 949 essent
1258 919 1412 960 deducti,
1434 921 1600 953 decimam
1617 933 1686 954 om-

987 965 1093 1006 nium,
1114 977 1188 1008 quae
1213 968 1247 998 in
1271 973 1497 1009 proventuum
1519 972 1684 1004 rationem

986 1015 1167 1057 cadebant,
1195 1018 1338 1050 Herculi
1364 1020 1507 1052 coloniae
1536 1031 1605 1053 suae
1629 1032 1687 1063 pa·

986 1068 1083 1097 trono
1090 1067 1215 1107 Tyrum
1228 1068 1461 1100 transmittere
1473 1070 1591 1102 solitos
1602 1073 1684 1104 scri-

984 1114 1035 1146 bit
1050 1117 1152 1148 Diod.
1169 1126 1231 1150 XX.
1247 1120 1298 1149 14.
1326 1119 1425 1150 Bern.

1026 1167 1172 1198 Decimus
1187 1168 1348 1208 Herculis]
1364 1169 1456 1209 Lego
1472 1170 1603 1202 Herculi
1609 1182 1622 1209 ,·
1644 1176 1681 1203 et

982 1217 1089 1255 magis
1106 1218 1265 1249 Latinum
1282 1223 1348 1250 est.
1372 1219 1452 1252 Fab.

1025 1268 1213 1309 Prius,&c.]
1229 1269 1319 1300 Saxo
1333 1269 1431 1310 praef.
1446 1281 1478 1311 p.
1492 1274 1520 1303 1.
1533 1271 1558 1303 f.
1582 1273 1591 1290 ‘
1604 1274 1680 1305 Pri·

981 1316 1066 1348 vatis
1089 1318 1177 1349 curis
1201 1318 1347 1358 publicae
1370 1321 1543 1361 religionis
1566 1322 1677 1355 officia

978 1368 1212 1407 anteponere!

1022 1416 1039 1456 ξ
1062 1419 1082 1447 9
1106 1417 1214 1448 Petito
1225 1420 1407 1461 commeatu]
1428 1419 1474 1452 H.
1487 1429 1517 1452 e.
1530 1421 1674 1454 abeundi

977 1463 1128 1497 licentia.
1160 1467 1270 1507 Vulgo
1291 1468 1300 1484 ‘
1314 1469 1441 1500 salvum
1457 1470 1678 1504 conductum’

978 1515 1163 1555 appellant.
1190 1516 1290 1548 Rern.

1018 1565 1036 1604 ᾧ
1069 1567 1108 1596 14
1141 1565 1300 1607 Statuam,
1328 1567 1395 1608 δῖα]
1429 1569 1439 1586 ‘
1453 1569 1671 1611 Exemplum’

974 1613 1007 1645 h.
1025 1614 1047 1645 l.
1065 1614 1153 1646 idem
1178 1617 1270 1648 valet
1292 1618 1395 1658 quod,
1420 1629 1531 1659 poena.
1577 1621 1668 1654 Gell.

974 1673 1022 1696 vt.
1041 1667 1090 1696 14.
1126 1666 1135 1682 ‘
1148 1666 1292 1698 Veteres
1308 1678 1440 1710 quoque
1456 1671 1563 1702 nostri
1587 1672 1598 1689 ‘
1612 1682 1670 1704 ex-

971 1713 1101 1754 empla’
1127 1725 1189 1755 pro
1214 1717 1366 1749 maximis
1397 1721 1668 1764 gravissimisque

970 1764 1079 1804 poenis
1094 1764 1280 1798 dicebant.’
1313 1767 1366 1800 Cf.
1383 1768 1493 1802 Avum
1510 1781 1561 1804 1v.
1579 1773 1665 1805 Obs.

970 1816 1022 1846 11.

1011 1864 1029 1904 §
1048 1866 1087 1895 15
1109 1864 1304 1898 Altz‘ssz'mam.
1314 1869 1447 1910 crucem]
1469 1871 1517 1903 Ut
1533 1872 1664 1905 solebat

966 1912 999 1943 in
1016 1914 1118 1945 noxio
1134 1910 1245 1957 aliquo
1265 1917 1399 1959 insigni.
1443 1920 1539 1953 Sicut
1564 1922 1662 1954 Poeni

965 1961 1171 1996 factitarunt
1194 1966 1228 1996 in
1249 1967 1380 2008 Regulo
1405 1979 1460 2009 ap.
1477 1971 1534 2003 Sil.
1557 1973 1661 2004 ‘Vidi

963 2023 1040 2045 cum
1067 2015 1187 2046 robore
1214 2017 1366 2056 pendens
1394 2019 1530 2052 Italiam
1556 2032 1660 2055 cruce

962 2063 1113 2096 sublimis
1144 2071 1320 2106 spectaret
1347 2068 1391 2100 ab
1429 2070 1523 2103 alta.’
1581 2073 1658 2106 Quo

961 2113 1128 2154 pertinuit
1151 2116 1262 2148 irrisio
1287 2118 1420 2160 Galbae,
1443 2122 1501 2162 qui
1522 2123 1656 2155 cuidam

960 2163 1190 2205 ‘imploranti
1219 2167 1324 2208 leges,
1357 2174 1394 2201 et
1423 2171 1532 2203 civem
1557 2174 1655 2205 Rom.

959 2223 996 2245 se
1023 2215 1232 2256 testificanti,
1261 2219 1354 2260 quasi
1386 2221 1507 2253 solatio
1537 2227 1574 2254 et
1599 2224 1656 2255 ho-

957 2273 1038 2295 nore
1060 2266 1172 2307 aliquo
1193 2276 1323 2307 poenam
1344 2270 1530 2313 levaturus,
1549 2275 1653 2306 multo

956 2320 1084 2354 praeter
1094 2320 1227 2347 ceteras
1239 2318 1391 2350 altiorem
1401 2323 1506 2352 statui
1517 2333 1652 2355 crucem

947 2363 1072 2404 jussit!
1104 2365 1199 2398 Suet.
1214 2367 1314 2399 Galb.
1327 2371 1358 2401 9.
1380 2371 1479 2402 Beru.

997 2414 1015 2454 ξ
1034 2417 1073 2444 16
1093 2415 1174 2445 Belli
1189 2417 1399 2450 necessitatem
1413 2422 1556 2462 excusat]
1581 2423 1650 2455 Be-

952 2472 996 2494 ne
1025 2464 1158 2495 Latine.
1218 2467 1272 2498 Sic
1297 2468 1370 2500 Liv.
1399 2478 1504 2503 xxm.
1532 2476 1586 2505 22.
1613 2477 1646 2506 4.

953 2514 962 2531 ‘
980 2514 1218 2546 Valetudinem
1244 2519 1417 2550 oculorum
1443 2523 1645 2564 excusavit,’

950 2563 982 2596 h.
992 2574 1021 2596 e.
1030 2564 1062 2595 in
1074 2565 1123 2595 sui
1133 2567 1384 2598 excusationem
1395 2569 1544 2603 adduxit.
1563 2572 1646 2603 ‘Ex-

950 2624 1068 2646 cusare
1102 2616 1364 2655 magnitudinem
1399 2620 1607 2660 negotiorum
1621 2622 1644 2654 :'

947 2663 1027 2694 Tac.
1046 2672 1079 2694 v.
1097 2666 1128 2695 1.
1164 2666 1173 2680 ‘
1188 2664 1337 2696 Diversa
1360 2669 1546 2710 excusares
1561 2671 1593 2701 h.
1610 2681 1640 2703 e.

947 2712 1097 2743 diversas
1127 2715 1273 2746 recusati
1311 2717 1493 2756 patrocinii
1521 2729 1640 2752 causas

945 2764 1180 2804 praetendere:
1198 2765 1242 2796 ib.
1257 2774 1313 2797 111.
1332 2770 1381 2797 ll.
1405 2768 1503 2800 Idem.
1526 2771 1639 2803 ‘Belli

944 2815 1181 2847 necessitatem
1198 2818 1364 2857 excusat,’
1389 2819 1410 2850 i.
1427 2829 1457 2851 e.
1475 2830 1514 2851 eo
1530 2831 1565 2853 se
1581 2833 1638 2854 ex-

943 2871 1040 2898 cusat
1070 2868 1159 2908 quod
1189 2868 1313 2900 bellum
1345 2875 1465 2902 contra
1492 2874 1635 2913 patriam

942 2926 1060 2958 gerere
1077 2926 1215 2949 necesse
1231 2918 1398 2951 habuerit.
1435 2922 1507 2954 Liv.
1526 2932 1634 2958 xxul.
