2101 3419
507 344 594 385 972

547 445 634 477 Cn».
659 453 698 477 n.
734 446 752 485 ς
778 447 792 475 1
822 444 867 475 Μ.
886 443 981 484 Cato]
1005 444 1055 475 Μ.
1074 443 1201 476 Cic.de

503 496 639 526 Senect.
690 495 742 525 Ex
759 495 832 535 ejus
848 504 872 526 1.
890 498 941 526 11.
965 495 1007 526 de
1029 493 1099 526 Off.
1123 504 1202 526 con-

505 550 574 577 stat
599 546 764 577 Catonem
796 546 901 576 filium
933 546 967 576 in
999 545 1202 576 Macedonia

503 596 644 627 Persico
666 596 756 627 bello
771 595 947 627 militasse.
989 595 1094 626 Totus
1110 594 1137 625 is
1154 596 1202 626 lo-

505 657 564 678 cus
582 647 754 678 Ciceronis
768 646 949 677 adducitur
965 656 984 676 a
998 645 1133 676 Saresb.
1151 655 1202 677 VI.

503 696 632 727 Policr.
663 698 694 727 7.
723 705 743 726 a
770 705 835 737 qno
865 695 962 726 abest
997 695 1108 735 glossa
1132 695 1202 734 illa,

505 747 592 777 Adeo
619 756 736 777 summa
765 748 833 776 erat
861 745 1032 776 observatio
1064 746 1098 776 in
1127 745 1203 776 bello

504 797 662 836 movendo,
690 806 765 837 quae
799 796 833 826 in
860 799 995 827 textum
1028 795 1203 826 Ciceronis

505 845 720 886 impudenter
731 845 878 886 irrepsit.
898 845 1053 885 Bongars.
1096 846 1203 876 Fron-

507 897 570 927 tin.
583 897 690 927 Strat.
700 905 752 927 1v.
768 899 799 926 5.
812 898 843 927 7.
870 895 964 926 Bern.

549 947 566 987 ἕ
589 949 609 977 2
635 947 769 986 Corpore
790 944 928 984 collecto]
951 944 1077 977 Nescio
1093 955 1135 976 an
1148 956 1204 977 ve-

507 1007 545 1028 ra
563 997 607 1028 sit
622 997 696 1028 haec
721 997 800 1028 lect.
834 997 922 1028 Sane
940 1007 1047 1039 corpus
1061 1000 1203 1039 colligere

507 1058 581 1088 pro,
598 1058 749 1089 surgere,
763 1058 842 1080 num
858 1049 989 1080 dicatur
1006 1049 1047 1080 de
1069 1050 1203 1090 prolap-

507 1109 556 1139 so,
573 1109 686 1140 quaero
702 1099 822 1139 adhuc,
842 1109 905 1131 nec
926 1099 1072 1130 invenio.
1117 1100 1203 1130 Mal-

506 1152 571 1181 lem
588 1162 614 1181 c.
628 1154 774 1188 correcto,
800 1154 858 1181 aut
873 1161 899 1181 c.
916 1153 1097 1189 recorrecto‚
1122 1160 1203 1191 quo-

508 1201 607 1232 modo
618 1200 778 1232 habemus
788 1200 821 1230 in
834 1200 1037 1240 Fragmento
1051 1200 1203 1231 Petronii

508 1250 727 1281 Dalmatico:
756 1249 847 1280 ‘Sed
875 1249 1065 1281 recorrexit
1094 1254 1203 1281 costas

507 1300 614 1341 ipsius
626 1300 733 1340 prima
746 1298 939 1330 vindemia.’
960 1299 1027 1330 Ubi
1043 1298 1110 1330 vid.
1126 1310 1202 1340 quae

508 1361 529 1381 a
553 1351 647 1381 nobis
672 1354 750 1381 sunt
775 1353 905 1380 notata.
932 1349 1038 1387 Schef.
1086 1351 1205 1390 Corpus

507 1402 650 1440 colligere
671 1400 746 1431 eod.
767 1399 868 1430 modo
895 1398 1031 1438 dicitur,
1050 1403 1086 1430 ut
1103 1400 1203 1439 paulo

510 1456 588 1491 post
613 1452 622 1468 ‘
638 1450 786 1491 gladium
819 1448 1037 1488 recolligere!
1078 1449 1134 1481 Sic
1168 1454 1204 1481 et

507 1504 516 1517 ‘
532 1501 694 1541 colligere
707 1499 811 1531 vires'
830 1499 901 1530 Cic.
927 1499 1034 1529 Groev.

553 1553 571 1591 ξ)
594 1554 612 1582 3
637 1552 716 1582 Cum
726 1551 765 1581 ad
777 1550 884 1591 unum]
905 1550 913 1566 ‘
929 1549 966 1580 C.
979 1548 1021 1580 ad
1034 1548 1126 1580 illum
1138 1548 1205 1581 un.’

509 1603 670 1633 Vincent.

553 1653 685 1683 Gladius
699 1652 728 1683 ei
749 1661 764 1683 e
780 1661 871 1682 manu
885 1650 1018 1691 elapsus]
1047 1650 1127 1683 Sen.
1140 1651 1204 1692 Ep.

511 1705 583 1735 120.
606 1703 649 1734 de
675 1702 818 1734 Horatio
842 1702 995 1733 Coclite:
1017 1703 1027 1719 ‘
1043 1702 1120 1733 Non
1146 1702 1206 1732 mi-

512 1764 574 1785 nus
600 1754 762 1785 sollicitus
793 1756 830 1784 ut
859 1756 1018 1792 armatus,
1043 1761 1142 1793 quam
1169 1756 1208 1783 ut

512 1805 622 1836 salvus
649 1803 785 1836 exiret!
840 1803 927 1835 Nam
956 1807 994 1833 ut
1022 1802 1069 1833 ait
1105 1801 1207 1834 Diod.

513 1863 587 1886 xiv.
612 1857 681 1885 115.
704 1854 713 1871 ‘
729 1854 850 1885 Fortes
866 1862 958 1883 arma
977 1856 1013 1883 et
1034 1852 1137 1883 vitam
1154 1861 1208 1883 eo-

512 1904 589 1935 dem
606 1904 774 1935 aestimant
791 1902 925 1944 preti0.’
971 1902 1070 1934 Unde
1086 1903 1126 1934 P.
1144 1904 1208 1934 Fu-

512 1954 581 1995 rius
603 1954 721 1984 maluit
748 1962 824 1984 cum
854 1952 1040 1983 millenaria
1069 1952 1208 1984 cohorte

513 2005 638 2045 perire,
665 2013 763 2045 quam
790 2003 955 2034 redimere
976 2003 1117 2034 salutem
1140 2007 1209 2034 tra-

513 2054 592 2086 ditis
615 2054 727 2085 armis.
763 2053 904 2094 Dionys.
922 2061 971 2084 ix.
987 2055 1039 2084 80.
1075 2053 1209 2084 Bernec-

513 2113 573 2134 cer.
615 2103 636 2135 J
642 2107 711 2134 unt.
723 2103 846 2143 gladius
861 2112 952 2134 manu
965 2104 1092 2143 elapsus.
1125 2103 1207 2133 Mox

513 2154 587 2185 ead.
613 2153 668 2185 ed.
693 2154 732 2184 ad
753 2162 820 2183 suos
841 2162 909 2183 cum
927 2153 1057 2183 clamore
1072 2153 1209 2184 omnium

512 2205 691 2236 revertitur.
751 2202 866 2235 Probo
901 2203 941 2233 ad
972 2212 1051 2234 suos.
1091 2202 1207 2234 Graev.

514 2254 615 2287 Junt.
628 2254 714 2293 glad.
730 2262 823 2283 manu
837 2253 967 2291 elapsus.
1013 2253 1058 2283 Et
1070 2252 1209 2292 perinde

514 2307 580 2342 est,
595 2303 683 2345 quod
708 2302 842 2344 quidem
865 2302 907 2332 ad
926 2302 1143 2333 Latinitatem
1160 2307 1209 2333 at-

515 2354 613 2384 tinet.
638 2353 713 2384 Val.
728 2353 820 2383 Max.
834 2360 874 2382 11.
889 2354 939 2382 16.
963 2354 993 2382 2.
1010 2355 1018 2368 ¹
1036 2351 1065 2382 E
1089 2351 1209 2391 vagina

515 2403 644 2444 gladius
669 2404 740 2444 ejus
764 2402 896 2442 elapsus
923 2400 1074 2432 decidit!
1106 2401 1210 2434 Vorst.

517 2453 610 2484 Plut.
638 2453 714 2484 Cat.
745 2451 823 2492 maj.
854 2460 886 2491 p.
909 2453 982 2482 343.
1017 2451 1077 2480 Τοῦ
1108 2449 1210 2489 ξίφους

516 2501 745 2543 ἐκκρουσθέντος
775 2500 832 2531 ὑπὸ
855 2501 992 2540 πληγῆς,
1005 2499 1054 2530 καὶ
1075 2500 1110 2530 δι’
1123 2500 1209 2541 ὑγρό-

515 2565 595 2590 τητα
616 2554 671 2590 τῆς
691 2551 791 2592 χειρὸς
813 2549 1028 2590 ἐξολισθέντος,
1051 2550 1212 2590 ἀχθεσθεὶς

514 2604 658 2645 τρέπεται
677 2604 750 2645 πρός
761 2615 845 2634 τινας
859 2604 920 2633 τῶν
934 2601 1078 2643 συνήθων,
1091 2602 1140 2633 καὶ
1154 2615 1211 2634 πα·

516 2655 659 2695 ραλαβὼν
673 2655 801 2685 ἐκείνους
817 2651 897 2684 αὖθις
910 2652 951 2684 εἷς
961 2651 1033 2684 τοὺς
1048 2653 1211 2691 πολεμίους

517 2704 654 2741 ἐνέβαλε·
677 2705 786 2744 πολλῷ
801 2704 828 2735 δ’
842 2704 935 2742 ἆγῶνι
950 2703 999 2734 καὶ
1015 2703 1066 2744 βίᾳ
1089 2702 1210 2745 μεγάλῃ

517 2754 700 2795 διαφωτίσας
713 2754 766 2785 τὺν
788 2752 895 2793 τόπον,
910 2751 976 2794 εὗρε
990 2753 1079 2791 μόλις
1091 2753 1123 2784 ἐν
1135 2760 1211 2784 πολ-

518 2807 583 2837 λοῖς
605 2805 758 2844 σάγμασιν
773 2804 874 2836 ὅπλων
897 2804 946 2835 καὶ
968 2804 1087 2843 σώμασι
1100 2806 1210 2845 νεκρῶν

519 2857 592 2895 ὁμοῦ
614 2856 712 2896 φίλων
737 2869 769 2888 τε
790 2855 839 2887 καὶ
862 2855 1014 2895 πολεμίων
1036 2866 1211 2887 κατασεσω-

521 2906 675 2947 ρευμένων.

960 352 1102 384 ΝΟΤῘΕ
1136 352 1399 384 vARlORUM
1432 352 1484 384 m

1291 447 1309 486 ς
1332 447 1351 476 4
1377 445 1581 486 Inspectante‚
1601 443 1670 485 tyna]
1691 443 1779 475 Saxo
1804 452 1828 475 1.
1855 453 1888 484 p.
1913 446 1947 474 6.

1250 498 1302 527 12.
1315 496 1520 527 ‘Teutonum
1528 497 1772 535 Danorumque
1782 503 1835 525 ex.
1846 493 1945 534 insp.'

1250 555 1302 578 lx.
1327 557 1361 587 p.
1390 549 1462 578 172.
1490 549 1544 577 11.
1572 546 1746 586 ‘Utroque
1776 553 1829 575 es.
1858 543 1946 584 insp.

1251 595 1475 636 congressus!

1293 646 1346 678 Ad
1359 647 1455 678 socios
1468 656 1534 677 cum
1548 647 1678 677 clamore
1699 644 1830 676 hostium
1845 653 1947 675 rever-

1250 697 1347 737 titur]
1370 698 1422 728 Aa
1437 707 1505 728 suos
1517 697 1656 737 optime,
1669 696 1701 726 in
1717 695 1814 727 Junt.
1850 694 1892 725 In
1904 694 1947 725 al.

1250 748 1349 788 male,
1374 748 1413 778 ad
1431 747 1535 779 socios.
1559 746 1681 778 Faber.
1726 744 1944 786 Antiquiores

1250 798 1341 839 typis
1370 808 1466 839 expr.
1497 802 1533 830 et
1558 798 1646 828 inter
1672 801 1817 836 ceteros,
1844 805 1944 836 quem

1250 849 1271 881 J
1276 852 1365 880 untae
1376 853 1549 888 curarunt,
1559 857 1626 879 cum
1634 848 1670 879 cl.
1679 847 1823 878 omnium.
1834 847 1949 877 Vox-st.

1251 899 1348 930 Vett.
1363 900 1401 930 cl.
1423 899 1568 938 omnium,
1589 902 1691 939 atque
1718 897 1766 928 sic
1789 900 1825 928 et
1848 896 1947 929 Junt.

1253 949 1342 989 quod
1359 952 1440 988 puto
1459 957 1531 979 esse
1548 953 1689 986 rectum,
1710 957 1786 978 cum
1801 947 1856 978 hic
1880 946 1948 978 cla·

1252 1007 1324 1028 mor
1359 998 1601 1038 gratulantium
1645 997 1690 1028 sit
1735 995 1948 1037 intelligend.

1252 1046 1356 1085 Schef.

1295 1098 1313 1137 ᾧ
1336 1102 1354 1128 5
1379 1098 1495 1130 Decem
1525 1097 1659 1129 millibus
1693 1097 1858 1137 talentum]
1902 1097 1944 1128 In

1253 1147 1335 1177 Mss.
1351 1151 1405 1178 est
1426 1151 1558 1187 tantum,
1585 1146 1681 1188 quasi
1705 1156 1814 1178 sermo
1838 1148 1884 1178 sit
1907 1147 1950 1179 de

1252 1197 1428 1230 militibus.
1473 1199 1518 1229 Et
1538 1198 1726 1239 equitatum
1747 1201 1855 1228 totum
1872 1206 1949 1228 eum

1253 1259 1272 1280 e
1285 1250 1405 1290 praelio
1421 1254 1574 1281 secutum
1590 1253 1669 1280 sunt
1683 1252 1848 1280 auctores.
1881 1248 1951 1279 Sed

1254 1309 1290 1331 re
1306 1309 1385 1331 vera
1401 1300 1483 1331 illud
1499 1303 1621 1331 tantum
1643 1302 1697 1330 est
1711 1298 1950 1338 compendium

1252 1350 1307 1380 τοῦ
1322 1350 1481 1381 talentum.
1526 1351 1640 1381 Docet
1668 1349 1740 1379 Liv.
1772 1357 1867 1380 xmv’.
1896 1351 1950 1379 45.

1254 1402 1311 1434 ubi
1349 1407 1463 1433 tamen
1492 1403 1501 1419 ‘
1523 1401 1588 1432 duo
1623 1400 1728 1432 millia
1760 1400 1951 1440 talentum‚’

1254 1462 1319 1483 non
1335 1453 1449 1492 decem,
1477 1453 1654 1493 leguntur3
1677 1455 1714 1482 ut
1741 1450 1875 1482 vidend.
1898 1451 1955 1492 sit,

1254 1511 1296 1534 an
1325 1512 1391 1533 non
1417 1502 1519 1534 lectio
1546 1501 1664 1533 Nostri
1689 1501 1733 1532 sit
1765 1500 1954 1541 depravata

1254 1562 1317 1593 per
1337 1563 1408 1594 eos,
1429 1553 1486 1594 qui
1509 1561 1550 1584 11.
1576 1561 1637 1593 pro
1664 1560 1701 1583 x.
1727 1554 1946 1593 acceperunt.

1256 1603 1362 1642 Schef.

1302 1655 1412 1693 Quem,
1423 1653 1492 1695 ξω]
1523 1654 1596 1686 Liv.
1612 1662 1691 1685 va.
1706 1655 1740 1684 6.
1756 1652 1803 1684 ait
1818 1652 1951 1684 Persen

1257 1713 1331 1735 sese
1344 1709 1378 1736 ct
1388 1704 1491 1736 filium
1508 1704 1654 1736 Octavio
1669 1703 1860 1735 tradidisse.
1875 1703 1884 1721 ‘
1898 1702 1954 1734 Li·

1256 1754 1354 1785 beros
1365 1764 1497 1796 quoqne
1514 1763 1637 1795 parvos
1651 1753 1760 1795 regios
1772 1752 1836 1784 Ion
1851 1753 1954 1784 Thes·

1259 1805 1473 1836 salonicensis
1506 1804 1654 1836 Octavio
1684 1803 1854 1835 tradidit:
1890 1812 1953 1835 nec

1257 1855 1432 1896 qnisquam
1464 1859 1592 1896 praeter
1617 1854 1826 1895 Philippum,
1850 1853 1955 1884 maxi-

1258 1914 1347 1936 mum
1363 1909 1444 1936 natu
1460 1914 1478 1936 e
1494 1904 1584 1944 filiis,
1607 1913 1683 1936 cum
1701 1913 1781 1944 rege
1804 1903 1954 1935 relictus.

1258 1955 1345 1986 Tum
1360 1965 1434 1986 sese
1443 1955 1615 1996 filiumque
1629 1954 1777 1986 Octavio
1791 1953 1956 1985 tradidit!

1258 2005 1378 2036 Filiam
1395 2015 1528 2046 quoque
1544 2004 1659 2036 Persis
1672 2003 1715 2035 ab
1726 2003 1860 2035 AEmilio
1874 2012 1955 2043 cap-

1260 2061 1328 2087 tam
1356 2055 1460 2087 fuisse
1486 2054 1592 2087 refert
1617 2055 1748 2095 Georg.
1777 2053 1954 2095 Syncellus

1259 2105 1292 2136 in
1309 2106 1475 2146 Cin-onog.
1489 2115 1522 2146 p.
1536 2108 1609 2136 282.
1631 2102 1729 2135 Οῧτος
1739 2104 1795 2145 [Μ.
1807 2102 1956 2143 Αἰμίλιος]

1260 2154 1378 2196 Περσέα
1392 2156 1496 2191 λαβὼν
1511 2154 1611 2195 ζῶντα
1630 2153 1694 2193 ἅμα
1716 2153 1801 2185 δυσὶν
1815 2153 1889 2185 υἱοῖς
1903 2152 1955 2184 καὶ

1258 2207 1312 2246 μιᾷ
1332 2205 1470 2246 θυγατρί.
1527 2206 1652 2236 Zonar.
1672 2213 1723 2235 1x.
1740 2207 1794 2236 24.
1823 2204 1954 2235 Persen

1260 2265 1335 2286 cum
1353 2265 1456 2286 uxore
1479 2259 1514 2286 et
1538 2255 1644 2286 tribus
1668 2254 1783 2286 liberis
1804 2253 1955 2295 captivo·

1260 2315 1332 2336 rum
1360 2305 1478 2336 habitu
1503 2305 1536 2335 in
1561 2304 1731 2345 triumpho
1747 2304 1886 2335 ductum
1903 2303 1955 2335 fu-

1260 2355 1325 2386 isse
1358 2355 1489 2394 scribit,
1524 2359 1560 2385 et
1590 2354 1688 2394 paulo
1722 2358 1798 2394 post
1827 2353 1922 2385 addit
1942 2365 1952 2385 z

1259 2404 1392 2446 Περσεὺς
1407 2404 1439 2436 δὲ
1456 2404 1496 2436 εἷς
1509 2404 1631 2440 ’Ἀλβαν
1649 2403 1706 2435 σὺν
1720 2405 1784 2436 τοῖς
1803 2404 1889 2435 παισὶ
1904 2404 1956 2436 καὶ

1572 2453 1580 2465 Ι
1665 2455 1674 2466 5
1715 2456 1730 2464 ἢ
1765 2453 1773 2466 N

1259 2505 1331 2546 πιζε
1345 2505 1402 2543 τὴν
1412 2505 1575 2542 βασιλείαν
1591 2504 1785 2544 κομίσασθαι,
1799 2505 1952 2545 ἀντεῖχεν

1261 2555 1326 2587 ἕπει
1347 2557 1371 2587 δ’
1393 2555 1526 2595 ἀπέγνω,
1541 2555 1648 2586 ἑαυτὸν
1669 2555 1881 2596 διεχειρίσατο·
1904 2555 1955 2587 καὶ

1261 2608 1277 2637 ὁ
1292 2606 1439 2638 Φίλιππος
1454 2607 1470 2636 ὁ
1486 2605 1547 2637 υἱὸς
1566 2605 1658 2636 αὐτοῦ
1669 2605 1688 2643 ἥ
1703 2617 1737 2636 τε
1754 2604 1888 2646 θυγάτηρ
1903 2605 1955 2637 αὖ·

1260 2658 1315 2688 τοῦ
1339 2657 1393 2687 οὐκ
1415 2656 1456 2688 εἷς
1476 2655 1592 2696 μακρὰν
1617 2655 1775 2687 ἀπέθανον·
1799 2655 1888 2694 μόνος
1901 2656 1956 2687 δ’ὁ

1262 2706 1409 2738 νεώτατος
1420 2708 1485 2738 τοῖς
1496 2708 1556 2737 τῶν
1561 2707 1719 2742 Ἀλβανῶν
1730 2706 1875 2747 ἄρχουσιν
1886 2707 1957 2738 ὑπο-

1260 2756 1480 2797 γραμματεύων
1497 2757 1550 2787 ἐπί
1568 2769 1638 2788 τινα
1658 2756 1767 2798 χρόνον
1788 2756 1954 2798 διήρκεσεν.

1262 2808 1442 2839 Carcerem
1475 2813 1600 2846 autem,
1624 2807 1655 2837 in
1680 2816 1779 2848 quem
1805 2808 1954 2838 reclusus

1262 2856 1327 2888 fuit
1351 2858 1486 2898 Perses,
1513 2857 1676 2890 describit
1697 2857 1798 2890 Diod.
1823 2858 1895 2891 Ecl.
1921 2860 1953 2890 2.

1263 2907 1320 2939 lib.
1340 2916 1447 2939 xxxi.
