2101 3419
701 394 753 425 m
784 391 1057 425 Jos'rmum·
1544 380 1608 421 xli

206 491 378 533 Dionysius
393 492 490 523 minor
504 491 616 524 Siciliae
628 497 778 534 tyrannus
794 491 856 530 xxi,

164 537 194 572 l,
211 539 227 566 1
253 535 356 566 exulat
371 535 511 567 Corinthi
525 547 555 573 v,
569 538 599 572 8,
615 539 646 567 7.
670 536 729 571 xxi,
745 539 775 572 5,
792 538 812 567 2

207 578 283 608 Dira
305 579 457 619 supplicia
471 577 555 614 xviii,
571 581 602 614 4,
618 581 658 610 14
683 583 858 619 portentum

164 621 231 651 dira
253 622 455 661 portendebat
481 620 665 662 Lysimacho
691 621 763 656 xvii,
790 623 821 656 l,
837 622 857 652 3

207 663 291 693 Dirae
313 670 405 704 atque
421 663 535 694 inferiae
563 663 625 699 xiv,
650 666 682 699 4,
711 665 751 694 13
787 662 859 693 diris

165 716 220 747 per
232 706 367 735 omnium
382 707 573 737 sacerdotum
588 705 750 747 religiones
764 705 859 736 devo·

166 755 213 779 tus
236 759 265 783 ν,
283 752 312 784 1,
330 751 348 779 3

209 791 353 831 Direptio
366 789 536 821 civitatium
550 789 592 826 ix,
606 793 636 826 1,
654 793 684 821 1.
706 789 778 825 xxii,
793 793 824 826 5,
840 792 860 821 8

211 833 351 874 Dirigere
365 843 483 863 cursum
499 833 530 863 in
555 833 689 863 Africam
705 832 777 868 xxii,
792 836 824 868 5,
842 835 859 863 1

165 875 203 905 ad
221 875 352 915 aliquem
369 876 449 913 xxxi,
463 878 496 912 2,
511 879 529 907 5
561 875 684 907 directae
699 875 864 906 conciones

170 918 295 954 xxxviii,
311 921 341 954 3,
361 921 397 948 11

212 961 338 990 Dirimit
354 970 433 990 mors
447 959 677 991 contentionem
702 959 804 998 xxxvi,
829 962 862 997 4,

212 1045 355 1085 Diripere
370 1044 519 1086 templum
543 1045 577 1081 ii,
591 1046 645 1082 12,
668 1048 688 1076 8
723 1044 864 1076 civitates

171 1088 233 1123 viii,
251 1091 281 1123 3,
298 1092 329 1119 2.
353 1088 413 1124 xiv,
429 1090 461 1123 1,
476 1090 496 1118 6
520 1097 614 1117 naves
630 1098 699 1123 xxv,
714 1091 747 1123 2,
761 1091 782 1118 6
804 1088 865 1118 vir-

170 1131 292 1172 ginibus
306 1131 344 1160 ad
361 1136 499 1170 stuprum
514 1130 640 1170 direptis
654 1130 738 1166 xxvi,
755 1132 785 1166 l,
801 1133 820 1161 7

213 1173 343 1203 Diruere
359 1173 440 1202 aedes
465 1172 602 1203 Deorum
625 1173 647 1208 i.
661 1175 694 1208 9,
710 1175 726 1204 1
761 1173 865 1203 urbem

172 1216 214 1252 xi,
229 1218 259 1250 3,
279 1218 328 1246 10.
352 1215 391 1250 xi,
408 1217 440 1250 4,
461 1218 492 1246 7.
515 1215 616 1250 xxxiv,
631 1218 663 1251 2,
680 1218 701 1247 6
733 1214 834 1246 diruta
848 1226 867 1246 a

172 1258 413 1288 Lacedaemoniis
429 1257 526 1297 patria
541 1257 581 1293 vi,
598 1262 630 1293 5,
645 1260 665 1289 8

215 1299 384 1330 Discedere
400 1301 437 1329 ab
454 1300 542 1329 armis
556 1300 596 1336 vi,
611 1302 643 1336 6,
659 1302 675 1331 1
705 1300 753 1341 (id
776 1304 833 1337 est,
849 1310 869 1330 a

173 1343 254 1373 bello
269 1342 431 1382 desistere)
446 1342 550 1373 Vorst.
574 1342 732 1373 discedere
751 1353 769 1373 a
791 1353 868 1383 prae-

173 1386 214 1415 lio
230 1385 270 1419 vi.
292 1388 323 1418 7.
342 1387 381 1416 12
417 1395 506 1425 mquo
521 1385 625 1415 Marte
639 1385 791 1427 utrimque
806 1386 868 1416 dis-

171 1437 288 1459 cessum
305 1427 349 1463 iii,
365 1431 397 1463 6,
411 1431 431 1458 9

215 1469 398 1510 Βίειερὶεπε
413 1470 453 1500 de
466 1468 598 1499 minimis
611 1469 701 1500 rebus
724 1470 785 1507 xxi,
801 1474 832 1508 5,
849 1474 867 1502 5

216 1512 414 1553 Disceptatio
430 1513 508 1542 inter
533 1512 725 1543 Demetrium
740 1519 772 1544 et
786 1513 870 1555 lega-

176 1559 222 1585 tos
238 1555 405 1585 civitatium
422 1554 550 1585 Graeciae
567 1556 659 1592 xxxii,
674 1559 705 1592 2,
722 1559 741 1587 3

218 1597 346 1629 Discere
361 1599 433 1638 (pro
446 1597 571 1638 rescire)
595 1598 629 1635 ii,
644 1602 676 1634 3,
694 1601 743 1630 13.
760 1599 802 1635 xi,
818 1602 871 1634 10,

177 1643 229 1672 13.
262 1641 323 1677 xixa
338 1643 370 1677 2,
385 1643 417 1672 4.
450 1639 544 1677 xxvii,
570 1645 599 1677 l,
625 1644 655 1673 4.
689 1641 771 1679 xxix,
792 1644 825 1679 4,
852 1645 869 1674 1

175 1683 312 1714 Freinsh.

220 1725 383 1756 Discessus
399 1725 506 1756 Xerxis
529 1736 567 1756 ex
583 1725 704 1756 Graecia
727 1727 760 1763 ii,
782 1728 834 1763 11,
851 1730 867 1758 1

177 1769 344 1798 discessum
360 1768 492 1809 alicujus
517 1779 596 1809 aegre
611 1769 687 1799 ferre
712 1768 766 1805 xii,
782 1772 835 1805 11,
850 1774 869 1800 5

178 1817 248 1852 post
263 1811 430 1841 discessum
445 1811 499 1846 vii,
513 1814 544 1846 4,
562 1815 591 1843 1.
615 1811 738 1847 xxxviii,
755 1815 786 1852 8,
804 1815 839 1843 11

219 1852 394 1884 Discidium
414 1854 487 1894 (pro
498 1853 665 1895 divisione)
689 1854 773 1892 xxiii,
784 1857 816 1891 2,
830 1857 869 1887 11

177 1896 314 1927 Freinsh.

221 1938 400 1970 Discinctus
416 1937 521 1970 tunica
544 1938 645 1969 servili
669 1938 787 1970 incedit
810 1939 872 1977 xix,

177 1985 209 2017 3,
226 1984 242 2012 l

220 2022 396 2064 Disciplina
421 2022 492 2063 (pro
512 2023 722 2062 institutione)
746 2024 788 2061 xi,
802 2027 834 2060 7.
852 2027 872 2057 '7

177 2066 313 2097 Freinsh.
338 2066 472 2096 militaris
494 2065 663 2097 Alexandri
687 2067 760 2104 xxii,
786 2070 872 2104 11,9

179 2108 476 2149 Carthaginiensium
493 2109 553 2144 xix,
573 2112 601 2145 l,
619 2111 635 2139 1

221 2151 375 2191 Discipuli
392 2151 532 2181 Platonis
546 2151 607 2187 xvi,
624 2155 656 2187 5,
670 2153 710 2182 13

219 2193 391 2224 Discordiae
404 2194 532 2224 effectus
546 2193 610 2228 viii.
624 2197 656 2230 4,
668 2197 688 2225 8
711 2193 873 2225 discordiae

179 2236 291 2266 malum
318 2236 396 2266 inter
420 2247 507 2277 pares
530 2237 683 2266 assiduum
710 2237 772 2273 xvi,
798 2239 829 2273 3,
853 2240 871 2268 1

178 2279 396 2309 discordiarum
421 2279 535 2309 oblivio
557 2280 641 2319 apud
666 2278 874 2310 Athenienses

175 2321 377 2361 jurejurando
392 2322 509 2351 sancita
523 2332 553 2357 ν,
570 2325 622 2357 10,
641 2324 678 2352 ll

223 2363 417 2403 Discrepatio
432 2371 479 2394 est
501 2364 581 2394 inter
596 2363 715 2404 aliquos
739 2363 788 2406 (id
815 2369 872 2402 est,

182 2406 342 2440 dissensio,
360 2406 412 2445 lis)
429 2406 520 2442 xxxii,
535 2409 567 2441 2,
584 2408 602 2436 3
618 2406 723 2436 Vorst.

224 2448 396 2478 Discrimen
412 2448 491 2478 inter
512 2459 613 2478 servos
628 2454 661 2478 et
682 2448 793 2479 liberos
820 2448 874 2485 xli,

181 2494 212 2526 3,
228 2493 247 2522 4
281 2491 441 2520 discrimen
469 2490 589 2531 imperii
613 2489 692 2521 inter
717 2502 750 2522 se
775 2492 876 2522 facere

182 2534 262 2564 bello
288 2534 366 2568 xxix,
384 2536 415 2567 2,
432 2536 451 2564 9
488 2532 652 2563 discrimen
677 2534 778 2564 subire
802 2535 875 2575 (pro

180 2576 334 2617 periculo)
350 2576 401 2610 xli,
417 2579 448 2611 2,
462 2579 482 2607 9
496 2575 599 2606 Vorst.

224 2619 402 2648 Discurrere
417 2619 447 2647 in
463 2619 540 2648 duas
559 2622 659 2658 partes
673 2617 745 2658 (pro
761 2617 876 2658 dividi)

182 2661 246 2697 xiii,
261 2665 292 2696 0,
310 2664 347 2692 17
364 2661 500 2691 Freinsh.
523 2660 689 2691 discurrere
703 2671 757 2702 per
771 2661 875 2691 urbem

180 2714 199 2732 v
225 2707 256 2739 7,
272 2706 290 2734 4

202 2727 211 2743 '
225 2746 389 2776 Discursus
403 2745 533 2775 militum
548 2745 613 2781 viii,
629 2749 659 2781 5,
675 2748 697 2777 9

226 2789 387 2819 Discutere
403 2788 529 2818 consilia
546 2788 609 2823 (est
623 2789 766 2829 detegere
776 2793 808 2819 et
820 2788 876 2818 im-

183 2830 304 2871 pedire)
321 2831 351 2866 ii,
370 2834 420 2867 15,
440 2834 479 2861 16
494 2831 629 2861 Freinsh.

226 2873 412 2912 Dispensare
435 2873 516 2904 bella
530 2874 606 2915 (hoc
620 2878 676 2910 est,
689 2873 809 2916 partiri)
824 2873 877 2911 vii,

181 2918 213 2952 6,
227 2919 246 2947 4
272 2916 408 2946 Freinsh.

226 2959 380 2999 Displicet
390 2964 484 2989 status
495 2959 652 2999 praesentis
662 2959 791 2991 fortunae
804 2958 876 2995 xxii,

269 3012 382 3053 Delph.
399 3015 428 3044 et
450 3013 523 3046 Var.
540 3013 623 3045 Clas.

906 495 939 529 4,
955 494 974 522 3
1421 517 1425 519 ,

949 533 1125 575 Disponere
1137 543 1204 564 aras
1218 532 1397 573 hostiasque
1414 531 1493 568 xxiv,
1511 535 1541 568 3,
1558 535 1578 564 4

950 576 1392 617 Disputationumassiduitatc
1404 575 1520 616 aliquid
1533 586 1608 606 con-

908 619 995 659 sequi
1011 629 1061 655 xx,
1075 621 1108 654 4,
1124 622 1162 650 ll

951 661 1162 691 Disseminare
1200 659 1317 700 aliquid
1343 670 1465 690 causam
1514 661 1610 689 morbi

907 703 980 744 (pro
995 703 1151 743 evulgare,
1175 702 1208 733 in
1234 702 1345 743 vulgus
1370 703 1529 743 spargere)
1557 702 1612 738 xii,

910 748 961 782 13,
979 749 1020 777 10
1036 745 1177 776 Freinsh.

953 787 1113 818 Dissensio
1125 787 1303 818 Graecorum
1318 787 1351 824 ii,
1364 790 1416 824 12,
1431 790 1470 818 18
1495 787 1612 817 dissen-

909 830 1006 862 sionis
1021 830 1102 861 mala
1117 830 1178 866 xvi,
1195 833 1226 866 3,
1243 833 1263 861 8

953 872 1126 904 Dissentire
1139 874 1211 913 (pro
1222 871 1412 912 discrepare)
1426 884 1432 902 :
1449 872 1552 901 mortis
1566 882 1612 902 ra-

911 915 954 946 tio
981 926 1044 946 non
1060 916 1204 946 dissensit
1218 916 1256 946 ab
1271 915 1332 945 hoc
1355 915 1426 944 vitae
1452 916 1610 955 proposito

912 959 954 996 vi,
969 961 1000 994 8,
1017 961 1058 989 10
1074 958 1211 989 Freinsh.

955 1000 1115 1032 Dissidere
1131 1001 1210 1031 inter
1224 1010 1256 1031 se
1270 999 1353 1031 bello
1369 999 1452 1035 xxiv,
1470 1002 1501 1036 1,
1516 1003 1532 1030 1

955 1043 1176 1074 Dissimulatus
1190 1044 1309 1073 animus
1323 1042 1384 1078 xxi,
1403 1046 1432 1078 l,
1449 1045 1469 1073 4

957 1085 1172 1117 Dissimulatio
1185 1085 1321 1116 dolorem
1337 1091 1430 1126 auget
1445 1084 1509 1119 viii,
1524 1089 1554 1119 5,
1572 1087 1610 1116 11

914 1128 1117 1159 dissimulatio
1132 1129 1206 1159 belli
1219 1139 1250 1165 V,
1262 1132 1315 1165 11,
1332 1132 1352 1161 4
1376 1139 1429 1169 per
1441 1127 1614 1158 dissimula-

915 1172 1031 1202 tionem
1046 1182 1077 1207 ν,
1094 1175 1147 1208 11,
1163 1176 1182 1203 5

960 1214 1120 1256 Dissipata
1135 1213 1243 1245 civitas
1259 1223 1313 1254 per
1327 1213 1423 1243 multa
1436 1213 1569 1243 membra
1585 1224 1616 1249 v,

918 1260 970 1293 10,
998 1260 1039 1289 10
1081 1257 1174 1288 cunei
1202 1256 1344 1297 dissipati
1375 1257 1506 1286 ruebant
1535 1255 1616 1291 xxiv,

916 1302 948 1336 8,
965 1302 986 1330 9

959 1341 1137 1372 Dissolvere
1159 1341 1242 1383 leges
1264 1340 1443 1382 (abrogare)
1460 1340 1548 1377 iii,3,
1576 1344 1616 1372 12

917 1384 970 1426 (ut
985 1385 1086 1415 Graeci
1100 1383 1185 1416 λύειν
1201 1383 1274 1416 τοὺς
1289 1383 1412 1423 νόμους)
1430 1384 1458 1413 V
1461 1390 1531 1413 orst.
1555 1384 1617 1413 ‹lis-

917 1427 1034 1458 solvere
1047 1437 1158 1468 corpus
1173 1427 1358 1458 Achaeorum
1371 1427 1471 1462 xxxiv,
1488 1430 1517 1463 1,
1533 1430 1551 1457 5

962 1469 1085 1500 Distare
1100 1470 1224 1500 sedibus
1239 1469 1362 1505 xxxviii,
1378 1472 1409 1504 4,
1426 1472 1446 1499 9

962 1512 1108 1543 Distenta
1121 1513 1216 1542 ubera
1229 1512 1304 1547 xliii,
1320 1514 1351 1547 2,
1368 1515 1389 1542 6

963 1555 1114 1585 Distineri
1127 1555 1230 1585 multis
1245 1554 1333 1585 bellis
1356 1554 1464 1584 eodem
1481 1558 1618 1594 tempore

920 1597 1000 1633 xxix,
1017 1602 1048 1634 2,
1065 1601 1085 1629 8
1117 1608 1156 1628 ne
1172 1608 1233 1627 uno
1250 1602 1387 1637 tempore
1403 1596 1520 1636 duplici
1539 1598 1618 1626 bello

921 1640 1072 1672 Romanae
1086 1641 1164 1671 vires
1179 1640 1397 1670 distinerentur
1412 1639 1491 1674 xxxi,
1510 1643 1538 1674 l,
1555 1641 1576 1670 6

965 1682 1115 1713 Distinxit
1128 1688 1237 1713 natura
1256 1682 1443 1713 incrementa
1460 1681 1568 1711 caloris
1584 1692 1620 1711 ac

921 1724 1040 1766 frigoris
1054 1726 1229 1766 regionibus
1251 1725 1284 1761 ii,
1301 1728 1330 1760 l,
1349 1727 1387 1755 ll
1422 1724 1621 1764 distinguitur

922 1768 1010 1809 sylva
1032 1769 1168 1810 palmeto
1197 1773 1229 1798 et
1258 1767 1490 1809 opobalsameto
1520 1768 1620 1802 xxxvi,

921 1814 953 1847 3,
969 1813 988 1841 3

965 1852 1143 1884 Distu-ahere
1157 1864 1273 1884 merces
1289 1852 1330 1888 ix,
1347 1855 1376 1889 1,
1392 1855 1413 1884 6

963 1894 1156 1927 Distribuere
1185 1896 1298 1927 milites
1331 1895 1365 1925 in
1393 1894 1531 1926 colonias
1568 1894 1620 1931 xii,

921 1941 953 1975 5,
969 1941 989 1969 8

965 1979 1096 2011 Ditare:
1131 1986 1210 2011 terra
1233 1991 1298 2011 non
1324 1979 1518 2022 patrimoniis
1543 1980 1623 2010 ditat

922 2023 1055 2064 Scythas
1072 2023 1111 2060 ix,
1128 2027 1159 2059 2,
1176 2026 1196 2055 7

964 2065 1103 2096 Ditionis
1129 2064 1368 2096 Atheniensium
1397 2065 1474 2095 nihil
1513 2071 1622 2105 practer

922 2108 1028 2139 urbem
1043 2108 1166 2149 reliquit
1189 2119 1219 2145 v,
1234 2111 1267 2144 7,
1283 2110 1302 2139 3
1335 2106 1368 2137 in
1392 2108 1541 2138 ditionem
1566 2109 1622 2138 ali-

921 2150 1011 2191 cujus
1037 2152 1147 2182 cedere
1172 2150 1275 2186 xxxiii,
1291 2153 1322 2186 2,
1338 2153 1358 2181 7
1393 2151 1496 2180 venire
1521 2153 1621 2186 xxxvi,

922 2196 954 2230 3,
978 2197 998 2225 8
1030 2194 1155 2235 populis
1179 2194 1213 2225 in
1239 2193 1388 2225 ditionem
1414 2194 1546 2224 redactis
1571 2195 1622 2229 xli,

919 2239 953 2273 6,
971 2239 990 2268 8

966 2278 1031 2309 Diu
1048 2278 1080 2314 ii,
1097 2281 1127 2314 l,
1144 2282 1174 2309 5.
1197 2278 1230 2315 ii,
1246 2281 1299 2314 10,
1312 2281 1365 2310 15.
1388 2278 1429 2315 ix,
1443 2281 1475 2315 3,
1491 2281 1522 2310 4.
1558 2278 1622 2314 xiii,

923 2324 955 2357 8,
969 2324 988 2352 8
1011 2321 1183 2351 diutissime
1198 2321 1231 2356 ii,
1249 2325 1278 2356 1,
1296 2324 1335 2352 17

967 2363 1083 2394 Divelli
1098 2365 1136 2394 ab
1152 2363 1256 2404 aliquo
1270 2363 1354 2398 xxiii,
1370 2366 1401 2399 2,
1417 2366 1436 2394 7

968 2406 1100 2436 Diversa
1116 2407 1192 2445 (hoc
1204 2411 1261 2442 est,
1278 2406 1445 2440 contraria)
1462 2406 1506 2442 iii,
1521 2409 1553 2440 4,
1574 2410 1622 2437 16.

924 2457 974 2484 κν,
993 2452 1022 2484 1,
1038 2451 1055 2479 1
1074 2453 1105 2478 et
1120 2452 1150 2480 9.
1173 2459 1242 2483 xxx,
1261 2452 1290 2484 l,
1308 2452 1338 2479 1.
1369 2449 1449 2483 xxxi,
1466 2452 1528 2484 5,1
1562 2450 1622 2484 (ita

924 2490 1048 2521 Sallust.
1065 2491 1157 2522 Catil.
1172 2495 1203 2526 5,
1228 2493 1259 2522 9.
1281 2496 1313 2520 et
1328 2496 1466 2520 auctores
1494 2492 1623 2531 passim)

926 2533 1062 2564 Freinsh.
1085 2532 1211 2564 (liversis
1226 2533 1339 2563 artibus
1360 2544 1451 2573 quam
1468 2535 1539 2574 (pro
1557 2535 1624 2563 aliis

926 2575 1036 2616 quam)
1047 2575 1090 2612 vi,
1105 2579 1136 2611 3,
1152 2579 1172 2607 6
1196 2587 1212 2606 e
1228 2576 1346 2606 diverso
1362 2575 1517 2606 instructis
1529 2577 1623 2606 hosti-

926 2618 983 2648 bus
999 2619 1072 2659 (pro
1087 2629 1104 2649 e
1120 2617 1261 2659 regione)
1277 2630 1346 2655 xxx,
1361 2620 1393 2653 4,
1409 2622 1429 2650 6
1448 2619 1548 2648 Vorst.

969 2661 1065 2691 Dives
1080 2672 1116 2691 ex
1130 2661 1225 2700 inope
1240 2662 1340 2691 sactus
1366 2661 1437 2696 xxii,
1456 2665 1485 2696 1,
1502 2664 1541 2692 14
1575 2662 1622 2691 ‹li-

926 2703 984 2733 tior
999 2704 1118 2733 damnis
1128 2704 1265 2734 redditus
1279 2704 1370 2740 xxvii,
1386 2707 1417 2741 2,
1429 2707 1449 2735 4
1473 2705 1623 2734 ditissima

926 2756 999 2776 auro
1015 2746 1097 2786 regio
1111 2745 1184 2782 xliv,
1201 2749 1232 2782 3,
1249 2750 1268 2777 5

970 2789 1117 2819 Dividere
1144 2788 1217 2829 (pro
1241 2788 1438 2829 distribuere)
1463 2789 1526 2823 viii,
1550 2793 1581 2822 6.
1605 2794 1618 2821 1

927 2831 1104 2871 Antigonus
1133 2831 1359 2872 Argyraspidas
1392 2833 1538 2862 exercitui
1567 2844 1621 2862 suo

927 2874 1038 2904 dividit
1061 2875 1136 2911 (hoc
1151 2880 1208 2909 est,
1232 2874 1311 2904 inter
1331 2875 1495 2904 exercitum
1522 2886 1622 2910 suum,

928 2917 1006 2947 inter
1018 2917 1139 2947 ordines
1155 2916 1242 2957 suos>
1259 2917 1318 2953 xiV,
1334 2920 1366 2952 4,
1379 2920 1420 2948 20
1443 2918 1509 2947 Sic:
1528 2918 1577 2952 xii,
1594 2922 1621 2953 1,

929 2961 945 2990 1
960 2959 1097 2992 Freinsh.
1117 2959 1215 2991 divisa
1229 2960 1415 3001 temporibus
1427 2970 1598 3000 componet«
1613 2984 1622 2996 ‚

809 3014 881 3045 Ιηίῖ.
896 3012 984 3046 Jaest.
1514 3014 1543 3049 f
