2101 3419
532 341 727 373 JUSTlNl
761 343 854 372 Lm.
887 344 1028 373 xxvi.
1060 344 1166 375 CAP.
1196 335 1237 377 1.

171 445 237 468 ΧΠ.
254 435 299 467 Η.
317 436 361 468 Ν.
378 439 407 468 1.
429 435 438 453 ‘
453 436 615 476 Epulatus
628 436 716 467 iutra
729 438 863 476 spelun-

172 495 244 517 cam
259 495 333 517 cum
358 485 629 517 duodevicesimo
645 486 767 517 comite
781 486 803 517 :’
828 491 864 517 et

172 536 273 567 Oros.
292 546 341 567 vr.
366 539 418 568 16.
445 537 454 553 ‘
471 536 550 566 Sex.
577 536 759 576 Pompeius
786 545 862 566 cum

171 586 355 617 centesimo
368 585 480 626 equite
492 584 649 625 aufugit.'
683 585 761 616 Vid.
775 585 859 617 Obs.

170 634 206 665 in
221 635 346 675 Script.
363 635 494 666 Eccles.
509 638 540 666 3.
572 635 670 666 Gron.

214 685 295 715 Item
306 685 415 725 praelio
429 684 478 724 n.]
499 685 595 716 Junt.
611 685 703 715 idem.
728 685 842 716 Graev.

214 734 347 765 CARV.
370 736 416 775 §1
441 735 632 774 Expugnare
641 734 781 774 conatur]
807 734 865 764 Di-

172 793 270 814 versa
285 785 365 816 lect.
386 789 438 815 est
454 795 523 824 exp.
540 785 679 823 cogitat:
702 795 800 825 quam
817 784 867 814 Si-

171 834 315 864 chardus
331 834 365 864 in
379 838 490 873 textu,
503 835 559 864 alii
576 835 608 864 in
625 835 776 874 margine
800 835 867 865 col-

171 884 338 915 locarunt.
374 884 442 914 Sed
456 884 534 914 etin
546 884 696 915 editione
707 884 866 915 Becharii

172 933 329 964 lectionis
354 933 424 973 ejus
441 933 618 973 vestigium
644 939 705 964 est.
750 934 866 964 Habet

173 984 260 1014 enim
275 983 333 1013 illa
348 984 431 1022 cogit
448 993 508 1023 pro
524 985 651 1022 cogitat.
699 985 744 1014 Et
771 983 794 1014 f.
818 995 865 1015 co-

171 1034 256 1072 gitat
276 1038 406 1065 rectum
433 1038 500 1073 est,
523 1039 570 1072 et,
594 1034 672 1074 quia
695 1033 780 1064 falso
797 1044 865 1064 sus-

175 1089 324 1124 pectum,
347 1084 509 1124 rejectum
535 1083 608 1114 fuit.
652 1083 730 1114 Vid.
758 1083 799 1113 de
827 1093 866 1114 eo

175 1134 278 1165 verbo
295 1135 354 1165 lib.
371 1135 412 1165 de
430 1135 569 1166 Latinit.
586 1133 611 1164 f.
628 1144 717 1174 susp.
745 1144 776 1173 p.
796 1136 867 1165 130.

181 1184 284 1215 Vorst.
326 1185 423 1215 Vett.
439 1185 573 1225 quidam
589 1184 715 1222 cogitat.
760 1184 868 1215 Quam

174 1235 254 1265 lect.
267 1235 382 1265 Vorst.
401 1239 497 1274 putat
514 1244 586 1265 esse
603 1244 727 1265 veram.
766 1234 869 1273 Schef.

220 1284 304 1315 Saxo
318 1286 354 1315 de
371 1284 481 1324 muris]
505 1284 654 1324 Probus,
669 1285 677 1300 ‘
694 1284 807 1324 lapide
824 1285 869 1316 ic-

179 1334 257 1366 tus.’
303 1335 394 1366 Plut.
419 1339 454 1365 et
476 1335 576 1365 Paus.
601 1342 635 1365 et
657 1334 771 1366 Strab.
787 1344 869 1366 VIII.

179 1384 334 1424 κεραμίδα,
362 1385 384 1416 i.
399 1393 428 1415 e.
445 1385 603 1425 tegulam,
624 1389 758 1416 vocant.
787 1386 871 1416 Bon-

176 1444 264 1474 gars.
309 1435 487 1467 Quomodo
513 1435 613 1466 etiam
642 1435 709 1466 Ov.
734 1435 766 1466 in
794 1435 871 1466 Ibin

1527 335 1611 377 9:35

915 439 988 467 303.
1005 439 1014 454 ‘
1030 437 1099 468 Aut
1111 443 1147 469 ut
1162 438 1383 470 Achilleidem
1398 443 1542 479 cognato
1556 449 1614 470 no-

914 487 1003 517 mine
1019 488 1145 518 clarum
1165 488 1348 529 Opprimat
1367 490 1481 521 hostili
1497 491 1612 530 tegula

909 536 1007 576 jacta
1021 537 1144 568 mmm!
1171 538 1272 570 Rern.

959 586 975 625 ξ
990 588 1009 615 2
1035 586 1136 625 Caput
1152 587 1230 626 ejus]
1253 588 1330 618 Val.
1342 589 1391 619 M.
1404 597 1439 619 v-
1454 591 1485 619 1.
1508 589 1613 627 Bong.

958 635 975 674 ξ
991 637 1009 665 3
1037 636 1281 675 Comparandnm
1294 639 1433 678 Pyrrho]
1456 640 1615 676 Νομισθεὶς

918 683 1054 725 ἐμπειρίᾳ
1067 684 1123 723 μὲν
1137 688 1296 727 πολεμικῇ,
1311 686 1362 717 καὶ
1375 687 1466 727 χειρὶ,
1481 688 1530 718 καὶ
1544 688 1615 718 τόλ-

918 746 958 776 μῃ
975 734 1055 765 πολὺ
1071 738 1186 776 πρῶτος
1202 735 1274 767 εἶναι
1288 739 1348 768 τῶν
1363 739 1428 769 καθ’
1451 738 1544 769 αὑτὸν
1560 741 1615 774 βα-

920 784 1048 816 σιλέων;
1072 786 1166 817 Plut.
1197 787 1295 818 Idem.

963 837 979 876 ς
993 839 1012 867 4
1032 837 1076 867 Ut
1087 847 1152 867 cum
1163 837 1355 878 Lysimacho,
1368 839 1537 879 Demetrio,
1548 841 1616 871 An-

919 886 1037 925 tigono,
1053 887 1150 917 tantis
1162 887 1284 925 reg-ibus
1297 888 1372 918 bella
1383 898 1506 927 gerens,
1520 890 1616 921 invic-

919 939 969 966 tus
982 946 1100 976 semper
1108 936 1227 976 fuerit]
1262 937 1344 968 Mss.
1370 939 1435 969 mei
1459 939 1534 970 bellu
1548 950 1618 978 ges-

918 987 1012 1017 serit:
1037 986 1204 1027 quomodo
1230 996 1306 1017 cum
1331 987 1479 1019 habeant
1503 999 1617 1021 omues

920 1040 1004 1066 vett.
1031 1036 1150 1075 scripti
1184 1035 1282 1067 codd.
1309 1037 1499 1077 Bongarsii,
1534 1044 1618 1079 puto

921 1087 1091 1126 geminata
1107 1086 1182 1117 ead.
1199 1096 1280 1117 voce
1307 1091 1342 1117 et
1370 1088 1497 1127 syllaba
1520 1099 1619 1130 repo-

922 1136 1088 1166 nendum:
1120 1140 1154 1166 nt
1170 1146 1236 1166 cum
1251 1147 1318 1167 cum
1333 1137 1371 1168 L.
1389 1138 1434 1170 D.
1449 1140 1490 1169 A.
1506 1143 1529 1171 t.
1545 1150 1572 1172 r.
1590 1141 1620 1173 b.

920 1187 1062 1225 gesserit,
1076 1186 1211 1216 invictus
1224 1197 1249 1217 s.
1259 1186 1289 1224 f.
1322 1187 1419 1218 Mod.
1464 1188 1620 1230 Antiqui-

923 1245 997 1266 ores
1021 1236 1109 1276 typis
1122 1246 1216 1276 expr.
1238 1237 1303 1267 imo
1314 1242 1349 1267 et
1360 1237 1441 1268 Mss.
1459 1242 1525 1268 tam
1543 1240 1618 1269 Μο-

922 1286 1024 1321 diaui,
1050 1296 1146 1326 quam
1164 1286 1402 1326 ssongarsiani,
1426 1297 1487 1326 pro
1510 1298 1621 1327 gerens

923 1336 1048 1366 habent
1067 1337 1211 1374 gesserit.
1258 1337 1383 1367 Mirum
1404 1337 1508 1378 igitur
1529 1339 1617 1379 quod

925 1386 1033 1426 Bong.
1049 1386 1082 1416 id
1094 1386 1247 1417 mutavit.
1276 1386 1347 1417 Vor.

678 1752 896 1801 LIBER
933 1753 1138 1800 XXVI.

226 1892 312 1923 CAP.
328 1901 353 1922 1.
398 1892 450 1931 §2
484 1889 712 1930 Peloponnesii]
745 1889 790 1920 Et
805 1889 876 1930 qui-

183 1941 272 1981 dem,
299 1946 336 1972 ut
359 1951 400 1971 ex
417 1944 533 1971 vetere
558 1940 626 1980 huj.
646 1939 703 1970 lib.
728 1939 875 1979 Prologo

183 1996 341 2032 apparet,
355 1992 596 2032 Spartanorum
612 1999 670 2020 rex
687 1988 807 2027 Areas,
821 1999 876 2019 cu-

177 2042 236 2083 jus
251 2047 286 2073 et
301 2051 403 2072 xxw.
417 2044 448 2071 1.
465 2044 494 2071 5.
510 2041 549 2071 fit
565 2040 705 2078 mentio,
720 2039 762 2069 ab
779 2038 877 2070 Anti-

184 2102 271 2134 gono
285 2091 437 2123 Corinthi
454 2089 654 2121 interfectus
671 2094 734 2121 est.
762 2090 834 2121 Vor.

226 2143 244 2183 ᾧ
261 2144 279 2173 3
308 2141 457 2173 Variante
469 2140 621 2171 hominum
633 2139 750 2180 partim
764 2140 878 2178 dolore,

183 2192 298 2232 partim
311 2191 442 2230 gaudio]
478 2191 516 2221 F.
543 2200 609 2221 var.
632 2189 778 2220 homines.
804 2190 877 2220 Liv.

185 2250 291 2273 xxm.
309 2245 339 2272 l.
360 2242 370 2259 ‘
383 2241 571 2272 Variabant
587 2240 744 2271 secundae
762 2240 880 2271 adver-

184 2301 297 2333 saeque
313 2301 366 2323 res
381 2301 447 2322 non
463 2290 633 2321 fortunam
649 2290 768 2330 magis,
780 2299 880 2331 quam

187 2342 314 2374 animos
328 2340 521 2372 hominum!
557 2341 691 2372 Gronov.
736 2341 812 2371 Hoc
828 2341 880 2371 ho-

185 2393 301 2423 minum
328 2392 534 2432 glossatoris,
564 2401 629 2422 non
654 2390 780 2423 Justini
807 2400 879 2421 esse

186 2442 332 2474 videtur.
376 2442 492 2473 Sermo
509 2442 597 2473 enim
613 2446 663 2472 est
679 2441 721 2472 de
737 2441 880 2472 civitati-

187 2492 261 2531 bus,
276 2497 314 2524 ut
329 2496 427 2533 patet
443 2502 484 2523 ex
501 2502 594 2534 seqq.
619 2491 723 2529 Schef.

231 2543 248 2582 §
264 2545 284 2573 4
311 2542 491 2582 Epirorum]
513 2544 598 2575 Quae
624 2546 678 2572 est
704 2541 763 2571 illa
789 2540 881 2581 urbs,

189 2595 246 2623 aut
256 2592 328 2633 quis
344 2593 392 2622 ita
404 2592 573 2633 loquitur?
596 2591 779 2632 Superiore
795 2591 880 2622 libro

189 2642 341 2673 Helenus
353 2642 474 2682 Pyrrhi
488 2641 535 2672 fil.
552 2642 593 2673 ab
607 2642 779 2681 Antigono
792 2651 882 2681 rege,

190 2691 247 2732 qui
270 2692 437 2732 Pyrrhum
464 2692 605 2731 vicerat,
630 2701 705 2722 cum
733 2692 882 2731 parentis

193 2741 244 2771 sui
255 2741 420 2773 cadavere
435 2742 597 2780 mittitur,
607 2746 646 2772 ut
658 2741 752 2781 regni
764 2742 884 2781 haeres,

191 2790 280 2821 haud
307 2791 407 2822 dubie
436 2792 469 2821 in
500 2793 653 2832 Epirum.
698 2792 775 2823 Vid.
803 2801 880 2823 num

193 2839 325 2880 legend.
342 2841 592 2880 Epidauriorum.
617 2841 712 2872 Glar.

236 2889 419 2930 Epirorum]
458 2891 565 2922 Locus
589 2891 768 2922 manifesto
791 2901 882 2923 men-

929 1889 1027 1919 dosus
1042 1900 1049 1919 :
1074 1898 1136 1919 nec
1154 1889 1248 1920 Vett.
1265 1889 1390 1920 auxilio
1408 1894 1499 1922 suut.
1543 1891 1623 1922 Gia-

929 1949 1062 1977 reanus,
1073 1939 1186 1969 nescio
1198 1949 1263 1980 quo
1273 1944 1424 1978 auctore,
1441 1940 1623 1978 Epidaurio-

929 1988 1108 2028 rnmlegit.
1155 1989 1207 2018 Ex
1234 1989 1414 2018 Pausaniae
1440 1989 1563 2019 Eliacis
1588 1994 1623 2021 et

930 2039 1107 2069 Plutarchi
1124 2039 1237 2069 libello
1258 2039 1300 2069 de
1317 2039 1509 2069 Virtutibus
1525 2040 1626 2070 Muli-

931 2099 1026 2120 erum
1055 2092 1107 2120 24.
1136 2089 1271 2120 omniuo
1306 2089 1441 2130 legend.
1472 2090 1625 2121 Eliorum.

934 2139 1040 2179 Bong-

976 2191 1159 2231 Epz'rorum]
1205 2190 1260 2222 Ita
1283 2200 1363 2221 sane
1395 2200 1517 2232 magno
1548 2201 1626 2222 con-

933 2250 1033 2272 sensu
1061 2242 1160 2272 codd.
1192 2246 1260 2272 tam
1294 2242 1377 2272 Mss.
1407 2251 1506 2282 quam
1535 2243 1626 2281 typis

933 2301 1030 2332 expr.
1075 2291 1139 2322 Sed
1164 2292 1293 2323 monuit
1319 2292 1427 2332 Bong.
1455 2301 1497 2322 ex
1523 2292 1626 2322 Paus.

932 2340 1056 2371 Eliacis
1072 2345 1107 2371 et
1121 2341 1213 2371 Plut.
1229 2340 1271 2370 de
1284 2340 1373 2371 Virt.
1388 2341 1474 2371 Mul.
1491 2340 1625 2381 legend.

935 2391 1086 2422 Eliorum.
1137 2390 1237 2423 Quod
1264 2390 1309 2421 id.
1338 2395 1372 2422 et
1401 2391 1550 2422 Gronov.
1578 2400 1626 2422 lv.

935 2441 1019 2473 Obs.
1034 2450 1152 2471 verum
1168 2440 1396 2479 essejudicat.
1426 2441 1529 2472 Vorst.

976 2491 1173 2528 Aristotimo,
1198 2490 1266 2529 ὅπη]
1297 2490 1362 2520 Vel
1393 2491 1488 2529 pueri
1519 2490 1630 2521 sciunt

934 2541 1021 2572 hunc
1032 2540 1266 2571 Aristotimum
1280 2540 1435 2569 Eleorum
1450 2544 1629 2580 tyrannum

934 2590 1061 2621 fuisse:
1086 2590 1186 2630 idque
1203 2599 1245 2619 ex
1257 2589 1349 2619 Plut.
1366 2593 1401 2619 et
1418 2590 1518 2620 Paus.
1562 2590 1629 2620 Sed

935 2641 1024 2671 unde
1046 2640 1129 2671 illud
1157 2639 1323 2679 Epirorum
1348 2648 1421 2678 pro,
1448 2639 1629 2669 Eleorum?

935 2691 1017 2722 Mss.
1045 2695 1156 2721 autem
1180 2689 1307 2719 habent
1332 2689 1545 2727 Epirotarum,
1573 2689 1629 2719 alii

937 2741 1140 2780 Epyrrorum,
1156 2737 1313 2778 Impressi
1332 2737 1546 2778 Epirotarum,
1573 2739 1630 2769 alii

936 2790 1113 2830 Epir-orum.
1158 2788 1233 2819 Hoc
1246 2787 1354 2818 dicam
1371 2792 1514 2827 tantum,
1529 2788 1629 2819 terri-

936 2841 1018 2872 torii
1035 2839 1177 2870 Eliensis
1200 2839 1340 2877 incolas,
1361 2841 1400 2868 ut
1420 2837 1510 2868 urbis
1526 2837 1630 2878 ipsius

938 2892 1044 2931 cives,
1068 2889 1176 2921 dictos
1193 2888 1272 2919 olim
1289 2887 1392 2928 Epios
1409 2897 1435 2919 s.
1452 2888 1562 2928 Epeos
1579 2887 1630 2919 fu-
