2174 3424
602 317 800 348 JUS'rlNl
839 319 931 348 [ΑΒ.
966 320 1037 348 xi.
1069 320 1176 350 CAP.
1210 310 1280 350 14.

208 411 219 430 ‘
240 411 386 444 societas
404 410 515 452 fugae’
546 415 599 443 est
624 422 677 453 ap.
704 413 800 444 Suet.
829 412 902 443 Vit.

211 463 370 494 Neronis.
402 461 468 493 Adi
482 460 542 493 inf.
558 470 625 493 x11.
643 465 692 494 ll.
717 462 825 501 Schef.

252 513 270 552 ᾧ
286 516 303 542 5
321 510 500 550 Ingerebat]
529 510 585 541 Ita
601 512 808 552 antiquiores
824 510 902 542 edd.

209 562 319 602 Bong.
345 561 464 592 maluit
487 561 702 600 immergebat:
735 571 833 603 quem
854 566 903 592 ta-

210 620 287 641 men
314 611 479 642 Bernecc.
502 611 557 642 hic
582 616 717 643 secutus
742 621 809 642 non
842 616 905 643 est.

216 661 320 693 Vorst.

253 711 271 751 ς
297 713 317 741 6
338 710 437 749 Asiae,
451 711 519 752 ssa]
553 712 641 743 Saxo
655 721 705 744 IV.
731 722 763 753 p.
784 716 836 745 60.
854 716 906 745 30.

209 760 219 777 ‘
234 760 351 791 Totius
374 761 494 792 Daniae
521 762 699 802 imperium
722 762 907 802 rapturus,'

211 817 247 843 et
260 821 336 843 xiv.
358 822 392 852 p.
409 815 483 843 250.
506 816 558 844 32.
600 815 610 831 ¹
626 813 770 855 Jamque
786 824 906 845 vacan-

212 866 280 893 tem
308 863 430 894 Daniae
460 864 701 903 possessionem
726 874 825 896 nemo
848 870 908 897 aut

210 917 328 954 petere
343 917 403 944 aut
418 922 539 952 rapere
556 914 803 953 praesumebat.’

253 965 269 1004 §
289 967 309 995 8
327 964 532 1005 Recognovz't]
555 965 634 997 Sen.
651 966 716 1005 Ep.
729 968 782 996 83.
826 965 835 981 ‘
851 965 909 1004 Et,

211 1015 303 1056 quod
319 1020 372 1046 est
387 1015 611 1054 utilissimum,
625 1015 713 1046 diem
730 1025 839 1046 meum
857 1025 908 1046 re-

211 1074 410 1106 cognoscam
424 1064 444 1096 :’
481 1069 517 1096 et
537 1067 609 1095 110.
638 1066 647 1082 ‘
673 1066 718 1095 Et
745 1065 811 1095 alia
834 1074 908 1105 quae

213 1124 265 1146 res
281 1125 358 1146 suas
374 1124 620 1155 recognoscens
637 1115 756 1146 summi
777 1114 910 1155 imperii

211 1165 349 1197 fortuna
367 1165 573 1206 protulerat!
599 1166 698 1197 Gron.

256 1215 274 1256 ξ
298 1217 318 1246 9
345 1215 384 1246 Ιη
405 1215 479 1245 arbe
500 1214 617 1254 clausa]
662 1216 755 1255 Lego
771 1215 853 1247 Susa
867 1225 910 1246 ex

213 1265 317 1297 Diod.
328 1266 435 1306 princ.
450 1265 648 1305 posterioris
662 1266 770 1306 partis
782 1267 804 1296 l.
818 1275 911 1297 xvn.

215 1315 272 1346 ubi
305 1316 459 1355 agnoscit
482 1315 583 1347 eund.
615 1316 769 1356 pecuniae
796 1325 912 1347 nume-

214 1377 301 1400 rum.
323 1368 429 1407 Bong.

259 1418 352 1457 Susa]
386 1418 455 1448 Pro
471 1418 583 1457 clausa,
599 1417 686 1458 quod
703 1427 818 1448 omnes
834 1417 911 1450 edd.

215 1467 354 1505 habent,
390 1468 440 1498 ita
475 1468 608 1508 legend.
645 1468 831 1498 hariolatus
860 1472 914 1498 est

216 1517 328 1557 Bong.
345 1517 445 1558 idque
458 1522 600 1557 propter
615 1517 822 1547 evidentiam
839 1527 914 1548 cor-

216 1567 375 1597 rectionis
399 1567 432 1596 in
460 1571 590 1597 textum
613 1566 746 1605 admisi,
769 1567 914 1598 maxime

218 1616 453 1647 subscribente
478 1616 597 1647 Curtio
618 1626 653 1648 v.
669 1619 699 1647 2.
722 1619 774 1648 13.
819 1617 913 1648 Plut.

217 1666 318 1697 Alex.
330 1669 382 1698 66.
395 1671 429 1697 et
442 1666 546 1697 Diod.
561 1669 714 1697 xvn.65.
736 1666 916 1698 Berneccer.

219 1717 304 1756 Leg.
341 1716 440 1747 Susis.
474 1716 632 1756 Propert.
677 1716 686 1733 ‘
704 1717 781 1747 Non
805 1721 855 1747 tot
871 1717 916 1748 A-

219 1766 411 1797 chaemeniis
441 1771 612 1796 armantur
641 1766 727 1797 Susa.
757 1767 914 1807 sagittis!

222 1816 356 1847 Gronov.
399 1816 492 1848 Junt.
527 1817 624 1848 Susis.
660 1817 812 1856 Optime.
858 1817 916 1848 Sic

219 1867 308 1897 enim
335 1868 491 1898 meliores
521 1868 703 1908 scriptores
731 1867 845 1899 Graeci
881 1872 917 1899 et

219 1916 343 1947 Latini.
384 1917 490 1947 Graev.

264 1965 304 1996 In
319 1966 393 1996 arbe
401 1966 511 1996 deiude
526 1965 620 2006 Susa]
633 1965 714 2006 Huj.
727 1965 793 1997 loci
805 1975 919 1996 emen-

220 2015 312 2047 datio
342 2021 517 2047 auctorem
547 2015 598 2046 sui
626 2015 726 2046 habet
751 2015 917 2046 illustrem

218 2067 312 2097 illum
325 2066 572 2106 Bongarsium;
596 2075 670 2096 nam
684 2066 716 2096 in
730 2066 813 2096 Mss.
826 2066 918 2107 lege-

217 2116 317 2148 batur
333 2118 424 2148 clasa.
464 2116 627 2147 Pessime.
665 2116 704 2147 In
717 2116 769 2148 ed.
783 2116 918 2156 quidem

220 2166 318 2199 Junt.
347 2176 411 2208 qna
448 2175 527 2196 usus
565 2170 618 2196 est
650 2175 796 2196 summus
824 2175 919 2196 meus

219 2216 332 2247 Graev.
363 2221 481 2256 aperte
507 2215 633 2255 legitur
659 2215 759 2251 Susis,
788 2215 861 2255 sed,
883 2220 920 2246 ut

220 2265 352 2306 opinor,
382 2266 423 2296 ab
451 2266 564 2306 aliquo
598 2265 832 2305 emendatore,
863 2265 920 2306 qui

219 2317 377 2349 crederet
404 2327 468 2348 non
493 2326 592 2357 posse
616 2317 682 2348 dici
706 2317 799 2356 Susa,
823 2317 921 2357 Susoe,

219 2376 296 2397 cum
312 2376 353 2397 cx
371 2367 495 2398 Graeca
517 2365 699 2398 inflexione
718 2366 809 2406 Susa,
826 2367 921 2397 Saso-

219 2426 301 2456 rum,
314 2416 447 2447 dicend.
463 2420 562 2447 esset.
608 2417 675 2447 Sed
688 2417 751 2448 hoc
763 2417 843 2447 nihil
857 2421 922 2456 est,

221 2475 299 2497 cum
329 2465 596 2507 frequentissimi
631 2466 700 2497 sint
728 2466 921 2506 hujusmodi

220 2516 448 2556 metaplasmi,
479 2520 518 2546 nt
551 2526 570 2546 a
598 2515 838 2547 Grammaticis
873 2516 921 2546 di-

222 2569 356 2596 cuntur.
402 2566 524 2605 Igitur,
548 2565 642 2605 Susa,
669 2565 782 2602 Susae,·
806 2566 921 2596 Hiero-

222 2616 351 2655 solyma,
402 2616 648 2656 Hierosolymoe;
693 2616 923 2656 Hierosolyma,

223 2664 518 2706 Hierosolymorum,
545 2670 581 2696 ut
606 2666 742 2705 IlIegara
768 2666 922 2705 Megaroe,

225 2715 441 2754 quantumvis
472 2715 588 2746 Graeci
620 2715 750 2754 dicant,
773 2716 923 2754 Megara,

225 2763 388 2802 Megaran.
422 2764 544 2796 Faber.
599 2764 820 2806 Antiquiores
845 2764 923 2796 edd.

227 2811 259 2841 in
274 2812 345 2843 urbe
371 2813 483 2844 clausa.
527 2813 594 2844 Sed
616 2815 725 2856 Bong.
749 2824 792 2845 ex
818 2813 921 2844 Diod.

229 2870 320 2893 xvlr.
361 2864 509 2903 conjecit
542 2864 678 2904 legend.
716 2875 788 2897 esse
820 2864 923 2896 Susa.-

313 2916 425 2956 Daph.
437 2919 467 2947 ct
488 2916 562 2948 Var.
576 2917 660 2948 Clas.

890 2916 1010 2949 «Iustin-

1563 307 1646 349 801

951 412 1042 453 quod
1068 414 1234 445 Bernecc.
1255 413 1378 444 deinde
1393 414 1427 444 in
1444 417 1574 445 textum
1597 422 1650 444 re-

952 462 1056 501 cepit.
1101 462 1170 493 Sed
1186 463 1313 493 rectius
1328 462 1481 501 fecisset,
1495 463 1521 493 si
1546 463 1647 503 plane

953 511 1044 542 Susis
1059 512 1263 552 scripsisset,
1277 517 1315 543 ut
1331 512 1506 544 manifeste
1529 513 1563 543 in
1580 517 1650 544 vet.

954 561 1006 592 ed.
1031 562 1127 594 Junt.
1156 572 1230 592 esse
1261 567 1405 594 testatur
1436 563 1551 594 Graev.
1595 563 1651 594 Sic

954 612 1042 642 enim
1060 612 1244 652 scriptores
1271 622 1405 654 quoque
1427 613 1482 644 alii
1508 614 1650 654 loquun-

955 666 1022 693 tur.
1051 661 1152 693 Vorst.

999 712 1217 750 Quadraginta
1242 712 1341 743 millia
1367 711 1533 751 talentum]
1561 710 1655 742 Toti-

956 762 1032 793 dem
1048 763 1148 793 Diod.
1167 771 1258 793 xvn.
1280 765 1332 793 66.
1350 767 1385 793 et
1400 762 1495 792 Plut.
1512 764 1565 792 66.
1607 760 1654 792 At

957 812 1052 844 Curt.
1071 822 1104 843 v.
1121 815 1151 844 2.
1177 815 1227 843 18.
1244 816 1280 842 et
1295 811 1429 842 Arrian.
1447 820 1506 842 111.
1537 811 1546 827 ‘
1561 810 1656 851 quin-

956 861 1118 902 quaginta
1133 861 1237 891 millia
1249 860 1257 874 '
1274 861 1409 891 habent.
1434 861 1569 891 Bernec.

999 913 1013 952 ᾗ
1038 915 1077 942 10
1104 912 1284 952 Persepolin
1306 915 1397 951 caput
1414 910 1534 941 Persici
1548 910 1653 950 regni]

958 961 1013 992 Ita
1027 966 1061 992 et
1076 962 1278 1001 Stephanus.
1324 960 1482 992 Straboni
1496 969 1557 991 xv.
1579 964 1657 1000 Περ-

959 1011 1110 1043 crabrones.
1139 1011 1177 1049 ἧν
1204 1011 1236 1042 δὲ
1264 1011 1284 1049 ἦ
1310 1013 1516 1052 Περσαίπολις
1540 1009 1658 1048 ἔχουσα

958 1062 1104 1098 βασίλεια
1118 1063 1263 1102 ἐκπρεπῆ,
1285 1061 1335 1092 καὶ
1348 1060 1486 1100 μάλιστα
1505 1061 1547 1101 τῇ
1565 1065 1659 1090 πολυ-

958 1113 1064 1154 τελείᾳ
1097 1114 1159 1143 τῶν
1195 1112 1345 1151 κειμένων.
1386 1112 1544 1150 BongarS.
1601 1110 1658 1141 Ita

961 1164 1058 1194 Curt.
1086 1172 1134 1194 1v.
1163 1166 1194 1194 5.
1222 1165 1272 1193 13.
1317 1162 1408 1193 Plin.
1439 1171 1490 1192 VI.
1517 1163 1569 1191 26.
1606 1169 1659 1200 pr.

960 1215 969 1231 ‘
989 1213 1217 1254 Metropoliu'
1239 1217 1340 1244 vocat
1364 1211 1468 1243 Diod.
1487 1220 1579 1242 xvu.
1605 1213 1658 1242 70.

962 1264 1094 1295 Bernec.

1005 1313 1234 1353 Refertamqae,
1245 1312 1314 1353 Sym]
1344 1311 1473 1343 Urbem
1488 1312 1575 1342 hanc
1591 1321 1659 1342 om-

962 1364 1054 1395 nium
1080 1364 1140 1394 sub
1165 1364 1234 1394 sole
1258 1362 1458 1393 ditissimam
1484 1361 1663 1402 praedicat,

963 1413 1104 1453 ejusque
1146 1413 1275 1452 regiam
1316 1411 1454 1451 egregie
1498 1411 1663 1441 describit

962 1463 1065 1494 Diod.
1083 1472 1177 1494 xvir.
1192 1465 1246 1493 70.
1272 1466 1307 1494 et
1322 1465 1375 1492 71.
1399 1461 1488 1492 Add.
1513 1461 1608 1492 Curt.
1627 1469 1662 1491 ν.

965 1515 1042 1543 6.5.
1065 1513 1117 1543 Ia.

1008 1564 1025 1603 ξ
1043 1566 1081 1594 11
1102 1561 1298 1602 Octingenti]
1330 1564 1338 1579 ‘
1355 1561 1410 1594 Ad
1429 1565 1572 1602 quatuor
1593 1559 1665 1591 fere

965 1613 1085 1644 millia'
1113 1613 1209 1644 Curt.
1237 1621 1272 1644 v.
1295 1616 1325 1643 5.
1346 1615 1377 1643 8.
1414 1611 1519 1642 fuisse
1545 1609 1663 1641 refert.

967 1663 1085 1694 Nostri
1123 1672 1299 1693 numerum
1342 1660 1521 1693 confirmat
1561 1660 1666 1691 Diod.

967 1721 1058 1744 xvn.
1075 1715 1125 1743 69.
1151 1713 1203 1743 Id.

1008 1762 1197 1802 Admodum]
1215 1762 1260 1792 H.
1273 1771 1300 1792 e.
1313 1759 1569 1802 propemodum,
1581 1758 1666 1794 fere,

966 1811 1111 1843 circiter.
1155 1812 1212 1843 Sic
1239 1820 1330 1842 xvn.
1346 1814 1377 1842 2.
1394 1814 1425 1842 4.
1459 1819 1564 1841 xxu‘.
1586 1812 1616 1840 1.
1635 1812 1669 1840 6.

967 1866 1001 1892 et
1017 1864 1048 1892 7.
1082 1861 1154 1893 Liv.
1181 1870 1288 1892 xxx1.
1315 1864 1365 1891 39.
1395 1863 1445 1891 10.
1484 1865 1492 1877 ‘
1512 1860 1668 1890 Phalanx

967 1911 1088 1941 nullius
1102 1911 1284 1941 admodum
1295 1909 1396 1940 usus!
1440 1910 1485 1940 Et
1496 1918 1601 1940 xmu.
1614 1912 1667 1940 11.

968 1963 999 1992 8.
1035 1962 1044 1977 ‘
1064 1961 1196 1991 Exacto
1211 1960 1391 1990 admodum
1410 1968 1526 1989 mense
1539 1958 1668 1989 Febru-

968 2009 1063 2041 ario.’
1087 2011 1184 2041 Curt.
1200 2019 1252 2041 xv.
1268 2013 1320 2041 12.
1336 2012 1367 2041 8.
1401 2010 1409 2026 ‘
1423 2009 1565 2050 Equites
1577 2009 1669 2039 mille

968 2060 1170 2092 admodum.’
1205 2061 1254 2091 Id.

1015 2111 1079 2146 Qui
1089 2121 1210 2151 paenam
1220 2110 1425 2151 captivitatis,
1439 2109 1507 2149 ζα]
1533 2109 1668 2150 Suppli-

970 2161 1011 2193 cii
1028 2171 1132 2201 genus
1158 2171 1211 2201 ap.
1238 2160 1406 2191 Asiaticos
1430 2159 1603 2199 usitatum,
1627 2160 1669 2190 de

970 2221 1035 2252 quo
1061 2220 1154 2252 saepe
1183 2215 1266 2242 vett.
1288 2210 1454 2241 historici.
1498 2210 1551 2239 Ex
1577 2218 1669 2239 more

970 2267 1039 2292 tam
1069 2261 1217 2292 crudelis
1248 2261 1390 2291 lanienae
1421 2268 1530 2299 nuper
1559 2258 1670 2289 locum

969 2311 1134 2350 insignem
1164 2310 1340 2340 emendavi
1377 2309 1410 2339 iu
1448 2308 1598 2348 Epistola
1627 2308 1669 2338 ad

971 2360 1150 2398 Hebraeos,
1177 2360 1235 2390 ubi
1261 2370 1321 2399 pro
1345 2357 1577 2399 ἐπειράσθησαν,
1599 2358 1620 2388 i.
1638 2367 1670 2389 e.

970 2411 1084 2441 tentati
1105 2410 1209 2450 suere,
1250 2409 1384 2440 ostendi
1421 2408 1555 2448 legend.
1595 2416 1671 2438 esse

972 2459 1179 2500 ἐπηρώθησαν,
1194 2459 1282 2500 quod
1306 2464 1370 2498 est,
1387 2459 1524 2489 mutilati
1540 2461 1568 2488 et
1585 2461 1671 2488 trun-

971 2511 1140 2549 catifuere.
1184 2510 1252 2541 Sed
1266 2509 1351 2540 liber
1364 2512 1489 2539 exstat.
1520 2507 1633 2538 Faber.

1017 2562 1172 2592 Truncata
1182 2559 1318 2600 corporis
1331 2558 1436 2598 parte]
1480 2557 1535 2588 Ita
1548 2562 1583 2587 ut
1596 2557 1671 2587 aliis

971 2624 1104 2653 manns,
1120 2614 1192 2644 aliis
1205 2611 1324 2653 pedeS,
1337 2610 1504 2641 nonnullis
1521 2619 1618 2640 aures
1636 2616 1672 2642 et

972 2674 1071 2695 nares
1096 2667 1273 2703 amputata
1289 2665 1416 2699 essent,
1437 2660 1546 2701 inquit
1570 2660 1671 2692 Diod.

974 2723 1067 2746 xvu.
1084 2716 1136 2744 69.
1167 2712 1257 2743 Add.
1285 2712 1381 2742 Curt.
1408 2719 1441 2741 v.
1466 2714 1496 2741 5.
1520 2714 1551 2742 9.
1596 2711 1675 2740 Fre-

973 2773 1078 2805 quens
1116 2762 1232 2794 Persis
1269 2761 1332 2791 hoc
1374 2759 1477 2791 fuisse
1514 2760 1673 2800 supplicii

975 2823 1093 2852 genus,
1121 2816 1217 2853 patet
1241 2820 1283 2841 ex
1310 2811 1388 2842 Sen.
1414 2809 1457 2840 de
1480 2810 1538 2841 Ira
1560 2819 1602 2841 11.
1620 2814 1677 2842 20.

973 2864 1057 2894 Tac.
1074 2861 1116 2895 A.
1135 2870 1199 2894 ΧΗ.
1217 2864 1267 2893 14.
1283 2863 1314 2893 S.
1337 2862 1434 2892 Curt.
1450 2868 1505 2891 111.
1523 2862 1553 2890 8.
1570 2862 1621 2891 26.
1638 2864 1673 2891 et

1515 2915 1587 2945 3ss
