2101 3419
385 336 470 377 880

387 440 501 470 bimum
512 439 682 478 admodum,
693 441 730 470 ut
743 439 905 478 parvulum
917 448 959 470 ex
971 438 1084 479 glossa

388 491 443 521 sit.
465 490 625 529 Bongars.
670 489 742 529 Ego
763 490 928 529 parvulum
952 498 1021 520 non
1043 489 1083 520 li-

386 540 510 572 benter
524 539 662 580 abjicio,
677 539 860 570 dictionem
873 538 1018 571 Auctori
1033 538 1083 570 fa-

387 589 564 629 miliarem,
587 594 625 620 ut
647 598 756 621 xvnr.
771 592 802 620 3.
819 593 848 621 1.
863 591 927 621 &c.
972 589 1083 630 Magis

386 639 494 680 probo
520 639 673 670 Freinsh.
698 649 760 680 pro
775 639 878 670 vivum
894 639 1083 671 rescriben-

386 695 455 721 tem
481 700 580 722 suum.
603 691 749 722 Bernec.
802 691 868 722 Ms.
895 701 1001 722 unum.
1041 690 1080 722 F.

383 740 518 770 unicum.
563 740 684 771 Nullos
700 749 843 781 namque
862 739 948 770 filios
964 739 1082 771 habuit

384 790 552 831 AEacides,
567 795 695 831 praeter
712 791 892 832 Pyrrhum.
913 790 1000 821 Voss.
1022 789 1080 821 Vi-

384 840 436 871 dit
461 841 572 881 Bong.
601 839 736 880 legend.
768 839 880 871 bimum
907 840 1080 870 admodum.

384 890 432 921 Et
456 895 548 920 recte
572 889 698 921 vidisse
722 889 832 921 virum
855 889 1080 920 excellentem

383 939 443 970 illa
472 940 696 979 praestantiss.
730 939 784 972 ed.
825 938 1015 978 confirmat,
1046 938 1081 968 in

385 998 451 1029 qua
475 989 536 1028 sic,
565 994 604 1021 ut
628 989 687 1021 ille
717 990 924 1031 conjecerat,
944 988 1081 1028 legitur.

384 1039 512 1070 Bimum
526 1040 686 1070 admodum
701 1044 767 1080 est,
785 1039 937 1079 circiter,
952 1042 1081 1078 praeter

383 1092 526 1129 propter
541 1088 665 1119 bimum
679 1099 687 1119 :
712 1088 746 1119 in
761 1089 824 1119 hac
837 1088 925 1119 enim
941 1086 1080 1118 notione

382 1147 474 1178 saepe
499 1138 642 1178 legitur:
673 1148 751 1178 cap.
783 1147 888 1178 praec.
919 1136 990 1176 huj.
1020 1135 1079 1167 lib.

380 1189 390 1204 ‘
408 1189 491 1219 Post
507 1198 638 1219 menses
656 1187 836 1220 admodum
852 1188 1007 1228 septem.'
1034 1186 1081 1216 Et

381 1237 439 1269 lib.
456 1247 508 1270 xx.
532 1239 542 1255 ‘
560 1238 657 1269 Inter
671 1239 744 1270 haec
763 1237 952 1277 octingenti
968 1235 1081 1266 admo-

382 1289 462 1319 dum
478 1288 594 1320 Graeci
610 1288 818 1320 occurrunt.’
842 1288 938 1318 Curt.
951 1287 961 1304 ‘
976 1286 1078 1327 Equi-

381 1344 431 1370 tes
458 1339 550 1370 mille
581 1339 784 1370 admodum!
841 1339 909 1370 Pro
939 1347 1005 1378 quo
1043 1341 1080 1368 et

382 1389 463 1420 alibi
483 1390 492 1406 ‘
514 1389 627 1430 quasi’
651 1389 767 1429 ponit;
792 1392 830 1419 ut
855 1388 969 1419 Graeci
995 1386 1078 1419 ὡσεί.

384 1440 491 1471 Groev.
528 1439 642 1470 Antea
657 1439 836 1479 legebatur
850 1439 964 1479 vivum,
977 1438 1079 1469 male.

380 1490 446 1519 Sed
477 1491 511 1519 in
541 1488 697 1529 quibusd.
729 1488 828 1529 impr.
862 1492 941 1519 ante
970 1489 1079 1528 Bong.

380 1539 544 1578 scriptum
575 1538 689 1569 fuerat
718 1537 842 1578 bimum,
878 1537 969 1579 quod
1003 1538 1078 1578 ipse

379 1589 548 1629 probavit.
594 1589 714 1620 Recte.
751 1588 807 1619 Sic
824 1593 937 1620 autem
954 1591 990 1619 et
1005 1588 1077 1619 Liv.

380 1647 442 1670 Lu.
467 1637 508 1668 de
525 1637 591 1668 alio
609 1637 763 1678 principe
787 1638 918 1668 locutus
942 1636 1077 1668 suerat:

380 1698 457 1718 nam
475 1688 509 1718 in
527 1687 618 1727 Epit.
643 1688 731 1718 illius
758 1687 884 1727 legitur
905 1688 914 1704 ‘
929 1688 1015 1719 Filio
1031 1688 1079 1718 bi-

380 1738 470 1768 mulo
501 1736 680 1767 admodum
710 1746 850 1777 regnum
878 1736 1078 1769 asserebat!

380 1787 495 1828 Atque
512 1788 560 1818 ita
577 1786 661 1817 illud
681 1788 845 1827 parvulum
871 1787 996 1818 mutari
1023 1787 1079 1817 de-

381 1838 438 1868 bet
462 1839 494 1869 in
519 1838 691 1876 puerulum,
714 1840 772 1868 aut
794 1836 928 1867 omnino
945 1836 1078 1867 delend.

379 1892 441 1918 est.
486 1887 585 1926 Nam,
618 1887 646 1917 si
676 1886 774 1917 bimus
798 1888 960 1917 admodum
989 1891 1078 1926 erat,

376 1937 538 1978 parvulum
568 1935 694 1967 addere
720 1936 767 1966 nil
795 1935 977 1976 quidquam
1000 1936 1078 1967 atti·

380 1991 450 2016 net.
476 1985 554 2017 Fab.

421 2035 579 2075 Pyrrhum
594 2033 707 2064 bimum
722 2034 883 2064 admodum
898 2032 1076 2074 parvulum]

379 2086 487 2125 Bong.
515 2090 551 2116 et
574 2090 710 2116 secutus
734 2093 809 2115 eum
836 2085 981 2115 Bernec.
1009 2083 1078 2114 edi-

379 2135 461 2166 dere
491 2135 650 2175 Pyrrhum
679 2135 793 2165 vivum.
849 2134 916 2165 Sed
946 2133 1076 2165 fatetur

379 2191 490 2216 tamen
504 2187 611 2225 Bong.
629 2194 664 2216 se
676 2185 776 2215 malle
793 2184 907 2224 legere
919 2184 1077 2224 Pyrrhum

378 2236 491 2266 bimum
501 2236 661 2265 admodum
671 2245 680 2270 ,¹
692 2239 728 2265 ut
741 2235 903 2273 port-ulum
915 2243 956 2264 ex
966 2234 1078 2273 glossa

377 2285 432 2316 sit.
476 2284 604 2317 Quidni
632 2293 713 2323 ergo
728 2283 766 2314 τὸ
782 2284 896 2313 bimum
923 2283 1076 2319 retinuit,

377 2344 453 2366 cum
466 2335 497 2365 in
511 2333 755 2375 antiquioribus
767 2333 856 2373 typis
868 2342 963 2372 expr.
976 2332 1075 2364 Junt.

376 2384 521 2415 Bechar.
544 2388 580 2414 et
602 2383 675 2414 aliis
700 2382 734 2413 id
756 2382 948 2422 reperiret?
992 2380 1076 2420 Alii,

376 2443 452 2464 cum
477 2437 513 2463 et
535 2432 616 2473 ipsis
637 2431 674 2461 τὸ
696 2431 799 2462 vivum
820 2440 885 2461 non
909 2431 1075 2471 placeret,

376 2483 465 2514 aliud
484 2492 545 2523 pro
561 2492 602 2513 eo
618 2482 753 2522 legend.
770 2481 1013 2521 conjecerunt:
1039 2486 1075 2513 et

375 2534 473 2564 Voss.
504 2533 641 2573 quidem
677 2541 782 2571 uuum,
809 2530 962 2562 Freinsli.
993 2540 1074 2562 vero

375 2593 474 2614 suum.
530 2582 621 2613 Illud
645 2583 818 2622 parvulum,
847 2580 935 2621 quod
965 2581 1074 2621 Bong.

374 2635 585 2672 expunctum
599 2632 869 2671 volebat‚abesse
882 2632 936 2662 vix
951 2636 1075 2671 potest.

375 2683 421 2713 Et
438 2682 585 2723 loquitur
600 2683 650 2713 ita
667 2682 796 2713 Noster
815 2690 925 2712 xvnl.
942 2684 972 2713 3.
991 2684 1020 2713 1.
1037 2686 1074 2713 et

374 2735 405 2764 4.
419 2735 452 2765 4,
496 2732 572 2764 Erit
589 2737 702 2763 autem
723 2730 760 2762 τὸ
782 2732 941 2762 admodum
962 2741 1075 2771 parvu-

374 2783 436 2813 lum
472 2783 528 2813 τοῦ
564 2782 680 2813 bimum
715 2780 859 2822 ἐξήγησις
898 2781 1072 2823 quaedam;

375 2833 468 2872 quasi
493 2833 636 2872 diceret,
660 2833 669 2850 ‘
688 2833 824 2872 bimum,
850 2833 871 2863 i.
899 2842 929 2864 e.
959 2832 1072 2864 admo-

375 2884 454 2915 dum
472 2884 671 2925 parvulum.'
701 2884 803 2917 Vorst.
850 2884 996 2916 Omnino
1024 2884 1071 2915 le-

838 344 979 374 NOTAE
1012 343 1276 375 VARIORUM
1311 345 1361 375 IN

1133 439 1233 479 gend.
1248 439 1361 471 bimum
1375 440 1546 480 admodum,
1561 442 1733 480 expuncto
1751 449 1827 480 par-

1131 491 1257 526 vulum;
1279 496 1314 521 et
1328 491 1491 522 admodum
1507 500 1580 531 pro,
1603 489 1752 530 circiter,
1775 499 1829 521 ac·

1132 538 1339 579 cipiendum.
1384 540 1473 571 Nam
1496 540 1657 571 admodum
1680 541 1828 580 parvulus

1131 598 1199 620 non
1212 593 1325 629 potest
1335 589 1447 630 jungi,
1462 591 1521 621 sed
1531 591 1691 621 admodum
1698 599 1827 630 parvus,

1132 638 1219 669 sicut
1235 638 1360 670 dicitur
1374 639 1384 656 ‘
1399 639 1577 671 admodum
1594 639 1702 680 puer!
1719 638 1826 677 Schef.

1174 689 1191 729 ς
1210 691 1250 719 18
1271 688 1468 729 Subtractus]
1490 689 1545 720 Ab
1560 689 1770 720 Androclide
1791 692 1828 719 et

1130 737 1274 779 Angelo.
1304 739 1397 770 Plut.
1414 739 1447 769 iu
1461 739 1592 780 Pyrrho
1608 742 1640 771 2.
1662 739 1760 770 Rern.

1174 789 1191 829 ξ
1208 791 1249 819 19
1274 788 1406 827 Glauci]
1429 788 1581 819 Γλαυκίαν
1601 789 1695 822 Plut.
1711 792 1822 820 vocat.

1130 838 1288 877 Bongars.
1332 837 1404 869 Alii
1432 839 1511 869 libri
1539 838 1700 875 Glaucioe,·
1723 847 1825 878 quam

1130 888 1331 927 scripturam
1351 887 1464 919 firmat
1489 888 1581 919 Plut.
1597 888 1631 918 in
1647 888 1779 928 Pyrrho
1794 890 1826 919 4.

1130 937 1219 968 Mod.
1265 938 1405 968 Glaucia>
1419 937 1549 978 pridem
1566 938 1610 969 G.
1625 937 1740 976 Major
1755 936 1827 968 edi-

1130 986 1194 1025 dit,
1215 990 1250 1017 et
1270 985 1385 1018 firmat
1408 997 1483 1018 eam
1506 988 1707 1028 scripturam
1731 987 1826 1018 Plut.

1130 1036 1164 1067 in
1178 1036 1310 1076 Pyrrho
1322 1040 1353 1068 4.
1371 1043 1405 1068 et
1418 1037 1518 1069 Diod.
1533 1046 1612 1069 X1x.
1624 1039 1676 1068 80.
1693 1036 1826 1069 Bernec.

1130 1086 1281 1126 Legend.
1299 1087 1446 1126 omnino,
1471 1091 1509 1118 ut
1530 1087 1626 1119 Junt.
1643 1091 1679 1117 et
1694 1086 1737 1118 G.
1752 1086 1828 1117 Ma-

1123 1135 1209 1177 joris
1237 1136 1316 1167 edd.
1348 1136 1487 1176 habent,
1523 1137 1675 1177 Glaucioe,
1706 1135 1827 1167 confir-

1129 1189 1243 1217 mante
1272 1185 1367 1218 Plut.
1425 1187 1510 1218 Post
1538 1186 1634 1219 Junt.
1670 1195 1764 1227 usque
1791 1185 1826 1216 in

1129 1236 1268 1267 adultam
1295 1240 1431 1269 oetatem.
1468 1237 1584 1269 Graev.
1641 1237 1753 1278 Bong.
1789 1240 1827 1268 et

1129 1285 1294 1317 Bernecc.
1315 1285 1452 1316 edidere
1470 1286 1595 1318 Glauci.
1638 1286 1707 1318 Sed
1730 1289 1827 1318 nota-

1127 1340 1207 1366 runt
1232 1340 1345 1367 tamen
1370 1336 1540 1377 Majorem
1562 1335 1709 1368 edidisse
1723 1336 1825 1367 Glau-

1127 1385 1196 1416 cioe.
1219 1386 1302 1416 Vor.

1173 1436 1252 1471 Quoe
1276 1439 1305 1467 et
1329 1435 1398 1476 ipsa
1417 1445 1513 1476 genus
1530 1436 1728 1467 AEacz'darum
1743 1437 1826 1478 erat]

1128 1486 1169 1517 In
1193 1487 1258 1518 Ms.
1277 1496 1385 1526 genus,
1421 1485 1519 1519 Quod
1537 1485 1826 1527 elegantissimum

1130 1539 1194 1573 est,
1228 1540 1264 1567 et
1293 1536 1414 1567 Vossio
1438 1536 1578 1576 arridet,
1607 1541 1710 1577 atque
1740 1535 1826 1566 adeo

1129 1585 1223 1617 mihi.
1250 1585 1357 1617 Faber.
1412 1586 1454 1616 In
1483 1586 1549 1617 Ms.
1580 1585 1704 1626 legitur
1726 1594 1827 1624 genus

1129 1636 1341 1675 AEacidarum,
1364 1636 1454 1677 quod
1477 1635 1607 1676 ignoro,
1629 1643 1731 1676 quare
1747 1643 1826 1665 con-

1130 1686 1347 1726 tempserint,
1378 1695 1454 1716 cum
1495 1685 1544 1716 sic
1574 1684 1703 1716 Noster
1731 1682 1825 1724 loqui

1128 1736 1235 1766 soleat
1261 1741 1297 1766 et
1321 1735 1418 1766 alibi:
1444 1739 1482 1766 ut
1503 1744 1545 1766 11.
1561 1737 1592 1766 4.
1615 1733 1673 1765 ubi
1689 1733 1732 1764 de
1748 1733 1828 1764 Ori-

1129 1785 1219 1817 thia:
1257 1786 1266 1802 ‘
1292 1785 1464 1816 Auxilium
1494 1784 1618 1815 deinde
1648 1793 1668 1814 a
1695 1783 1824 1823 Sagillo

1128 1845 1207 1876 rege
1234 1836 1383 1876 Scythiae
1409 1834 1515 1875 petit:
1548 1843 1654 1875 genus
1683 1843 1719 1865 se
1741 1834 1825 1874 Scy-

1129 1886 1260 1916 tharum
1278 1894 1350 1916 esse
1365 1884 1538 1916 ostendit.'
1560 1883 1666 1921 Schef.

1171 1935 1187 1975 ξ
1205 1937 1246 1964 20
1268 1934 1386 1965 Addito
1401 1933 1433 1964 in
1448 1933 1616 1973 auxilium]
1644 1932 1760 1963 Malim
1783 1933 1824 1963 ad

1126 1993 1200 2015 aux.
1229 1993 1328 2024 quam
1348 1983 1470 2014 inaux.
1514 1983 1635 2023 Neque
1660 1982 1749 2012 enim
1774 1986 1825 2013 te-

1126 2043 1218 2065 mere
1241 2034 1289 2065 sic
1315 2035 1499 2075 loquuntur
1520 2032 1599 2064 boui
1624 2032 1823 2072 scriptores.

1125 2084 1204 2116 Fab.

1169 2135 1187 2174 ξ
1207 2137 1245 2165 21
1270 2133 1431 2165 Annorum
1455 2132 1611 2174 undecim]
1634 2130 1823 2163 Δυυκαίδεκα

1127 2183 1215 2222 ἐτῶν,
1231 2184 1323 2215 Plut.
1346 2184 1449 2222 Bong.

1173 2234 1274 2273 Usque
1298 2235 1339 2264 ad
1360 2232 1511 2272 adultam]
1534 2232 1614 2264 Mss.
1638 2232 1705 2263 mei
1730 2241 1822 2272 usque

1125 2284 1281 2314 adultum:
1305 2282 1392 2324 quod
1415 2281 1541 2322 probo:
1565 2286 1657 2313 amat
1671 2281 1759 2312 enim
1774 2282 1822 2312 sic

1125 2332 1215 2373 loqui
1230 2333 1318 2365 Just.
1365 2332 1405 2362 In
1423 2331 1507 2362 eisd.
1524 2332 1608 2362 meis
1628 2331 1711 2363 Mss.
1726 2331 1823 2362 deest

1125 2382 1251 2421 dicam,
1293 2392 1334 2412 an
1364 2382 1469 2420 abest,
1501 2382 1535 2413 in
1564 2391 1658 2423 seqq.
1687 2390 1820 2422 quoque

1123 2431 1200 2472 illis,
1221 2435 1256 2462 ut
1279 2432 1461 2463 Tarentinos
1483 2433 1564 2464 solus
1587 2433 1743 2472 adversus,
1767 2432 1820 2471 ἔμ’.

1126 2491 1191 2513 vox
1205 2483 1298 2512 solus.
1324 2482 1417 2514 Mod.

1172 2532 1274 2572 Usque
1293 2531 1447 2571 adultam]
1471 2532 1527 2563 Ita
1549 2532 1634 2563 Mss.
1654 2530 1822 2570 Modiani,

1124 2585 1160 2612 et
1176 2586 1266 2612 amat
1281 2581 1330 2612 sic
1346 2581 1435 2622 loqui
1453 2581 1592 2619 Noster,
1615 2585 1652 2611 ut
1671 2580 1822 2611 ostendit

1122 2631 1155 2661 in
1173 2631 1249 2662 Iud.
1264 2631 1521 2662 Freinshemius.
1566 2630 1660 2662 Editi
1674 2640 1767 2671 usque
1779 2630 1822 2661 ad

1122 2682 1269 2712 adullam.
1294 2681 1437 2712 Bernec.

1167 2732 1183 2771 ξ
1207 2733 1249 2761 22
1272 2730 1455 2770 Tavztusque,
1480 2729 1546 2770 affin]
1579 2729 1669 2760 Saxo
1689 2736 1753 2759 vn.
1783 2737 1818 2769 p.

1122 2783 1195 2812 122.
1211 2782 1263 2811 38.
1285 2780 1295 2797 ‘
1312 2779 1422 2820 Igitur
1440 2779 1528 2821 apud
1541 2780 1689 2810 Sueoncs
1705 2782 1818 2809 tantus

1121 2830 1241 2862 haberi
1267 2830 1382 2871 coepit,
1417 2835 1455 2862 ut
1481 2830 1593 2872 magui
1617 2828 1706 2860 Thor
1728 2827 1816 2860 filius

1121 2882 1395 2915 existimaretur?
