2101 3419
344 375 429 417 908

343 477 438 507 etiam
452 475 554 506 incido
569 479 598 507 et
615 475 730 507 crudeli
750 475 863 507 animo.
907 475 1041 506 Invide-

346 527 428 558 bant
455 526 640 557 Hamilcari
663 527 748 558 hauc
774 526 921 566 laudem,
943 535 1041 567 quam

799 383 941 414 NOTAE
976 383 1240 414 vARloRUM
1274 382 1325 412 IN

1095 484 1137 506 ex
1161 474 1332 515 legatione
1358 478 1427 506 tam
1449 473 1588 515 pulchre
1607 482 1667 514 pro
1684 481 1720 505 re
1735 481 1792 514 pu-

1096 525 1172 557 triae
1189 529 1286 566 gesta
1300 524 1363 556 sibi
1380 529 1572 566 pepererat.
1601 524 1707 556 Groev.

857 805 1077 854 LIBER
1104 805 1294 854 XXII.

395 925 483 957 CAP.
501 935 523 956 1.
555 927 572 966 §
590 929 605 957 1
623 926 825 967 Agathocles]
849 927 930 967 Leg.
947 926 1050 957 Diod.

350 983 429 1007 xix.
455 977 612 1016 Bongars.
656 977 814 1018 Itemque
838 977 957 1017 Polyb.
982 986 1049 1007 xu.

350 1028 380 1056 6.
397 1028 459 1056 &c.
477 1031 513 1057 et
528 1027 619 1058 Suid.
635 1027 732 1067 cujus
755 1028 813 1057 illa
836 1029 952 1066 verba,
967 1026 1003 1057 Τί
1025 1026 1049 1057 δ’

349 1075 405 1106 οὐκ
421 1076 482 1115 ἐγὼ
505 1075 563 1115 σε’;
588 1076 621 1107 τί
642 1078 667 1108 δ’
691 1078 745 1108 οὐκ
770 1077 822 1117 ἐμὲ
838 1077 897 1116 σύ;
914 1087 981 1108 uon
998 1082 1051 1108 est

352 1131 527 1157 assecutus
551 1127 732 1168 interpres.
777 1129 865 1158 Nam
883 1129 944 1158 boc
961 1127 1050 1158 haud

353 1175 454 1207 dubie
487 1177 549 1207 sibi
572 1179 703 1217 volunt,
728 1178 817 1219 quod
835 1178 901 1208 ista
917 1178 1051 1208 Cicero-

353 1227 416 1267 nis,
440 1228 566 1258 Caesari
592 1235 742 1260 mutuum
763 1239 838 1260 cum
863 1229 1053 1260 Nicomede

352 1281 507 1317 stuprum
532 1278 748 1318 objectantis,
774 1288 829 1319 ap.
853 1279 948 1310 Suet.
965 1279 1052 1310 Caes.

353 1329 407 1357 49.
425 1329 457 1357 7.
490 1328 498 1344 ‘
518 1327 644 1358 Notum
662 1334 727 1368 est,
752 1334 787 1360 et
807 1329 888 1369 qnid
905 1329 960 1360 ille
979 1329 1052 1369 tibi,

356 1381 392 1407 et
409 1377 488 1418 quid
506 1377 552 1408 illi
571 1383 606 1408 tu
625 1378 784 1410 dederis!
813 1380 913 1410 Bern.

398 1428 415 1467 ᾧ
439 1430 458 1458 2
484 1427 604 1468 Quippe
620 1429 653 1459 in
667 1429 775 1460 Sicilia
787 1429 986 1470 pntrefigulo
1001 1440 1054 1460 na-

354 1478 419 1517 tus]
444 1478 534 1508 Plut.
553 1478 687 1519 Apoph.
705 1482 758 1510 26.
772 1480 930 1519 Bongars.
963 1480 1055 1510 Hinc

354 1528 492 1568 elegans
515 1528 598 1559 illud
622 1529 763 1560 Ausonii
787 1529 920 1562 doctiss.
944 1529 1056 1570 poe'tae

356 1579 475 1618 Epigr.
506 1588 586 1609 vnr.
611 1580 706 1619 cujus
730 1581 853 1610 lemma
876 1585 942 1620 est,
968 1580 1058 1610 ‘Ex-

355 1628 504 1659 hortatio
530 1628 572 1660 ad
598 1630 820 1669 modestiam,’
848 1631 897 1661 his
918 1630 1053 1662 verbis:

356 1679 484 1709 ‘Fama
514 1684 565 1710 est
591 1679 751 1711 fictilibus
789 1691 939 1712 coenasse
966 1681 1056 1722 Aga-

357 1729 492 1760 thoclea
514 1740 639 1770 regem,
654 1731 770 1772 Atque
787 1732 927 1763 abacum
945 1733 1056 1764 Samio

359 1789 449 1820 soepe
466 1790 624 1811 onerasse
638 1781 728 1812 luto:
755 1782 898 1812 Fcrcula
911 1792 1057 1822 gemma-

359 1831 402 1861 tis
436 1840 512 1862 cum
548 1836 690 1871 poneret
718 1832 852 1862 horrida
879 1833 987 1870 vasis;
1014 1833 1059 1863 Et

359 1880 521 1911 misceret
548 1891 630 1921 opes
657 1883 919 1923 pauperiemque
937 1883 1056 1913 simul:

361 1932 538 1963 Quaerenti
568 1941 716 1970 causam,
755 1932 943 1971 respondit,
985 1933 1060 1962 Rex

362 1990 427 2021 ego
443 1982 498 2022 qui
511 1992 581 2012 sum
596 1983 752 2021 Sicaniae,
764 1981 865 2022 figulo
883 1993 953 2012 suin
969 1982 1061 2022 geni-

364 2036 438 2062 tore
476 2038 582 2064 satus.
642 2033 825 2064 Fortun-im
863 2038 1062 2063 reverenter

363 2081 464 2120 habe,
496 2083 697 2123 quicumque
724 2088 868 2123 repente
896 2083 1002 2114 Dives
1019 2083 1062 2114 ab

365 2132 446 2163 exili
461 2132 677 2172 progrediere
694 2132 788 2164 loco!
813 2133 903 2164 Mod.

409 2183 426 2221 §
450 2184 468 2212 3
494 2182 623 2222 Forma]
644 2181 705 2219 Τήν
717 2194 753 2213 τε
773 2181 838 2222 ὄψιν
852 2181 999 2223 εὐπρεπὴς
1014 2181 1065 2212 καὶ

365 2233 403 2263 τὸ
418 2235 505 2272 σῶμα
516 2234 665 2274 εὔρωστος
679 2245 686 2264 2
706 2234 804 2264 Diod.
818 2242 895 2264 xrx.
909 2237 940 2264 2.
958 2234 1062 2272 Bong.

413 2285 580 2326 Exhibuit]
615 2285 692 2316 vid.
712 2285 820 2316 Notas
843 2285 884 2315 ad
908 2293 956 2315 rx.
980 2288 1011 2315 2.
1036 2287 1066 2316 7.

368 2340 403 2366 et
433 2345 484 2366 xr.
513 2338 562 2366 10.
586 2339 617 2367 9.
654 2337 837 2367 Berneccer.
884 2344 936 2366 xx.
963 2338 1013 2366 10.
1035 2337 1067 2370 9,

368 2386 377 2401 ‘
391 2385 516 2416 Misere
540 2386 643 2416 vitam
667 2385 850 2416 exhibere!
896 2386 941 2416 Et
955 2386 964 2403 ‘
980 2386 1070 2417 exbi-

368 2435 467 2466 bere'
501 2435 546 2467 id.
573 2436 675 2477 quod,
692 2441 894 2475 sustentare,
910 2436 1068 2468 tolerare.

372 2487 505 2517 Dicunt
531 2492 567 2517 et
595 2487 779 2517 ‘exhibere
804 2486 967 2526 aliquem'
996 2496 1069 2526 pro,

372 2537 477 2575 alere,
495 2541 699 2568 sustentare.
744 2536 824 2568 Vid.
843 2537 951 2568 Notas
965 2538 1006 2568 ad
1019 2546 1070 2569 ix.

371 2589 403 2617 2.
418 2588 449 2616 7.
480 2585 551 2617 Vor.

416 2640 433 2679 ᾧ
457 2642 477 2669 6
508 2639 714 2680 Adscitnsque
744 2640 776 2670 in
804 2638 977 2679 civitatem]
1015 2638 1072 2670 Ita

373 2690 439 2729 leg.
457 2698 517 2728 pro
533 2690 620 2729 vulg.
637 2690 765 2720 accitus.
802 2691 874 2721 Liv.
892 2698 1000 2721 xxm.
1017 2693 1070 2721 51.

373 2741 523 2771 ‘Vetere
559 2741 670 2781 patria
696 2741 827 2781 relicta,
860 2741 892 2771 in
923 2751 1008 2780 eam,
1038 2741 1071 2771 in

373 2802 472 2834 quam
511 2792 694 2830 redierant,
743 2791 888 2821 noudum
930 2790 1074 2822 adsciti)

373 2844 382 2859 ‘
398 2842 557 2873 Adscitus
574 2842 605 2872 in
623 2840 813 2871 civitatem’
836 2841 969 2872 Graecis
991 2841 1073 2872 dici-

377 2896 432 2923 tur
452 2891 675 2932 δημοποιητόςε
701 2892 754 2923 vel
785 2896 823 2923 ut
847 2902 901 2932 ap.
934 2891 1073 2923 Lucian.

378 2943 450 2974 Bis.
483 2942 606 2974 Aecus.
631 2952 664 2983 p.
691 2943 765 2973 314.
789 2940 831 2973 εἷς
853 2941 889 2973 τὸ
903 2941 1075 2980 μετοικικὸν

1103 927 1268 959 συντελῶν,
1304 926 1439 957 Gronov.
1485 925 1569 959 Quis
1592 924 1684 955 illum
1710 922 1800 954 acci-

1103 977 1154 1008 vit
1170 978 1180 1008 ?
1226 978 1364 1018 Optime
1379 977 1475 1009 Junt.
1491 976 1663 1016 ascitusque
1679 975 1712 1006 in
1725 974 1801 1005 cici-

1103 1030 1211 1067 tatem,
1239 1029 1272 1059 h.
1299 1038 1328 1059 e.
1359 1038 1433 1059 cum
1457 1027 1579 1058 civium
1600 1035 1739 1057 numero
1764 1029 1801 1056 et

1104 1078 1182 1108 albo
1213 1078 1403 1119 adscriptus
1424 1082 1523 1109 esset.
1549 1078 1655 1107 Groev.
1699 1076 1801 1114 Vulg.

1105 1128 1187 1159 lect.
1215 1129 1269 1158 vix
1296 1133 1410 1168 potest
1428 1137 1500 1159 esse
1516 1136 1606 1158 vera.
1650 1125 1686 1156 Is
1713 1125 1802 1155 enim

1105 1178 1115 1196 ‘
1129 1180 1269 1210 accitus‘
1285 1180 1422 1218 dicitur,
1439 1179 1494 1220 qui
1516 1182 1677 1210 evocatus
1693 1182 1747 1208 est
1768 1176 1803 1207 in

1107 1229 1291 1261 civitatem.
1343 1229 1391 1260 At
1429 1230 1529 1270 paulo
1562 1233 1641 1259 ante
1678 1227 1804 1258 dicitur

1108 1279 1357 1311 ‘concessisse’
1387 1289 1439 1318 eo,
1469 1278 1557 1320 quod
1589 1278 1630 1309 ad
1655 1279 1745 1309 ultro
1768 1281 1805 1308 et

1109 1336 1230 1372 sponte
1247 1342 1306 1362 sua
1322 1332 1512 1362 venientem
1530 1330 1692 1371 pertinet.
1736 1327 1805 1360 Sed

1107 1391 1170 1413 nec
1187 1382 1254 1412 ulla
1270 1391 1369 1412 causa
1385 1388 1449 1420 est,
1476 1391 1536 1412 cur
1557 1380 1684 1411 accitus
1710 1378 1806 1410 credi

1109 1433 1230 1472 possit,
1246 1432 1427 1473 quinoque
1449 1441 1517 1462 rem
1544 1439 1656 1471 neque
1681 1429 1807 1460 famam

1111 1482 1230 1513 bonam
1262 1482 1397 1513 habeat.
1441 1482 1557 1514 Quare
1595 1490 1654 1521 pro
1690 1479 1808 1510 accitus

1110 1532 1181 1563 sine
1209 1532 1311 1563 dubio
1332 1532 1445 1563 ascitus
1467 1536 1520 1562 est
1535 1530 1705 1562 scribend.
1722 1530 1811 1561 Asci-

1111 1586 1161 1613 tus
1178 1585 1228 1614 vel
1250 1583 1386 1614 adscitus
1409 1587 1473 1621 est,
1498 1586 1677 1621 assumtus,
1702 1585 1738 1612 et
1761 1581 1810 1611 sic

1111 1633 1189 1664 alibi
1207 1633 1333 1664 Noster
1350 1643 1426 1664 usus
1441 1637 1493 1664 est
1509 1633 1542 1664 h.
1560 1632 1675 1663 verbo.
1725 1631 1811 1663 Haec

1111 1683 1314 1723 scripseram
1328 1683 1418 1720 olim,
1431 1692 1506 1713 cum
1518 1681 1616 1713 video
1630 1682 1710 1713 lect.
1724 1681 1812 1712 hanc

1111 1732 1237 1763 firmari
1263 1743 1324 1773 per
1356 1733 1454 1765 Junt.
1484 1732 1687 1774 probarique
1717 1741 1737 1763 a
1769 1731 1813 1764 cl.

1113 1783 1226 1814 Graev.
1249 1782 1350 1820 Sches.
1396 1784 1464 1813 Pro
1478 1784 1487 1800 ‘
1502 1781 1741 1814 concessisset'
1755 1782 1813 1813 ha·

1115 1833 1173 1864 bet
1189 1834 1198 1850 ‘
1211 1833 1352 1866 necess)
1369 1833 1526 1864 Viucent.
1544 1842 1577 1864 v.
1597 1836 1647 1864 ll.

1156 1885 1172 1924 ξ
1199 1887 1236 1914 11
1271 1883 1425 1923 AEtnoeos]
1459 1884 1527 1915 Ms.
1554 1883 1727 1915 AEthineos.
1770 1883 1812 1914 In

1115 1939 1252 1965 vetusta
1278 1935 1345 1972 ed„
1368 1944 1465 1975 quam
1483 1934 1742 1975 Lugdunensem
1769 1943 1813 1965 ex

1116 1983 1236 2024 insigni
1262 1985 1508 2024 typographico
1540 1985 1705 2024 suspicor,
1735 1984 1815 2014 AEn-

1115 2044 1207 2064 vzoeos.
1253 2034 1342 2066 Quid
1364 2034 1390 2064 si
1420 2034 1551 2072 Euneos,
1575 2039 1634 2064 aut
1657 2034 1816 2065 Ennenses

1117 2084 1230 2123 legas?
1253 2084 1436 2114 Berneccer.
1471 2084 1562 2114 Nihil
1579 2083 1731 2114 mutand.
1748 2082 1818 2114 AEt-

1118 2143 1161 2164 na
1187 2139 1241 2165 est
1266 2134 1427 2174 oppidum
1451 2133 1496 2164 id.
1512 2143 1551 2164 ac
1564 2143 1669 2173 mons,
1684 2133 1738 2164 cui
1755 2132 1816 2163 im-

1119 2185 1275 2224 positum,
1299 2185 1387 2214 unde
1416 2193 1537 2214 nomen
1571 2184 1750 2222 sortitum3
1779 2187 1818 2214 ut

1121 2239 1217 2274 patet
1234 2244 1276 2265 ex
1292 2234 1402 2265 Strab.
1421 2233 1508 2264 Plin.
1523 2233 1671 2264 Prolem.
1684 2238 1718 2264 et
1732 2233 1817 2265 aliis.

1121 2285 1173 2315 Ea
1202 2290 1281 2315 ante
1310 2283 1430 2314 Inessa
1455 2283 1703 2323 appellabatur.
1731 2283 1818 2315 Voss.

1126 2335 1251 2365 Urbem
1268 2334 1400 2365 AEtnam
1417 2333 1459 2364 ab
1479 2333 1628 2364 Hierone
1645 2332 1818 2364 conditam

1125 2389 1241 2415 cantat
1262 2383 1430 2415 Pindarus
1446 2383 1536 2414 circa
1554 2388 1709 2424 tempora
1720 2383 1820 2414 Darii

1124 2435 1346 2477 Hystaspidae
1373 2440 1408 2466 et
1434 2435 1568 2466 Xerxis.
1612 2435 1738 2466 Tamen
1771 2444 1823 2466 re-

1125 2491 1310 2517 stauratam
1327 2490 1457 2516 tantum
1474 2484 1628 2516 arbitror.
1653 2484 1821 2526 Campani

1126 2542 1250 2576 autem,
1265 2537 1306 2567 de
1319 2536 1440 2577 quibus
1452 2544 1530 2566 mox
1543 2535 1711 2574 Justinus‚
1724 2539 1822 2566 erant

1124 2588 1241 2627 Siculi,
1266 2597 1330 2617 non
1345 2586 1434 2616 Itali.
1481 2585 1559 2617 Vid.
1577 2585 1701 2616 librum
1717 2585 1822 2617 admi-

1124 2637 1262 2668 rabilem
1278 2637 1318 2667 P.
1337 2636 1486 2667 Cluverii
1500 2635 1542 2666 de
1552 2636 1681 2667 Sicilia.
1706 2636 1820 2668 Faber.

1125 2688 1265 2717 AElnoeos
1278 2685 1450 2716 scribeud.
1467 2694 1532 2716 non
1550 2686 1739 2724 AEtneos,ut
1754 2686 1824 2717 vul-

1127 2749 1169 2779 go
1193 2739 1324 2770 editur:
1350 2737 1449 2768 AEtna
1469 2747 1536 2768 non
1561 2746 1656 2768 mons
1678 2741 1823 2777 tantum,

1127 2788 1187 2820 sed
1204 2794 1238 2820 et
1253 2788 1414 2829 oppidum
1432 2788 1556 2818 Siciliae
1571 2787 1708 2818 dicitur.
1748 2787 1822 2819 Vor.

1169 2839 1229 2871 Sui
1255 2838 1470 2880 Syracusanis]
1495 2838 1579 2869 Haec
1604 2846 1707 2878 usque
1724 2837 1766 2868 ad
1781 2838 1825 2868 lo-

1126 2900 1194 2922 cum
1211 2889 1331 2921 absunt
1347 2899 1366 2920 a
1379 2889 1474 2920 bonis
1486 2888 1600 2920 libris:
1619 2888 1695 2929 quia
1710 2892 1824 2919 tamen

1127 2941 1197 2973 sine
1214 2940 1252 2972 iis
1268 2949 1386 2972 manca
1402 2943 1493 2971 esset
1508 2939 1631 2980 oratio,
1646 2943 1683 2970 et
1703 2938 1736 2970 in
1757 2947 1823 2970 uno
