2174 3424
457 322 540 364 726

458 426 702 468 equitum,'&c.
729 428 763 456 et
779 434 893 457 xxvxi.
907 428 938 456 9.
963 429 971 442 ‘
988 425 1034 456 Et
1056 426 1153 454 erant

457 476 562 516 major
585 485 661 515 pars
678 475 788 507 Latini
808 475 949 506 nominis
973 474 1152 506 sociorum·

458 525 546 566 que.'
578 525 677 556 Gron.

501 569 622 607 Magna
634 577 703 599 voce
723 566 942 608 Thrasybulus]
961 567 1036 598 Non
1047 566 1153 597 Thra-

457 618 609 658 sybulus,
626 617 684 648 sed
702 617 893 648 Cleocritus
916 615 1006 657 κήρυξ
1018 615 1154 654 μάλιστα

458 667 591 707 ἔμφωνος
610 667 660 698 ὥν.
697 667 787 697 Xen.
805 666 851 696 H.
869 666 930 697 Gr.
948 675 972 696 1.
998 666 1153 704 Bongars.

458 719 534 751 Quo
548 718 569 749 l.
585 717 734 748 refertur
749 717 822 747 haec
839 716 957 746 oratio.
981 716 1080 746 Bern.

501 770 517 809 ᾗ
535 771 553 799 3
569 768 722 799 Admonet
737 766 860 806 deinde]
886 767 969 797 Mss.
983 767 1155 797 Admonens

458 820 490 849 d.
535 819 615 849 Sine
643 816 746 848 dubio
765 817 898 857 legend.
932 817 1106 847 Admonens
1122 817 1153 846 d.

458 868 663 908 cognationis,
685 869 737 906 ᾅτ.
775 876 852 897 nam
881 867 1044 903 Admonet,
1073 868 1154 904 orat,

459 929 525 950 non
543 919 620 949 satis
636 916 813 949 commode
828 917 1010 947 cohaerent.
1035 915 1140 953 Schef.

502 968 666 999 Sacrorum
680 965 897 1005 communium]
922 965 977 996 Ita
993 965 1088 996 Curt.
1103 973 1154 995 lx.

461 1023 510 1051 10.
522 1022 573 1050 28.
597 1019 605 1036 ‘
623 1019 802 1049 Sacrorum
818 1017 1015 1047 societatem
1027 1014 1035 1027 '
1057 1019 1155 1045 vocat

460 1072 551 1102 Plin.
567 1072 695 1111 Paneg.
708 1080 738 1101 c.
755 1072 806 1100 37.
830 1078 881 1109 pr.
894 1069 972 1099 Tac.
989 1076 1029 1098 ιι.
1043 1066 1085 1097 Α.
1101 1069 1154 1096 65.

461 1126 492 1153 5.
516 1122 615 1152 Rern.

506 1171 582 1201 Tum
596 1169 723 1209 vetusti]
739 1169 815 1201 Hoc
825 1172 889 1199 tum
905 1168 1060 1208 ignorant
1073 1165 1157 1196 Mss.

460 1225 496 1252 et
512 1221 647 1252 videtur
662 1224 776 1251 natum
801 1229 843 1250 ex
868 1217 1088 1249 similitudine
1105 1217 1157 1247 lit-

461 1276 622 1309 terarum,
636 1270 669 1301 in
684 1269 751 1301 fine
772 1269 864 1301 vocis
880 1267 1028 1309 praeced.
1053 1265 1159 1304 Schef.

504 1322 542 1353 Si
564 1325 627 1352 tam
645 1321 799 1360 patienter
820 1318 880 1359 ipsi
901 1316 1052 1356 sert-iant]
1075 1317 1158 1347 Mss.

460 1371 593 1412 quidam
609 1371 636 1401 si
651 1374 715 1400 tam
725 1369 903 1400 servitutem
922 1367 1002 1407 pati,
1011 1376 1065 1397 nec
1079 1366 1159 1406 eripi,

461 1422 489 1452 si
513 1421 660 1452 seri-iant.
706 1419 791 1450 Inde
809 1419 931 1458 colligo
948 1418 1027 1448 lect.
1045 1426 1158 1447 veram

462 1471 532 1511 huj.
552 1471 573 1500 1.
593 1479 680 1507 esse,
702 1469 730 1499 si
753 1471 856 1498 tamen
877 1467 1054 1497 servitutem
1075 1466 1159 1506 pati-

461 1525 554 1552 antur
573 1520 646 1560 ipsi,
661 1529 714 1550 nec
730 1519 809 1559 eripi
824 1528 856 1548 se
875 1518 991 1555 sinant,
1010 1518 1160 1556 sert-iant,

460 1573 589 1602 reddant
599 1570 658 1601 sibi
664 1569 813 1610 patriam,
824 1571 877 1599 aut
884 1568 998 1608 patriae
1006 1572 1160 1608 acceptam

460 1622 644 1652 libertatem.
697 1619 856 1658 Vulgatae
893 1627 973 1648 sane
1010 1627 1074 1648 non
1107 1627 1161 1648 co-

462 1673 603 1702 lia‘rent.
662 1669 746 1702 Quis
776 1669 865 1699 enim
901 1677 1015 1709 quaeso
1043 1677 1160 1698 sensus

463 1722 582 1752 horum
605 1719 797 1758 verborum,
813 1719 840 1749 si
856 1722 919 1749 tam
933 1719 1088 1759 patienter
1101 1718 1162 1758 ipsi

464 1773 613 1810 serviant,
650 1771 804 1810 accipiant
841 1768 1035 1801 libertatem?
1093 1770 1162 1801 Cur

465 1824 552 1854 enim
578 1822 799 1862 acciperent?
834 1822 891 1862 qui
921 1821 1067 1852 libenter
1093 1831 1161 1853 ser-

466 1874 571 1911 viunt,
587 1873 776 1903 libertatem
804 1872 989 1911 negligunt,
1011 1876 1162 1902 manent-

467 1934 531 1964 que
544 1924 655 1963 potius
667 1923 699 1953 in
713 1922 894 1960 servitute;
919 1921 1045 1953 frustra
1058 1922 1162 1962 igitur

465 1973 604 2003 libertas
634 1972 684 2002 his
712 1970 864 2002 offertur.
910 1970 957 2001 At
987 1971 1019 2001 in
1047 1976 1162 2002 nostra

465 2022 702 2053 emendatione
718 2021 827 2051 onmia
842 2025 919 2052 sunt
935 2021 1104 2061 elegantia
1126 2025 1162 2052 et

466 2072 672 2112 emphatica,
684 2076 719 2102 et
732 2071 967 2102 convenientia
981 2072 1041 2103 rei.
1085 2072 1161 2103 Nec

467 2125 558 2155 inea
583 2123 729 2154 insolens
745 2122 883 2163 aliquid.
921 2123 1033 2153 Tamen
1054 2122 1161 2163 ipsum

466 2179 528 2205 tam
542 2179 608 2212 est,
621 2173 861 2214 compendiose
875 2173 1038 2213 scriptum
1054 2183 1062 2211 ;
1081 2174 1162 2213 pati-

467 2229 559 2255 antur
593 2228 646 2255 est
679 2233 721 2254 ex
752 2224 922 2264 patienter,
960 2223 1034 2254 iisd.
1067 2233 1162 2264 paene

467 2275 594 2305 literis:
619 2274 722 2305 sinant
748 2274 905 2305 omissum
929 2273 1064 2305 videtur
1091 2279 1163 2305 tan-

470 2335 567 2367 quam
580 2323 783 2365 superflnum
799 2328 939 2364 propter
949 2333 1018 2365 seq.
1029 2324 1163 2356 serviant

470 2387 490 2406 a
505 2375 642 2406 librario
658 2375 805 2414 indocto,
817 2384 890 2405 cum
903 2383 944 2404 ne
956 2374 1079 2406 litterae
1094 2375 1163 2416 qui-

470 2427 546 2457 dem
575 2426 715 2457 multum
747 2424 816 2456 siut
852 2425 1042 2457 dissimiles,
1096 2426 1164 2456 Aut

468 2477 630 2508 absumsit
647 2475 853 2507 antecedens
876 2485 904 2505 m
928 2475 1070 2506 totidem
1086 2485 1164 2507 cou-

469 2533 562 2558 stans
579 2526 683 2557 lineis,
710 2526 832 2557 Patriae
845 2525 877 2556 in
892 2526 1060 2567 plerisque
1079 2526 1163 2558 Mss.

470 2578 646 2618 reperitur.
670 2576 771 2613 Schef.

514 2630 529 2668 ξ
551 2631 569 2659 4
595 2627 669 2666 His,
684 2626 753 2667 Syia]
776 2627 865 2658 Saxo
884 2635 957 2658 xlv.
975 2636 1007 2667 p.
1023 2629 1095 2657 290.
1111 2629 1165 2658 50.

471 2681 480 2695 ‘
496 2678 601 2718 Cujus
613 2677 793 2708 excellenti
807 2677 933 2708 virtute.
948 2682 1077 2708 tantum
1091 2687 1165 2718 pro-

473 2733 599 2760 motum
628 2732 680 2758 est
709 2731 745 2758 ut
769 2727 929 2768 deinceps
950 2728 1084 2767 Sclavi,’
1102 2730 1164 2759 ἃς.

517 2778 702 2809 Snbstitutis
738 2778 853 2818 aecem]
896 2780 903 2794 ‘
937 2778 1167 2815 Praetorilms,’

474 2828 608 2859 Probus
635 2827 668 2858 in
692 2827 854 2868 'l‘ln·asyb.
885 2828 1040 2867 Bongars.
1087 2828 1163 2860 vid.

910 329 1048 360 NOTAE
1081 327 1303 358 VARlORU
1316 326 1346 355 M
1381 326 1431 357 IN

1203 420 1373 452 Maussaci
1391 420 1498 451 Notas
1511 419 1543 451 in
1557 418 1762 459 Harpocrat.
1780 427 1813 459 p.
1825 419 1897 448 153.

1202 473 1302 503 Bern.

1248 522 1311 557 Qui
1334 521 1550 561 rempublicam
1568 519 1724 559 regerent]
1755 518 1798 549 In
1813 518 1898 549 Mss-

1203 576 1256 602 est
1274 572 1324 612 qui
1345 581 1409 602 rem
1433 581 1499 610 reg.
1535 569 1622 610 quod
1643 579 1707 600 non
1729 568 1898 609 displicet,

1202 622 1256 653 vel
1273 626 1467 662 propterea,
1481 621 1560 662 quia
1572 620 1679 651 simile
1692 620 1771 661 quid
1782 629 1899 651 oecur-

1203 671 1300 702 rebat
1323 681 1398 711 sup.
1421 680 1497 711 cap.
1522 672 1554 700 3.
1577 669 1635 700 ubi
1656 669 1724 701 vid.
1745 679 1821 710 quae
1844 678 1900 700 no-

1204 720 1285 752 tavi.
1309 719 1411 757 Schff.

1246 771 1263 810 ς
1289 772 1309 800 6
1333 770 1371 800 In
1388 769 1496 800 bellum
1511 769 1713 800 Athenienses
1734 768 1900 808 exarsisse]
1919 791 1922 794 -

1205 821 1318 859 Longe
1347 820 1484 859 politius
1520 819 1677 850 Britanni
1709 829 1750 850 ex
1784 824 1900 851 vetere

1205 869 1279 900 cod.
1304 870 1373 900 bell.
1400 869 1534 900 Athenis
1563 879 1613 901 ex.
1639 869 1728 910 qnod
1754 869 1899 900 maxime

1205 920 1322 960 probo.
1353 920 1459 952 Graev.
1507 920 1593 951 Bell.
1615 919 1748 951 Athenis
1762 929 1811 950 ex.
1834 928 1901 950 non

1205 969 1374 1010 displicet.
1401 969 1505 1007 Sclief.

1250 1018 1530 1060 Comprimendum]
1552 1019 1561 1036 ‘
1578 1017 1808 1059 Compi-imere
1831 1017 1902 1049 bel-

1206 1070 1298 1109 lum,’
1314 1074 1352 1100 ut
1360 1070 1558 1109 comprimere
1569 1071 1682 1099 motum
1694 1068 1727 1098 in
1740 1067 1903 1108 Inscript.

1206 1119 1389 1151 Plautiano.
1415 1129 1468 1159 ap.
1493 1119 1595 1150 Grut.
1621 1128 1654 1158 p.
1670 1120 1744 1149 453.
1769 1126 1901 1149 ΜοΤυΜ

1205 1178 1400 1201 0R1ENTEM
1433 1176 1689 1200 SARMATAnnm
1723 1176 1904 1199 COMPRES-

1207 1228 1272 1251 si'r.

1252 1268 1438 1309 Pausanias]
1473 1269 1519 1300 Et
1534 1272 1612 1300 ante
1635 1278 1711 1300 eum
1728 1268 1903 1309 Lysander

1208 1330 1284 1352 cum
1294 1322 1346 1350 40.
1362 1319 1512 1350 navibus.
1546 1317 1648 1350 Diod.
1661 1328 1736 1349 xn'.
1749 1321 1801 1350 34.
1835 1318 1902 1350 Hic

1207 1374 1320 1402 autem
1339 1378 1454 1410 pacem
1472 1369 1557 1400 fecit
1578 1378 1645 1399 non
1660 1369 1904 1408 misericordia,

1208 1420 1266 1451 sed
1298 1420 1415 1459 φθονῶν
1439 1416 1609 1458 Λυσάνδρῳ,
1640 1421 1676 1448 et
1705 1419 1820 1457 θεωρῶν
1847 1416 1905 1454 τὴν

1208 1469 1351 1510 Σπάρτην
1366 1469 1538 1508 ἆδοξοῦσαν,
1560 1470 1622 1499 &c.
1658 1467 1736 1498 Vid.
1753 1468 1854 1499 Diod.
1868 1472 1904 1498 et

1211 1521 1298 1552 Xen.
1316 1521 1361 1551 H.
1379 1521 1440 1552 Gr.
1458 1529 1498 1550 n.
1523 1520 1627 1558 Bong.

1252 1573 1269 1612 ᾧ
1287 1574 1306 1602 7
1323 1571 1484 1601 Permotus
1495 1568 1648 1610 patriam]
1692 1568 1807 1600 Probo
1828 1577 1904 1599 con-

1204 1623 1377 1663 jecturam
1395 1620 1488 1652 docti
1510 1620 1583 1659 viri,
1599 1620 1707 1659 Bong.
1727 1623 1822 1659 puto,
1846 1618 1903 1659 qui

1209 1673 1306 1714 legit,
1322 1683 1354 1713 p.
1370 1675 1400 1703 et
1421 1682 1453 1712 p.
1470 1671 1550 1702 item
1567 1680 1644 1702 mox
1673 1670 1816 1701 Eleusina
1831 1670 1905 1701 emi-

1206 1733 1322 1763 grare;
1345 1723 1502 1763 quoniam
1525 1722 1556 1752 in
1577 1721 1644 1751 Ms.
1673 1725 1725 1752 est
1749 1731 1781 1762 p.
1802 1723 1848 1752 set
1870 1730 1903 1761 p.

1210 1774 1292 1804 item
1312 1772 1468 1803 Eleusinoe
1482 1782 1540 1803 em.
1561 1770 1671 1803 Schef.

1253 1825 1270 1864 ξ
1287 1827 1307 1854 9
1323 1823 1388 1854 Per
1403 1822 1531 1852 insidias
1541 1820 1760 1861 comprehensi]
1781 1821 1906 1852 Manca

1211 1877 1261 1904 est
1285 1872 1415 1910 orati03
1439 1871 1573 1912 legend.
1598 1874 1628 1902 et
1645 1881 1702 1911 per
1723 1871 1784 1902 ins.
1808 1881 1903 1912 comp.

1209 1925 1261 1964 ⁸50·
1286 1922 1366 1952 Fal).

1253 1974 1269 2013 ς
1287 1975 1325 2003 10
1342 1970 1559 2010 Tantum].An
1575 1970 1599 2002 f.
1616 1971 1738 2002 tandem
1750 1970 1906 2011 legend?

1213 2022 1355 2054 Freinsh.
1405 2021 1540 2052 Tandem
1564 2030 1625 2061 pro
1651 2030 1691 2051 eo
1718 2021 1807 2062 quod
1834 2021 1906 2062 qui-

1209 2074 1286 2104 dam
1305 2072 1457 2111 edidere,
1474 2070 1755 2111 tantam,legend.
1773 2072 1906 2102 censuit

1211 2124 1361 2156 Freinsh.
1415 2123 1622 2164 Habeutque
1660 2123 1708 2154 ita
1738 2122 1830 2154 Sich.
1870 2126 1905 2154 et

1212 2175 1329 2206 Colou.
1346 2173 1424 2204 edd.
1459 2173 1532 2204 Vor.

1258 2223 1406 2263 Tandem]
1439 2223 1494 2254 Ita
1514 2227 1609 2255 recte
1632 2223 1745 2254 Vorst.
1762 2233 1804 2254 ex
1828 2232 1907 2254 con-

1204 2275 1342 2316 Jectura
1360 2273 1595 2313 Freinshemii,
1617 2278 1652 2304 et
1676 2273 1753 2304 edd.
1768 2273 1908 2304 vetusti-

1212 2325 1335 2357 oribus.
1369 2324 1470 2362 Schef.
1531 2325 1747 2364 Receperant
1784 2325 1908 2355 tandem

1213 2375 1315 2416 Angli
1342 2384 1473 2416 quoque
1499 2384 1541 2406 ex
1559 2375 1642 2406 Mss.
1672 2380 1706 2406 et
1727 2376 1775 2406 sic
1805 2375 1907 2407 etiam

1211 2426 1308 2458 Junt.
1334 2426 1439 2456 Groev.

1255 2477 1271 2516 ξ
1290 2478 1324 2506 11
1340 2475 1575 2506 Discordiarum
1591 2475 1785 2516 oblivionem]
1799 2476 1907 2515 Ἀμνη-

1213 2526 1309 2558 στίαν.
1348 2528 1397 2558 M.
1421 2527 1511 2558 Tull.
1540 2528 1626 2559 Phil.
1643 2537 1682 2559 ιι.
1702 2531 1731 2558 l.
1756 2528 1831 2559 Val.
1857 2527 1906 2559 M.

1214 2587 1264 2609 lv.
1278 2581 1306 2609 1.
1332 2579 1426 2609 Plut.
1441 2577 1513 2609 Cic.
1537 2578 1587 2615 Μὴ
1598 2579 1804 2616 μνησικακεῖν.
1821 2579 1909 2610 Xen.

1215 2629 1259 2659 Et
1276 2628 1323 2659 ita
1339 2628 1468 2659 Siculos
1489 2628 1579 2659 inter
1603 2638 1637 2659 se
1651 2638 1768 2668 pacem
1785 2627 1909 2659 fecisse

1214 2678 1319 2711 refert
1337 2678 1492 2719 Thucyd.
1521 2688 1566 2709 ιν.
1596 2682 1645 2710 12.
1661 2681 1712 2710 33.
1738 2677 1868 2718 ἔχοντας
1890 2677 1910 2710 ἃ

1214 2729 1337 2761 ἕκαστοι
1350 2727 1467 2768 ἔχουσι,
1483 2729 1632 2767 Bongars.
1678 2729 1833 2770 Itemque
1846 2730 1909 2760 La-

1214 2779 1436 2810 eedaemonios
1453 2788 1527 2809 cum
1546 2778 1815 2810 Atheniensibus.
1854 2779 1907 2811 Id.

1215 2839 1265 2861 iv.
1291 2832 1343 2860 23.
1375 2831 1405 2861 7.
1462 2828 1501 2859 In
1537 2828 1648 2860 Dione
1680 2838 1776 2860 κων.
1815 2833 1909 2860 extat
