2174 3424
473 348 556 389 730

473 451 550 483 end.
572 454 684 483 autem
705 451 828 492 potius.-
851 451 940 493 quod
963 452 996 483 in
1019 461 1084 483 uno
1100 452 1167 484 Ms.

472 506 511 532 ut
526 502 633 542 Bong.
646 505 803 541 testatur,
820 507 855 533 et
871 501 998 532 diserte
1015 501 1168 532 additum

470 550 547 581 fuit.
581 552 753 592 Frequens
783 561 864 582 sane
894 552 1021 592 ellipsis
1050 561 1168 583 vocum

471 602 480 618 ‘
497 601 624 640 potius'
638 606 672 633 et
689 603 698 619 ‘
712 602 816 641 magis
828 601 846 640 ς’
862 611 965 642 eaque
979 601 1167 632 imitatione

472 651 671 682 Graecorum
709 651 758 682 ita
785 650 877 682 facta
906 651 1052 682 videtur.
1086 652 1165 683 Vid.

471 701 641 732 Hellenol.
692 701 861 732 Veclmeri
905 711 929 732 1.
972 705 1002 732 5.
1065 701 1165 733 Vorst.

469 749 569 791 Angl.
586 762 653 791 quoe
667 755 791 791 gerant.
837 752 961 782 Placet
984 750 1164 782 admodum

469 800 635 833 liaeclect.
681 802 770 832 Nam
799 802 935 841 vulgata
960 801 1062 831 habet
1088 810 1163 831 eum

468 860 615 889 sensum,
631 852 727 892 quasi
745 850 937 890 effecerint,
954 855 991 882 ut
1005 851 1094 881 bella
1109 861 1164 890 ge-

468 906 585 932 rerent
600 902 704 940 nulla,
721 911 795 932 cum
821 906 933 932 tamen
949 910 1013 941 pax
1030 904 1163 940 specta-

468 950 514 980 rit
530 951 569 981 ad
587 951 692 981 solum
705 950 942 982 Tissaferuem.
967 950 1071 988 Schef.

513 1000 667 1041 Tanquam
688 1011 748 1031 non
771 1002 810 1032 ad
834 1003 924 1032 unius
942 1010 1091 1031 summam
1107 1000 1163 1030 im-

464 1050 557 1089 perii,
578 1050 648 1091 ψη]
682 1051 759 1082 Ηοο
779 1060 925 1082 summam
941 1051 1019 1081 milii
1049 1050 1161 1081 admo-

466 1100 544 1130 dum
575 1105 770 1140 suspectum
809 1099 931 1131 fateor.
952 1118 954 1120 -
973 1099 1052 1130 Scio
1081 1109 1161 1140 quo-

466 1150 566 1180 modo
596 1150 720 1190 exponi
748 1155 874 1191 posset,
898 1149 957 1180 sed
988 1149 1160 1189 scripsisse

463 1198 511 1229 ita
526 1200 618 1231 Just.
641 1200 697 1230 vix
722 1199 803 1230 mihi
826 1199 1019 1240 persuaderi
1037 1199 1161 1239 patior.

465 1248 673 1280 Deliberent
707 1250 906 1290 sagaciores.
942 1251 1037 1281 Idem.
1082 1251 1159 1281 Non

462 1298 576 1338 video,
590 1309 650 1330 cur
664 1300 737 1330 haec
754 1300 909 1341 cuiquam
924 1300 1071 1331 debeant
1086 1311 1160 1332 esse

463 1354 644 1389 suspecta:
670 1359 785 1380 sensus
808 1355 842 1381 et
870 1349 975 1380 verba
995 1355 1073 1381 sunt
1093 1351 1159 1381 ele-

463 1399 680 1438 gantissima:
699 1400 802 1432 Quasi
819 1409 883 1430 non
896 1400 1010 1430 clades
1023 1404 1057 1431 et
1067 1400 1160 1432 dam-

461 1457 554 1487 num,
570 1449 659 1489 quod
676 1449 730 1480 hic
746 1450 797 1479 vel
820 1450 875 1480 ille
900 1449 1086 1490 praefectus
1108 1461 1159 1482 re-

463 1499 536 1539 gius
548 1498 663 1538 faciat,
674 1500 844 1539 pertineat
854 1500 894 1530 ad
909 1501 1049 1531 salutem
1062 1501 1157 1532 unius

461 1550 603 1590 imperii.
637 1549 812 1590 Augustus
827 1551 860 1581 in
878 1551 1029 1591 Epistola
1045 1551 1087 1582 ad
1102 1553 1159 1583 Ti·

461 1601 592 1632 berium
609 1612 663 1643 ap.
681 1603 776 1634 Suet.
790 1603 865 1634 Tib.
883 1606 935 1634 21.
969 1604 977 1620 ‘
995 1604 1047 1635 Te
1064 1613 1158 1645 rogo,

460 1657 497 1683 ut
515 1662 637 1692 parcas
653 1652 730 1692 tibi,
754 1662 807 1693 ne,
823 1653 851 1683 si
868 1657 902 1684 te
918 1654 1078 1694 languere
1102 1664 1158 1685 au-

460 1703 635 1743 dierimus,
650 1708 686 1734 et
702 1713 766 1744 ego
787 1708 823 1734 et
845 1708 954 1734 mater
973 1708 1027 1735 tua
1046 1705 1157 1745 exspi-

460 1762 588 1792 remus,
614 1758 649 1783 et
669 1753 711 1783 de
734 1763 862 1784 summa
877 1753 1009 1793 imperii
1025 1754 1073 1784 sni
1100 1764 1158 1794 po-

458 1804 558 1843 pulus
575 1804 742 1834 Romanus
760 1802 995 1844 periclitetur)
1038 1803 1048 1820 ‘
1062 1804 1156 1834 Sum-

458 1864 512 1885 ma
528 1854 723 1895 reipublicae
736 1854 743 1867 '
759 1859 811 1885 est
834 1864 898 1894 rea,
921 1864 997 1895 quae
1021 1859 1157 1894 spectat

459 1910 565 1936 totam
597 1915 703 1945 remp.
740 1905 879 1945 ejusque
921 1905 1064 1935 salutem
1097 1910 1156 1936 aut

457 1956 657 1995 dignitatem
672 1966 679 1986 :
705 1965 766 1995 pro
783 1965 848 1996 quo
864 1959 900 1986 et
921 1964 1010 1995 saepe
1028 1955 1156 1986 dicitur

456 2016 573 2036 summa
583 2006 762 2045 respublica.
785 2006 857 2036 Liv.
872 2014 975 2036 xxxv.
990 2008 1041 2036 10.
1066 2007 1075 2022 ‘
1090 2006 1155 2037 Cu-

451 2057 509 2097 jus
521 2057 663 2097 imperio
677 2056 880 2097 consilioque
893 2065 1053 2086 summam
1068 2066 1153 2087 rem-

458 2107 627 2147 publicam
676 2107 835 2137 tuendam
889 2106 1151 2138 commiserunt.'

456 2157 530 2188 Cic.
545 2166 576 2187 v.
594 2156 636 2187 ad
653 2155 728 2188 Att.
750 2157 759 2173 ‘
774 2157 924 2197 Rogatus
939 2166 1000 2196 ego
1017 2161 1151 2187 senten-

455 2206 536 2237 tiam
549 2207 653 2236 multa
667 2206 736 2236 dixi
753 2206 794 2236 de
810 2215 938 2236 summa
950 2206 1150 2246 republica!

456 2257 508 2287 De
524 2257 585 2288 lioc
602 2256 761 2296 loquendi
778 2266 902 2297 genere
920 2258 1017 2297 plura
1033 2256 1148 2288 notavi

454 2307 496 2339 ad
513 2308 622 2348 ipsum
637 2308 794 2338 Tullium.
821 2308 928 2339 Groev.

497 2359 514 2398 ς
538 2360 557 2388 7
584 2358 756 2398 Tissafernz'
785 2357 966 2398 alienatum]
1001 2357 1102 2399 Angl.
1130 2369 1148 2389 a

454 2407 638 2445 Tissaferne.
684 2408 739 2438 Ita
762 2408 889 2438 Noster
910 2418 974 2439 vn.
993 2411 1043 2439 19.
1077 2411 1085 2426 ‘
1103 2409 1148 2440 Et

453 2468 604 2498 uxorem,
620 2458 727 2489 veluti
750 2458 876 2489 tradito
900 2459 954 2489 alii
979 2468 1106 2498 amore,
1128 2469 1147 2490 a

453 2518 490 2538 se
506 2507 687 2539 alienavit)
715 2509 806 2548 Nep.
824 2507 938 2539 Alcib.
954 2518 984 2539 c.
998 2512 1028 2539 5.
1052 2510 1061 2525 ‘
1078 2509 1148 2540 Ne-

451 2568 516 2600 que
540 2567 620 2589 vero
645 2558 695 2588 his
718 2558 815 2589 rebus
842 2563 910 2589 tam
939 2559 1034 2590 amici
1056 2559 1148 2590 Alci-

453 2609 543 2640 biadi
560 2613 636 2639 sunt
660 2608 752 2647 facti,
774 2619 875 2650 quam
901 2610 1020 2641 timore
1044 2610 1084 2641 ab
1106 2620 1145 2642 eo

450 2659 612 2691 alienati!
656 2659 723 2690 Ubi
739 2664 876 2699 poterat
890 2660 1048 2691 omittere
1063 2661 1145 2692 illud

451 2710 460 2726 ‘
473 2709 515 2739 ab
527 2708 589 2749 e0‚’
600 2709 626 2739 si
640 2709 829 2749 probasset,
842 2710 932 2750 quod
945 2720 1031 2742 nunc
1046 2711 1144 2752 vulgo

450 2770 504 2800 ap.
526 2761 638 2791 Nostr.
653 2759 788 2800 legitur.
810 2758 914 2797 Schef.

495 2811 663 2849 Hortatur,
679 2813 713 2840 ut
737 2811 769 2840 in
795 2811 903 2849 locum,
929 2810 995 2850 istu]
1021 2810 1084 2841 'Ita
1110 2814 1144 2842 et

450 2860 552 2891 Diod.
569 2869 641 2891 xiv.
660 2863 711 2891 ⁴0.
748 2861 848 2891 l‘ans.
875 2860 998 2892 Atticis
1020 2861 1052 2892 id
1078 2862 1142 2892 Eu-

450 2919 559 2949 agorae
577 2910 703 2950 Cyprio
721 2911 790 2949 regi
809 2910 934 2943 tribuit.
963 2912 1039 2943 vid.
1061 2912 1142 2943 l‘ro-

927 356 1067 387 NOTAE
1100 356 1319 388 VARIORU
1330 357 1361 386 M
1395 357 1445 389 IN

1218 450 1296 482 bum
1314 451 1463 483 Conone.
1486 451 1589 490 Bong.

1260 501 1384 532 Amissa
1407 501 1484 532 hello
1505 500 1625 541 patria]
1662 500 1751 533 Quid
1769 503 1833 539 est,
1855 510 1912 541 pa-

1217 551 1312 582 triam
1336 552 1480 582 amittere
1503 550 1604 583 bello?
1626 551 1729 591 Num,
1756 551 1789 581 in
1815 550 1915 591 bello,

1215 612 1268 641 an,
1284 611 1325 632 ex
1344 602 1445 639 bello,
1461 611 1486 633 S.
1510 601 1552 632 ob
1569 601 1717 632 bellum?
1742 601 1911 632 Neutrum

1215 654 1298 685 satis
1323 654 1497 684 historiam
1528 653 1701 684 declarat:
1738 662 1814 683 nam
1845 652 1912 692 pri-

1213 714 1304 734 mum
1320 703 1461 742 falsun1;
1484 713 1548 734 nec
1565 703 1747 734 secundum
1766 703 1814 734 sie
1834 703 1912 733 sim-

1214 754 1353 794 pliciter
1369 763 1495 793 verum,
1519 753 1596 794 qnia
1618 763 1683 784 non
1707 753 1749 783 ob
1773 752 1910 792 bellum,

1214 803 1272 834 sed
1289 804 1332 834 ol)
1358 803 1482 834 bellum
1507 804 1592 833 male
1620 806 1767 842 gestum,
1794 803 1910 833 exula-

1213 853 1282 884 bat.
1327 854 1367 884 In
1391 854 1555 893 impresso
1573 852 1717 893 quodam
1741 852 1912 892 reperitur

1212 904 1334 944 amisso,
1357 914 1456 945 quam
1481 905 1559 934 lect.
1583 907 1666 943 puto
1690 912 1764 933 esse
1781 911 1910 942 veram,

1210 953 1326 993 ejecta
1352 963 1434 984 voce
1465 952 1576 993 Cypri,
1596 961 1695 993 quam
1726 961 1769 982 ex
1799 952 1910 992 glossa

1210 1008 1322 1034 natam
1338 1003 1446 1044 liquet
1463 1003 1565 1034 etiam
1589 1012 1630 1032 ex
1649 1011 1702 1040 eo,
1724 1001 1804 1042 quia
1818 1005 1909 1039 sunt,

1209 1053 1266 1093 qui
1287 1063 1349 1093 pro
1367 1063 1416 1084 sea
1441 1054 1543 1093 Cypro
1566 1052 1703 1083 habent.
1748 1052 1907 1082 Ceterum

1208 1103 1218 1119 ‘
1234 1104 1390 1134 amissum
1408 1103 1531 1134 bellum
1544 1103 1552 1116 '
1573 1107 1636 1141 est,
1653 1101 1805 1133 amissum
1823 1111 1908 1142 prae-

1208 1153 1312 1191 lium;
1338 1154 1409 1194 jam
1440 1156 1449 1171 ‘
1468 1153 1625 1184 amittere
1657 1151 1828 1193 praelium'
1854 1155 1907 1182 est

1208 1202 1349 1243 dictum,
1372 1208 1421 1243 ut,
1442 1203 1586 1234 amittere
1609 1212 1742 1242 causam,
1762 1201 1906 1232 amittere

1208 1253 1305 1291 litem,
1332 1262 1387 1292 ap.
1409 1252 1553 1293 optimos
1583 1251 1777 1292 scriptores.
1800 1250 1905 1288 Schef.

1208 1302 1332 1333 Amissa
1347 1302 1422 1333 bello
1441 1302 1549 1342 patria
1573 1306 1638 1340 est,
1663 1300 1742 1342 quia
1759 1300 1905 1340 patriam

1209 1355 1349 1392 propter
1376 1351 1527 1391 praelium
1558 1350 1742 1381 infeliciter
1772 1354 1905 1390 gestum

1208 1401 1385 1432 amiserat:
1403 1410 1476 1431 nam
1494 1405 1569 1440 post
1585 1398 1717 1430 cladem
1731 1399 1822 1430 illam
1840 1399 1903 1430 Co-

1209 1460 1275 1481 non
1297 1451 1360 1482 sibi
1385 1451 1458 1491 ipse
1484 1449 1708 1481 voluntarium
1735 1448 1906 1479 indixerat

1209 1502 1385 1532 exsilium:
1412 1501 1489 1532 vide
1509 1500 1568 1532 fin.
1591 1509 1665 1541 cap.
1682 1503 1712 1531 6.
1736 1499 1793 1531 lib.
1810 1508 1906 1540 supe-

1207 1552 1314 1583 rioris.
1342 1553 1450 1583 Groev.

1251 1602 1268 1642 ᾧ
1292 1604 1311 1632 8
1336 1602 1459 1633 Fractae
1470 1601 1533 1632 sint
1546 1600 1631 1641 opes]
1658 1598 1801 1640 AngLs.
1815 1609 1840 1631 s.
1854 1609 1905 1631 res

1207 1654 1238 1682 et
1251 1662 1332 1692 opes.
1378 1653 1456 1683 Non
1484 1653 1572 1682 solet
1596 1652 1645 1682 ita
1667 1651 1804 1681 Noster.
1848 1650 1905 1681 Ita

1206 1702 1408 1733 alterutrum
1425 1712 1466 1733 ex
1479 1703 1590 1742 glossa
1608 1705 1733 1732 natum.
1759 1700 1866 1732 Graev.

1250 1754 1400 1785 Nat-alem
1428 1755 1531 1795 usum]
1574 1753 1666 1784 Hinc
1699 1752 1802 1784 etiam
1837 1753 1903 1783 Po-

1206 1803 1305 1844 lyaen.
1320 1814 1354 1835 v.
1370 1805 1475 1835 Strat.
1500 1813 1533 1844 p.
1550 1806 1625 1834 392.
1647 1802 1813 1833 describit
1838 1803 1903 1833 La-

1205 1853 1429 1886 cedaemonios
1444 1853 1501 1885 τὰς
1522 1852 1660 1884 Ἀττικὰς
1683 1851 1832 1892 ἐμπειρίας
1854 1853 1901 1882 δε-

1205 1903 1314 1935 διότας.
1342 1905 1441 1936 Gron.

1248 1956 1338 1986 CAP.
1358 1964 1400 1987 ιι.
1429 1959 1441 1986 1
1471 1955 1682 1996 Hercynione]
1720 1955 1815 1987 Vett.
1845 1956 1899 1986 hic

1204 2006 1357 2036 variant:
1375 2005 1510 2046 quidam
1528 2006 1727 2045 Mercinz’oni,
1742 2006 1797 2036 alii
1814 2007 1900 2037 Mer-

1202 2055 1325 2095 cimoni,
1338 2056 1394 2086 alii
1413 2056 1611 2087 Inercinioni.
1639 2057 1648 2072 ‘
1665 2056 1879 2097 Hercynione
1892 2057 1900 2070 '

1202 2105 1305 2136 habet
1321 2106 1421 2137 etiam
1439 2106 1537 2137 Oros.
1558 2115 1612 2137 111.
1635 2109 1664 2137 1.
1693 2107 1779 2137 Eum
1795 2106 1897 2137 Diod.

1201 2167 1276 2189 xiv.
1298 2162 1351 2190 80.
1375 2163 1475 2190 vocat
1501 2157 1632 2199 Νεφρέα.
1658 2159 1761 2197 Bong.
1806 2158 1898 2191 Quo-

1200 2209 1299 2239 modo
1316 2209 1387 2240 fere
1404 2209 1527 2240 Euseb.
1545 2209 1578 2239 in
1595 2208 1717 2240 Chron.
1733 2208 1741 2225 ‘
1760 2208 1898 2249 Nephe-

1198 2259 1304 2290 rites!
1331 2260 1427 2290 Bern.

1241 2310 1258 2349 ᾧ
1283 2312 1301 2340 3
1329 2309 1426 2340 Tanto
1441 2308 1608 2348 exercitui]
1632 2308 1687 2340 Ita
1699 2318 1773 2349 sup.
1789 2317 1826 2340 11.
1843 2311 1894 2340 10.

1198 2362 1250 2390 21.
1276 2360 1327 2390 Id.

1239 2411 1255 2450 ᾗ
1280 2413 1298 2441 4
1324 2410 1456 2450 Ducem]
1497 2410 1574 2441 Non
1603 2413 1788 2450 agnoscunt
1817 2409 1894 2440 libri

1197 2459 1279 2490 Mss.
1295 2460 1459 2500 plerique,
1475 2470 1538 2491 nec
1555 2464 1605 2491 est
1621 2460 1798 2491 dubitand.
1813 2461 1894 2501 quin

1197 2519 1236 2540 ex
1254 2509 1363 2549 glossa
1380 2510 1558 2550 irrepserit
1574 2510 1607 2540 in
1626 2514 1768 2541 textum.
1791 2510 1896 2548 Schts.

1238 2559 1427 2598 Responsum
1442 2559 1572 2599 oraculi]
1594 2559 1692 2591 Quod
1706 2564 1820 2591 exstat
1837 2569 1893 2600 ap.

1195 2608 1296 2638 Paus.
1316 2608 1440 2639 Lacon.
1458 2613 1493 2639 et
1512 2609 1603 2639 Plut.
1617 2608 1786 2649 Agesilao.
1811 2608 1890 2640 Vid.

1195 2659 1296 2689 etiam
1313 2659 1398 2689 Xen.
1414 2668 1469 2690 111.
1495 2659 1540 2691 H.
1566 2660 1627 2690 Gr.
1653 2664 1688 2691 et
1711 2659 1743 2690 in
1761 2659 1891 2700 Agesil.

1194 2710 1273 2741 Vid.
1289 2714 1324 2740 et
1341 2710 1443 2741 Prob.
1461 2710 1540 2741 ibid.
1568 2710 1672 2749 Bong.

1236 2759 1251 2799 §
1274 2763 1291 2789 5
1319 2760 1396 2790 Cum
1424 2760 1544 2798 regium
1573 2760 1771 2790 claudicasset
1796 2760 1891 2800 impe-

1193 2809 1289 2849 rinm]
1312 2809 1387 2840 Hoc
1404 2810 1589 2849 oraculum,
1606 2809 1693 2850 quod
1709 2820 1749 2840 an
1774 2810 1816 2841 ab
1831 2811 1890 2841 ali-

1195 2869 1261 2900 quo
1276 2869 1316 2890 ex
1341 2865 1441 2900 gente
1463 2860 1766 2891 Grammaticorum
1783 2860 1890 2901 expli-

1195 2914 1308 2942 catum
1325 2920 1428 2951 usque
1455 2911 1563 2942 adhuc
1584 2910 1684 2943 fuerit
1700 2911 1780 2943 haut
1797 2911 1888 2953 equi-
