2174 3424
514 342 599 385 668

514 457 563 479 1v.
594 447 724 480 Herod.
748 447 883 489 legitur,
903 447 1094 489 Ἰνδαθύρσου
1115 453 1210 490 puta.

520 499 594 530 Vor.

557 550 605 590 §9
631 549 809 590 Cumfiliae,
825 549 893 590 &c.]
917 550 1014 581 Hanc
1031 553 1144 581 tamen
1162 550 1211 580 in-

509 599 636 639 justam
668 599 745 630 belli
771 609 904 631 causam
936 605 1030 632 recte
1056 600 1211 631 decernit

514 650 561 681 H.
577 650 715 682 Grotius
741 650 783 681 de
810 650 843 682 J.
867 651 908 682 B.
937 655 972 682 et
995 651 1036 682 P.
1053 660 1095 682 11.
1110 654 1162 684 22.
1178 654 1211 682 7.

517 700 615 732 Gron.

558 751 573 790 ξ
602 753 641 780 10
673 749 827 790 Amatis,
855 750 926 790 lisa]
962 752 1059 782 Frec.
1094 750 1104 768 ⁴
1127 751 1210 782 Cum

514 800 683 830 sexcentis
700 800 849 830 millibus
866 800 1095 832 armatorum.'
1129 801 1210 840 Leg.

515 860 557 880 ex
574 855 719 890 utroque
736 851 802 881 Ms.
826 850 921 881 Leid.
944 856 980 881 et
1005 851 1105 882 Oros.
1132 851 1211 880 Cum

512 900 718 939 septingentis
733 911 773 930 m.
796 911 826 931 a.
858 900 988 931 Herod.
1005 909 1055 932 lv.
1071 903 1123 931 87.
1139 904 1211 930 Του-

512 949 591 980 τέων
615 948 753 989 μυριάδες
779 949 1013 990 ἐξηριθμήθησαν
1042 950 1132 991 χωρὶς
1157 951 1212 981 τοῦ

514 1001 655 1030 ναυτικοῦ
681 999 888 1038 ἑβδομήκοντα
913 999 968 1030 σὺν
991 1000 1123 1032 ἱππεῦσι·
1148 1000 1211 1033 νέες

513 1050 546 1081 δὲ
560 1049 708 1090 ἑξακόσιαι
722 1049 962 1089 συνελέχθησαν.
999 1050 1104 1081 Diod.
1124 1060 1162 1082 ΙΙ.
1180 1054 1211 1081 3.

513 1101 658 1131 Darium
674 1100 752 1139 μετὰ
763 1099 950 1139 ὀγδοήκοντα
968 1099 1116 1141 μυριάδων
1128 1102 1211 1141 Scy-

514 1152 619 1183 thiam
638 1152 822 1191 ingressum
839 1150 957 1183 refert.

557 1203 574 1242 §
594 1205 631 1232 12
655 1202 732 1233 Inde
748 1201 856 1232 Axium
881 1205 910 1232 et
927 1201 1142 1232 Macedoniam
1157 1202 1210 1232 do-

513 1253 607 1293 muit]
630 1253 720 1283 Hem
744 1262 828 1282 nova
847 1262 899 1283 res
917 1257 951 1282 et
967 1253 1066 1292 plane
1083 1252 1211 1283 inaudi-

515 1308 561 1333 ta.
587 1302 673 1333 Nam
692 1301 781 1332 unde
793 1301 880 1332 redit
899 1302 1048 1332 Darius?
1071 1301 1211 1342 Scythia

513 1351 672 1382 Istriana.
718 1351 773 1381 Ita
803 1356 868 1380 est.
926 1351 1003 1383 Qua
1035 1355 1211 1382 transeun-

514 1402 592 1432 dum
610 1402 675 1441 ipsi
692 1401 779 1431 fuit?
815 1400 867 1432 An
883 1410 944 1440 per
955 1400 1071 1431 Asiam
1088 1406 1124 1432 et
1140 1402 1212 1432 Ma-

513 1452 714 1482 cedoniam?
771 1451 828 1481 Nil
866 1451 970 1491 magis
998 1450 1118 1481 falsum
1149 1461 1211 1482 nec

515 1501 694 1532 ridiculum
713 1501 828 1541 magis.
853 1501 1001 1541 Legend.
1018 1501 1122 1541 igitur
1139 1507 1207 1532 est:

514 1553 591 1583 Inde
610 1552 770 1583 Thraciam
798 1555 827 1582 et
854 1553 902 1582 M.
930 1553 961 1582 d.
1000 1552 1100 1582 Circa
1125 1551 1210 1582 hanc

514 1614 628 1635 vocem
647 1603 696 1634 bis
713 1613 846 1644 quoque
865 1608 1012 1634 erratum
1030 1602 1130 1634 fuisse
1148 1602 1210 1635 inf.

513 1654 829 1690 demonstrabimus,
859 1663 934 1685 cuin
961 1663 1001 1685 eo
1027 1653 1209 1685 deventum

514 1704 629 1735 fuerit.
656 1705 732 1735 Fub.

559 1754 665 1794 Iunas]
704 1754 834 1785 Herod.
864 1763 912 1785 w.
949 1754 1022 1785 init.
1054 1755 1210 1794 Bongars.

515 1804 678 1835 Rcusneri
695 1804 841 1844 Isagoga
856 1815 886 1844 p.
902 1808 978 1837 209.
1003 1806 1102 1836 Rern.

558 1856 675 1887 Navali
699 1856 763 1896 pr.]
785 1857 944 1888 Vincent.
970 1865 1025 1887 111.
1043 1859 1095 1888 34.
1132 1857 1211 1889 ‘na-

514 1906 579 1936 vali
598 1906 710 1936 bello.'

560 1955 646 1985 (ῗΑΡ.
673 1964 721 1985 vi.
748 1956 798 1995 §1
829 1954 865 1986 V.
895 1956 988 1986 sura
1011 1955 1208 1997 gestifidem

510 2007 651 2047 peracta]
688 2007 806 2036 Malim
833 2007 980 2038 retinere
1010 2007 1098 2047 vulg.
1131 2008 1209 2038 lect.

512 2059 661 2096 patratu.-
696 2055 784 2097 quod
814 2057 1064 2096 elegantissimo
1089 2057 1210 2097 cuique

515 2111 668 2137 veterum
686 2116 758 2146 pro,
786 2106 964 2147 perficere,
991 2107 1023 2137 in
1047 2117 1105 2137 usu
1135 2106 1211 2138 fuit.

515 2157 659 2188 Quintil.
680 2165 760 2188 viu.
777 2160 805 2187 3.
829 2158 837 2173 ‘
851 2157 1001 2187 Ductare
1028 2157 1210 2195 exercitus,

515 2212 549 2236 et
574 2213 710 2246 patrare
739 2206 873 2244 bellum,
899 2207 988 2246 apud
1015 2208 1211 2239 Sallustium

515 2257 607 2288 dicta
634 2263 748 2288 sancte
773 2262 808 2289 et
833 2258 984 2299 antique,
1011 2259 1166 2290 ridentur
1193 2269 1212 2290 a

515 2307 636 2338 nobis)
683 2307 778 2338 Idem
794 2308 874 2338 Sall.
903 2309 936 2338 iu
959 2308 1010 2338 De
1034 2309 1120 2349 Rep.
1138 2309 1210 2340 ord.

515 2360 524 2374 ‘
543 2358 591 2387 Ea
621 2358 725 2397 magis
751 2357 895 2389 fortibus
924 2359 1085 2398 consiliis,
1112 2370 1211 2401 quam

515 2407 611 2438 bonis
632 2408 768 2448 proeliis,
790 2413 926 2448 patrata
943 2409 1054 2440 suntz'
1078 2415 1113 2440 et
1126 2410 1210 2441 Tac.

514 2458 626 2489 nescio
654 2467 718 2498 quo
735 2458 756 2488 l.
779 2458 835 2488 ‘Si
859 2458 1034 2498 patrandae
1062 2459 1137 2490 neci
1160 2469 1212 2490 ve-

515 2518 637 2539 nenum
654 2508 873 2539 mitteretur.’
896 2509 983 2538 Mod.
1022 2509 1129 2549 Bong.
1144 2519 1212 2549 per-

515 2565 595 2590 acta.
651 2558 718 2589 Sed
736 2558 865 2589 monitu
892 2558 930 2589 F.
946 2558 1055 2589 Modii
1073 2559 1210 2590 retinui-

514 2619 586 2640 mus
605 2609 695 2649 vulg.
709 2609 872 2639 hactenus
886 2608 966 2640 lect.
990 2609 1125 2640 Patr-are
1138 2619 1210 2650 pro,

514 2660 692 2701 perticere,
714 2659 964 2699 elegantissimo
980 2660 1101 2701 cuique
1117 2666 1210 2692 vete-

516 2720 587 2740 rum
605 2710 636 2740 in
661 2720 722 2741 usu
748 2709 825 2749 fuit,
851 2715 888 2741 ut
911 2710 992 2741 Sall.
1009 2710 1085 2742 Cat.
1110 2714 1162 2742 56.
1181 2715 1210 2744 5.

513 2761 674 2800 ‘incepta
699 2759 859 2800 patrare.’
903 2760 977 2792 Liv.
1007 2769 1095 2791 xxv.
1130 2762 1211 2802 ‘pa-

516 2816 608 2841 trare
632 2810 782 2842 facinus!
807 2811 891 2842 Tac.
916 2819 955 2842 ιι.
985 2809 1027 2842 Α.
1052 2813 1105 2843 82.
1127 2812 1136 2829 ‘
1151 2822 1210 2853 pa-

516 2866 605 2891 trare
622 2860 763 2891 necem.’
785 2861 883 2892 Ber-n.

563 2910 654 2940 Ultra
670 2920 751 2950 spem
765 2911 910 2951 gerendi]
934 2911 1054 2943 Notari
1070 2911 1133 2942 hoc
1152 2921 1209 2953 po-

968 354 1110 386 No'rAE
1143 354 1408 385 VARIORUM
1443 354 1493 384 IN

1260 447 1340 487 tuit,
1364 457 1474 489 neque
1502 445 1691 488 attigissem
1722 447 1784 477 nisi
1812 447 1868 478 alii
1889 456 1958 478 non

1260 498 1472 538 attigissent3
1495 498 1650 528 nimirum
1664 496 1752 528 istud
1775 497 1935 537 ‘gerendi
1947 495 1957 510 '

1259 548 1292 579 in
1317 549 1453 579 notione
1477 548 1610 588 passiva
1634 551 1777 578 sumtum
1794 552 1857 578 est.
1901 547 1956 578 Sic

1260 599 1340 630 alibi
1368 598 1410 630 de
1435 598 1577 639 quodam
1607 597 1830 628 Macedonum
1863 597 1960 627 Prin-

1259 650 1355 689 cipe:
1395 650 1404 666 ‘
1422 649 1573 679 Athenas
1610 657 1742 688 quoque
1780 647 1959 677 erudiendi

1260 701 1369 740 gratia
1384 698 1530 738 missus‚'
1547 708 1616 739 pro,
1628 703 1664 728 ut
1677 697 1878 728 erudiretur.
1901 697 1959 728 lta

1259 749 1396 788 videndi,
1408 749 1528 788 Virgil.
1546 758 1619 788 pro,
1631 747 1709 778 dum
1723 747 1867 787 videtur,
1877 746 1957 778 dum

1260 800 1438 841 aspicitur:
1457 799 1618 839 ‘Uritque
1630 797 1773 828 videndo
1786 797 1926 828 Femina
1937 797 1960 835 ;’

1260 860 1369 891 neque
1386 850 1486 880 aliter
1507 849 1619 879 Plaut.
1636 852 1672 878 et
1687 848 1822 878 Terent.
1837 846 1959 887 optimi

1261 900 1397 931 dicendi
1423 898 1590 940 magistri,
1616 898 1694 928 olim
1719 896 1959 938 loquebantur.

1261 951 1339 982 fab.

1303 1000 1430 1041 Effectu
1447 999 1562 1038 majora
1575 1007 1665 1038 qnam
1676 996 1760 1036 roto]
1784 995 1855 1027 Inf.
1869 1005 1955 1028 xxv.

1260 1053 1292 1081 4.
1307 1053 1336 1081 1.
1359 1051 1368 1067 ⁴
1384 1049 1459 1080 Nec
1485 1058 1540 1087 eo,
1560 1047 1602 1078 ad
1628 1046 1717 1088 quod
1736 1047 1824 1077 votis
1840 1056 1959 1087 perve-

1259 1099 1417 1131 niendum
1448 1097 1524 1136 fuit,
1556 1102 1630 1128 erat
1660 1096 1861 1128 contentus!
1904 1097 1959 1128 De

1260 1150 1348 1180 votis
1377 1148 1506 1180 bellicis
1536 1148 1687 1179 Brisson.
1718 1146 1776 1178 lib.
1794 1156 1819 1178 1.
1847 1147 1958 1179 Form.

1265 1200 1338 1231 Vor.

1305 1252 1417 1283 Paucis
1440 1251 1528 1290 origo
1551 1249 1652 1290 urbis]
1686 1248 1847 1289 Impressi
1875 1253 1960 1280 vett.

1260 1302 1449 1332 habuerunt
1474 1300 1574 1331 verbis
1600 1310 1661 1340 pro
1691 1300 1790 1338 urbis,
1817 1299 1905 1340 quod
1933 1299 1959 1331 f.

1261 1352 1433 1392 repudiari
1459 1361 1524 1381 non
1555 1350 1684 1380 debuit.
1742 1351 1845 1381 Certe
1875 1350 1958 1380 illud

1259 1402 1268 1419 ‘
1283 1401 1440 1433 crevere’
1456 1411 1517 1432 nec
1531 1400 1572 1431 ad
1586 1400 1672 1430 urbis
1683 1410 1744 1431 nec
1757 1400 1797 1431 ad
1822 1402 1830 1417 ‘
1843 1400 1937 1440 origo
1950 1399 1958 1412 ’

1262 1456 1375 1492 potest
1392 1451 1523 1483 referri.
1569 1450 1878 1490 Quemadmodum,
1893 1460 1957 1481 nec

1262 1501 1350 1542 quod
1397 1502 1562 1542 sequitur,
1605 1503 1614 1518 ‘
1633 1501 1693 1531 soli
1734 1501 1934 1540 gloriantur.
1951 1501 1960 1513 ’

1261 1553 1365 1591 Sclief.
1400 1553 1467 1584 Sed
1481 1553 1557 1593 quia
1571 1551 1783 1592 refragantur
1795 1553 1877 1583 Mss.
1893 1562 1958 1583 non

1261 1609 1315 1634 est
1343 1604 1415 1634 loco
1443 1602 1610 1633 movenda
1636 1603 1714 1633 lect.
1739 1607 1808 1634 vet.
1853 1603 1958 1644 Seqq.

1259 1663 1393 1684 sensum
1411 1654 1607 1694 respiciunt,
1623 1663 1689 1684 non
1714 1653 1828 1693 verba,
1844 1658 1882 1684 ut
1899 1663 1960 1684 sae-

1260 1705 1395 1745 pissime
1411 1714 1464 1743 ap.
1483 1704 1644 1734 Nostrum
1667 1708 1700 1733 et
1718 1703 1814 1734 alios.
1850 1703 1958 1734 Groev.

1303 1756 1353 1794 §4
1378 1753 1526 1792 Adrenoe]
1550 1753 1646 1785 Junt.
1663 1754 1792 1783 advena.
1816 1752 1870 1783 Id.

1307 1805 1422 1835 Eodem
1437 1804 1539 1834 innati
1561 1802 1637 1842 solo]
1661 1802 1857 1842 ‘Indigenae
1871 1804 1878 1818 '
1901 1803 1954 1832 αὐ-

1258 1853 1415 1893 τόχθονες,
1434 1854 1596 1892 ’γηγενεῖςε
1621 1854 1786 1891 terrigena>
1802 1853 1956 1885 Ausonio

1259 1905 1293 1935 in
1311 1905 1477 1944 Catologo
1504 1903 1668 1933 Urbium:
1693 1904 1701 1919 ‘
1717 1903 1817 1933 Nunc
1834 1909 1870 1934 et
1892 1908 1960 1934 ter-

1260 1955 1385 1994 rigenis
1413 1953 1567 1994 patribus
1600 1963 1820 1983 memoremus
1852 1953 1957 1984 Athe-

1259 2009 1341 2037 nas.’
1386 2006 1456 2036 Cic.
1483 2015 1543 2045 pro
1569 2005 1607 2035 L.
1625 2005 1738 2035 Flacc.
1761 2014 1792 2036 c.
1814 2007 1866 2035 26.
1890 2004 1959 2035 ‘A-

1262 2057 1434 2086 thenarum
1460 2055 1539 2085 urbs
1567 2059 1740 2085 vetustate
1763 2064 1803 2084 ea
1826 2059 1891 2093 est,
1922 2060 1960 2086 ut

1260 2106 1333 2146 ipsa
1348 2115 1389 2136 ex
1406 2115 1478 2135 sese
1496 2105 1588 2135 cives
1602 2114 1677 2135 suos
1695 2105 1851 2144 genuisse
1867 2105 1960 2136 dica-

1261 2163 1326 2189 tur.
1351 2158 1507 2195 Bongars.
1555 2155 1644 2186 Add.
1661 2156 1750 2186 Plat.
1769 2156 1799 2186 in
1818 2156 1960 2186 Menex-

1261 2217 1337 2246 eno,
1357 2206 1508 2247 Thucytl.
1526 2215 1548 2236 1.
1567 2209 1597 2237 1.
1613 2208 1643 2236 S.
1663 2206 1840 2237 Demosth.
1858 2207 1958 2238 ()rat.

1261 2257 1389 2288 Funeb.
1405 2262 1441 2288 et
1467 2257 1583 2296 Eurip.
1613 2256 1705 2287 Ione.
1731 2256 1879 2289 Quidam
1906 2263 1957 2288 ta·

1260 2318 1335 2338 men
1364 2307 1500 2337 colonos
1525 2308 1696 2337 Saitarum
1729 2306 1956 2339 Athenienses

1260 2357 1479 2389 dictitabant.
1506 2357 1606 2387 Diod.
1622 2366 1644 2388 ι.
1657 2360 1708 2387 28.
1724 2357 1853 2388 Bernec.
1878 2357 1958 2395 Pro,

1260 2410 1293 2440 iu
1311 2409 1428 2439 eodem
1455 2408 1561 2438 innati
1590 2408 1674 2445 solo,
1691 2408 1757 2446 vel,
1773 2408 1881 2438 eidem
1908 2408 1958 2438 in-

1261 2460 1333 2490 nati
1349 2460 1431 2490 solo.
1477 2459 1600 2489 Horat.
1614 2459 1622 2473 ‘
1640 2458 1815 2497 Neglectis
1829 2458 1959 2489 urenda

1259 2509 1330 2541 filix
1347 2509 1534 2540 innascitur
1559 2508 1674 2547 agris!
1721 2509 1878 2539 Ceterum
1902 2518 1959 2539 an-

1260 2561 1422 2602 tiquiores
1448 2559 1526 2590 edd.
1555 2559 1695 2599 simplex
1722 2559 1789 2589 nati
1807 2558 1956 2597 habent;

1261 2610 1428 2652 quomodo
1455 2616 1489 2640 et
1519 2619 1594 2649 sup.
1626 2618 1664 2640 11.
1693 2612 1722 2640 1.
1749 2612 1778 2640 9.
1809 2609 1956 2649 legitur:

1259 2661 1337 2692 ‘lbi
1368 2662 1510 2702 primum
1542 2660 1690 2690 liomines
1721 2664 1818 2690 natos
1850 2659 1957 2690 videri

1260 2711 1464 2749 deberc‚ubi
1477 2710 1614 2742 educari
1624 2709 1782 2741 facillime
1796 2710 1958 2750 possent!

1261 2761 1359 2794 Quod
1377 2766 1490 2791 autem
1507 2760 1652 2790 homines
1667 2759 1764 2790 terris
1779 2765 1958 2800 generatos

1261 2816 1344 2842 vett.
1372 2809 1592 2847 crediderint,
1616 2814 1760 2848 apparet
1786 2809 1889 2840 etiam
1914 2819 1957 2840 ex

1261 2862 1299 2893 iis
1316 2871 1392 2902 quae
1410 2870 1484 2900 sup.
1502 2862 1634 2891 n.1.6.
1651 2864 1685 2890 et
1699 2862 1749 2890 18.
1767 2859 1897 2890 Auctor
1912 2859 1955 2891 de

1262 2911 1431 2953 AEgyptiis
1459 2909 1586 2948 scribit,
1610 2908 1860 2949 ‘praedicasse’
1885 2919 1956 2947 cos,
