2174 3424
620 358 815 390 JUST1N1
851 358 942 388 Lm.
975 355 1066 389 ΧΠ.
1099 359 1206 390 cAP.
1239 347 1306 390 12.

245 457 294 486 16.
309 456 361 486 24.
385 451 395 471 ‘
411 451 547 493 Quippe
566 461 630 483 non
654 452 820 483 univcrsae
834 452 937 490 acieS,

244 514 343 546 quam
369 504 419 534 lia:
448 502 674 533 tumultuariae
698 511 816 533 manus
840 502 937 533 vehe-

241 555 385 586 mentius
401 553 506 584 iniere
520 554 715 583 certamen!
740 552 830 582 Mod.

287 602 455 642 Quatinus]
471 603 527 633 Ita
541 603 635 633 Vett.
655 602 718 632 Est
734 605 845 632 autem
862 611 935 640 qua-

241 654 336 692 tinus,
361 652 528 693 quoniam.
573 652 673 682 Festo
697 655 732 682 et
762 651 936 682 Frontino.

242 702 396 741 Bongars.
442 701 497 732 Sic
516 704 552 732 et
567 701 817 741 elegantissimo
833 701 934 732 Floro

243 761 286 783 11.
312 755 363 784 15.
383 754 435 782 28.
465 761 523 784 111.
540 754 570 783 8.
587 755 618 783 1.
649 761 699 783 1v.
714 755 764 783 11.
782 754 811 783 1.
829 756 864 783 et
881 761 934 783 1v.

242 803 293 833 12.
305 803 359 832 29.
383 801 434 832 Id.

286 850 455 891 Quatinus]
474 850 529 882 Ita
543 850 576 881 in
593 850 701 882 Codd.
717 851 803 882 Mss.
816 855 935 882 extare

240 903 388 931 testatur
399 900 508 940 Bong.
547 899 764 941 Antiquiores
776 901 865 941 typis
878 910 934 931 ex-

241 949 348 990 pressi
374 949 465 980 nullo
491 958 587 980 sensu
611 952 645 980 ut
664 950 777 980 milites
789 950 934 988 suosfas-

239 1000 346 1031 tidiat.
392 999 548 1035 Quatinus
563 1004 613 1031 est
626 1010 699 1040 pro,
716 1000 808 1041 quia,
833 1011 935 1041 quan-

240 1048 296 1080 do.
343 1049 484 1080 Festus:
524 1050 723 1083 ‘Quatenus
755 1051 934 1092 significat,

242 1109 308 1140 qua
324 1098 401 1138 fine,
422 1104 460 1130 ut
481 1100 636 1141 hactenus,
652 1101 714 1133 hac
729 1101 796 1133 fine
810 1113 818 1134 ε
835 1103 935 1143 quati-

240 1159 298 1180 nus
309 1159 400 1187 vero,
412 1150 591 1191 quoniam!
619 1151 692 1183 Vor.

283 1201 301 1240 ς
325 1202 344 1230 8
366 1200 418 1230 Ad
442 1203 629 1240 postremum
653 1211 720 1232 cum
735 1201 837 1233 verbis
857 1201 937 1233 nihil

239 1248 416 1290 proficeret]
450 1250 563 1290 Junge
590 1250 683 1281 Curt.
709 1259 745 1282 x.
777 1253 807 1282 2.
838 1255 873 1282 et
902 1253 933 1282 3.

242 1301 397 1331 Lucanus
424 1299 467 1330 de
486 1300 620 1332 Caesare
647 1301 827 1338 militarem
850 1301 935 1333 sedi-

243 1350 368 1382 tionem
404 1350 584 1382 cohibente
625 1361 659 1382 v.
696 1354 771 1382 316.
805 1353 814 1369 ‘
829 1351 937 1383 Stetit

243 1410 365 1441 aggere
382 1399 459 1432 fulti
476 1402 623 1442 Cespitis
642 1402 832 1443 intrepidus
853 1403 935 1433 Vul-

244 1454 293 1489 tu,
317 1450 504 1491 meruitque
528 1451 637 1482 timeri
662 1452 738 1482 Non
763 1451 936 1484 metuens?

244 1500 343 1532 Quod
368 1501 477 1531 locum
510 1501 655 1540 adspicit
687 1502 720 1532 in
758 1501 935 1533 referendo

244 1550 343 1581 simili
370 1549 487 1581 Avidii
517 1550 624 1582 Cassii
646 1549 736 1582 facto
758 1551 935 1583 Vulcatius

244 1600 441 1632 Gallicanus
456 1610 529 1641 cap.
543 1604 574 1632 4.
596 1602 694 1633 Bern.

285 1650 337 1681 Ad
350 1650 510 1691 supplicia]
532 1651 613 1682 Mss.
627 1661 709 1692 quos
722 1651 808 1683 vidit
822 1651 934 1693 Bong.

242 1702 428 1733 habuerunt
442 1703 475 1733 in
489 1703 682 1744 supplicium,
699 1703 787 1744 quod
809 1705 934 1736 rectius

242 1752 388 1784 videtur.
431 1753 521 1784 Puto
550 1753 639 1784 enim
666 1753 732 1785 ista
755 1754 933 1793 plurimum

242 1801 403 1842 diffe1·re;
434 1803 606 1844 quoniam,
633 1804 691 1845 qui
725 1804 859 1835 ducitur
893 1806 934 1836 ad

241 1853 434 1893 supplicium,
450 1853 477 1884 is
493 1854 540 1884 ita
555 1854 700 1894 ducitur,
714 1859 752 1886 ut
767 1859 822 1886 eat
839 1855 932 1895 illuc,

241 1902 299 1934 ubi
314 1902 356 1934 de
372 1913 411 1934 eo
427 1903 625 1935 sumendum
649 1908 702 1935 est
720 1904 934 1945 supplicium,

241 1952 331 1994 quod
347 1952 461 1984 statim
483 1953 617 1994 cogitur
643 1954 769 1986 subire.
813 1954 861 1986 At
878 1964 934 1986 ve-

241 2011 279 2034 ro
291 2003 361 2034 duci
376 2004 408 2034 in
421 2004 602 2045 supplicium
617 2009 680 2044 est,
700 2004 779 2036 duci
795 2015 836 2037 eo
855 2005 935 2046 fine,

239 2053 303 2085 hoc
329 2055 515 2095 proposito,
544 2059 583 2086 ut
611 2055 654 2086 de
682 2066 723 2087 eo
751 2056 933 2098 aliquando

240 2104 441 2146 supplicium
469 2109 629 2146 sumatur,
662 2106 745 2137 licet
766 2106 828 2137 fiat
856 2111 934 2147 post

239 2155 403 2195 temporis
440 2155 575 2196 aliquod
609 2156 837 2188 intervallum.
891 2157 933 2189 Id

240 2205 329 2246 quod
344 2206 449 2247 magis
471 2207 630 2238 convenit
650 2207 812 2239 historiae.
859 2209 933 2240 Nec

240 2255 329 2286 enim
357 2255 552 2288 Alexander
576 2257 649 2298 ipse
671 2267 772 2297 manu
795 2268 853 2290 sua
875 2268 933 2289 eos

241 2305 435 2337 adducebat
457 2307 498 2338 ad
535 2307 742 2348 carnificem,
780 2309 836 2350 qui
860 2312 931 2339 tum

241 2355 354 2386 statim
384 2356 522 2397 capitali
559 2367 617 2389 eos
645 2357 797 2389 afficeret
824 2367 933 2398 poena,

241 2405 302 2436 sed
318 2410 447 2437 tantum
465 2406 620 2447 adduxit,
642 2413 680 2439 ut
705 2413 932 2440 servarentur.

242 2455 338 2487 Curt.
354 2455 530 2488 manifeste
546 2465 583 2489 x.
603 2460 636 2488 2.
659 2459 669 2475 ‘
684 2458 832 2490 Notatos
855 2467 935 2499 quo-

243 2514 322 2546 que,
348 2506 403 2547 qui
425 2505 632 2539 ferocissime
658 2507 808 2539 oblocuti
823 2511 933 2544 erant,

241 2556 387 2597 singulos
407 2566 508 2589 manu
533 2558 717 2599 corripuit;
749 2568 812 2589 nec
835 2568 932 2589 ausos

241 2616 444 2648 repugnare,
454 2608 617 2640 tredecim
628 2608 852 2640 adservandos
860 2618 934 2640 cus-

241 2656 379 2688 todibus
394 2658 545 2699 corporis
558 2657 720 2689 tradidit?
743 2657 848 2697 Schef.

286 2707 372 2739 CAP.
397 2716 462 2740 ΧΗ.
500 2709 518 2749 ξ
540 2711 560 2739 4
583 2708 763 2740 Far-matam
784 2709 818 2740 in
840 2709 933 2740 disci-

241 2756 358 2796 plinam
376 2757 591 2798 Macedonum]
612 2758 695 2789 Mss.
711 2759 818 2800 Bong.
831 2759 933 2790 habe-

243 2805 326 2836 bant
353 2806 526 2846 disciplina.
584 2807 639 2838 Ita
666 2808 801 2848 legend.
829 2807 934 2840 fuerit

237 2855 406 2894 formatam
434 2858 595 2898 disciplina
617 2859 830 2898 Macedonum,
847 2859 933 2900 quod

245 2907 496 2940 convenientius
508 2908 654 2941 videtur.
698 2909 888 2950 Disciplina
901 2919 934 2941 e-

1596 346 1681 390 827

988 452 1068 483 tiam
1086 456 1151 491 est,
1178 462 1250 494 quae
1273 452 1409 491 format,
1433 460 1497 482 non
1522 450 1566 483 ob
1582 459 1680 492 quam

985 502 1058 543 quis
1087 501 1263 542 formatur,
1299 503 1352 533 vel
1386 501 1598 533 informatur.
1631 501 1681 531 ld.

1028 552 1045 592 ᾧ
1069 555 1087 582 5
1110 553 1286 591 Jactautes,
1309 552 1410 582 hostes
1424 561 1492 581 suos
1504 551 1537 581 in
1551 561 1567 578 ο
1602 551 1682 581 cium

983 610 1072 632 suum
1099 601 1263 640 subjectos]
1285 599 1465 632 ‘Jactare’
1491 609 1556 630 non
1581 599 1681 630 modo

984 650 1072 682 idem
1088 650 1348 692 quod‚gloriari,
1362 650 1420 680 sed
1430 653 1465 680 et
1480 649 1568 680 idem
1582 648 1684 690 quod,

984 700 1109 732 dicere.
1154 701 1250 740 Virg.
1264 700 1273 717 ‘
1288 699 1340 730 Ibi
1357 699 1428 730 haec
1440 698 1615 729 incondita
1631 707 1682 729 so-

983 749 1033 780 lus
1063 749 1238 780 Montibus
1261 753 1296 780 et
1325 748 1416 779 silvis
1439 747 1551 778 studio
1570 748 1683 788 jaeta-

983 799 1041 830 bat
1066 798 1180 831 inani!
1225 799 1340 839 Ipsum
1373 807 1507 839 quoque
1535 797 1678 837 primiti-

983 858 1060 879 vum
1078 848 1232 888 ‘jacere'
1261 848 1351 879 idem
1368 852 1420 879 est
1436 847 1537 888 quod,
1554 847 1682 878 dicere.

983 899 1052 930 Pro
1066 899 1215 938 subjectos
1231 899 1314 930 alius
1332 898 1491 938 sublectos,
1511 898 1596 928 alius
1610 897 1681 928 sub-

982 952 1066 979 actos
1100 949 1241 981 mavult.
1284 949 1412 979 Verum
1447 948 1597 987 subjectos
1629 947 1681 987 ip-

984 1009 1056 1030 sum
1078 999 1159 1030 satis
1182 998 1405 1030 commodum.
1430 1007 1455 1029 1.
1473 1001 1504 1029 9.
1521 1001 1553 1030 9.
1575 998 1681 1029 ‘Pro-

983 1052 1093 1080 strato
1109 1049 1270 1089 Mergide
1287 1049 1427 1080 fratrem
1447 1058 1544 1081 suum
1569 1048 1682 1089 subje-

983 1098 1031 1130 cit
1044 1098 1263 1139 oropasten.’
1296 1099 1370 1131 Vor.

1025 1149 1197 1190 Suhjectos]
1212 1149 1257 1180 Η.
1273 1159 1303 1181 e.
1316 1149 1517 1191 suppositos.
1529 1149 1682 1184 Freinsh.

982 1200 1098 1232 mallet
1123 1200 1281 1239 sublectos,
1306 1210 1381 1240 quae
1408 1210 1475 1231 vox
1505 1205 1681 1240 comparet

983 1254 1019 1281 et
1035 1259 1090 1283 111.
1112 1254 1144 1282 3.
1169 1253 1200 1282 2.
1236 1250 1454 1281 Praetulerim
1472 1250 1560 1291 quod
1577 1255 1629 1281 est
1645 1251 1680 1281 in

984 1300 1039 1332 ed.
1056 1301 1176 1332 Vienn.
1189 1300 1340 1341 subactos,
1363 1300 1453 1341 quod
1470 1304 1506 1331 et
1521 1300 1682 1342 Hispani-

984 1361 1043 1382 cus
1068 1351 1193 1391 interp.
1225 1350 1419 1390 expressit:
1449 1349 1593 1390 suffectos
1623 1354 1681 1381 aut

982 1400 1134 1439 subjectos
1149 1400 1233 1441 legit
1246 1400 1397 1431 Gronov.
1422 1400 1520 1431 Bern.

1025 1454 1045 1482 6
1070 1452 1172 1482 Orant
1186 1452 1346 1492 suppliciis
1359 1452 1426 1483 suis
1444 1452 1546 1492 potius
1562 1454 1682 1483 saturet

982 1511 1024 1540 se,
1039 1511 1129 1541 quam
1143 1500 1347 1540 contumeliis]
1363 1501 1448 1533 Mss.
1462 1500 1597 1542 quidam
1611 1502 1680 1533 mei

981 1554 1073 1583 orant
1101 1551 1261 1591 suppliciis
1286 1551 1350 1582 suis
1372 1554 1491 1582 saturet
1516 1561 1561 1591 se,
1589 1561 1681 1591 quam

981 1601 1193 1632 contumeliis:
1217 1605 1255 1632 ut
1277 1600 1364 1632 dixit
1390 1601 1506 1632 Plaut.
1527 1601 1537 1618 ‘
1560 1601 1679 1632 Tacita.

982 1651 1104 1682 mulier
1117 1650 1206 1682 bona
1217 1655 1284 1690 est,
1297 1660 1397 1691 quam
1410 1650 1577 1691 loquens.’
1599 1651 1681 1682 Vid.

984 1706 1021 1733 et
1048 1701 1102 1732 hic
1133 1701 1367 1742 Novantiquas
1401 1710 1506 1733 meas.
1541 1701 1680 1732 Medius.

983 1751 1121 1783 Modius
1144 1751 1249 1792 potius
1274 1761 1294 1782 a
1318 1751 1401 1782 Mss.
1426 1749 1581 1792 quibusd.
1612 1750 1680 1781 suis

983 1802 1102 1833 abesse
1128 1801 1268 1839 scribit;
1302 1809 1365 1831 nec
1389 1800 1570 1841 requiram.
1600 1799 1680 1832 Vid.

983 1852 1107 1883 Notam
1122 1851 1164 1882 ad
1178 1860 1247 1882 ΧΠ.
1265 1853 1296 1881 8.
1312 1853 1364 1881 14.
1389 1851 1489 1883 Bern.

1027 1902 1044 1941 ᾧ
1067 1903 1086 1931 7
1113 1901 1262 1931 Undecim
1284 1901 1382 1931 millia
1406 1900 1542 1931 militum
1562 1904 1681 1932 vetera-

983 1950 1106 1990 norum]
1131 1950 1263 1982 Arrian.
1282 1960 1350 1982 vu.
1373 1949 1536 1990 Ἐγένοντο
1560 1951 1591 1983 ἐς
1609 1951 1682 1983 τοὺς

982 1999 1114 2042 μυρίους,
1129 2002 1229 2032 decem
1244 2001 1370 2032 circiter
1379 2002 1480 2033 millia
1487 2001 1591 2039 suere.
1616 2003 1681 2034 Cui

984 2051 1154 2082 consentit
1167 2051 1270 2083 Diod.
1285 2050 1437 2083 Ἀπέλυσε
1451 2053 1508 2090 τῆς
1522 2053 1681 2093 στρατείας

984 2101 1074 2133 ὄντας
1087 2101 1126 2133 ὣς
1139 2100 1270 2142 μυρίους.
1298 2102 1371 2135 Vor-

1027 2154 1045 2193 ς
1076 2155 1095 2183 8
1118 2153 1319 2193 Polydamas,
1344 2152 1498 2194 Amadas]
1533 2153 1681 2186 Omnino

982 2203 1135 2243 Amyntas
1157 2202 1294 2243 legend.
1318 2212 1384 2233 non
1411 2203 1560 2236 Amadas.
1581 2204 1679 2235 Voss.

982 2253 1099 2284 Isacus
1126 2253 1183 2283 ille
1198 2253 1298 2283 Voss.
1325 2252 1410 2292 legit
1433 2252 1598 2294 Amyntas,
1624 2263 1680 2294 op-

982 2304 1086 2342 time3
1111 2313 1299 2344 quanquam
1315 2313 1406 2344 saepe
1433 2304 1467 2334 in
1489 2305 1678 2336 nominibus

982 2353 1214 2385 Macedonicis
1230 2353 1379 2385 Thracia
1399 2363 1490 2394 saepe
1509 2354 1680 2386 barbaries

983 2409 1047 2443 est,
1062 2404 1141 2445 quia
1157 2408 1298 2444 utraque
1314 2403 1407 2444 regio
1421 2403 1573 2435 confinis.
1598 2405 1678 2437 Fab.

982 2453 1039 2485 Ab
1067 2453 1312 2493 antiquioribus
1345 2452 1423 2484 edd.
1455 2462 1577 2484 nomen
1613 2454 1678 2485 hoc

981 2504 1120 2536 Anmdus
1134 2503 1242 2535 abest.
1285 2503 1384 2534 Voss.
1409 2513 1471 2543 pro
1487 2514 1526 2534 eo
1541 2504 1677 2544 legend.

983 2559 1083 2597 putat
1096 2554 1261 2595 Amyntas.
1294 2553 1478 2585 Blancard.
1502 2558 1614 2585 autem
1634 2564 1678 2586 ex

983 2614 1087 2646 praec.
1108 2606 1118 2622 ‘
1136 2602 1359 2644 Polydamas’
1377 2602 1542 2643 incepisse
1558 2605 1680 2645 credit,

983 2656 1066 2688 vitio
1101 2654 1244 2686 librariis
1277 2652 1548 2686 familiarissimo.
1595 2656 1676 2688 Vid.

983 2707 1092 2739 Notas
1107 2705 1178 2745 huj.
1191 2704 1232 2735 ad
1251 2713 1320 2735 vn.
1337 2703 1484 2735 Arriani.
1513 2704 1585 2736 Vor.

1027 2757 1044 2797 ξ
1062 2758 1102 2786 10
1125 2753 1379 2794 Revertenlibus]
1400 2753 1455 2785 Sc.
1469 2754 1503 2785 in
1518 2754 1675 2795 patriam.

985 2807 1085 2839 Rern.

1027 2859 1044 2897 ξ
1070 2859 1105 2887 11
1134 2854 1309 2896 ΕΙιῙιαεέὶονι
1326 2854 1459 2895 decedit]
1482 2855 1676 2889 Ecbatanis,

985 2909 1118 2940 Praeter
1140 2916 1232 2948 saepe
1259 2906 1382 2938 citatos
1411 2912 1577 2947 auctores,
1606 2908 1674 2939 vid.
