2174 3424
635 324 829 354 JUSTlNl
868 325 957 354 ma.
995 326 1033 354 v.
1067 328 1172 356 clxv.
1204 318 1244 357 4.
1592 318 1677 359 719

227 428 326 459 quam
357 416 458 448 armis
486 416 673 457 disceptari
698 420 844 456 coeptum
871 421 924 448 est

227 469 356 509 dejure
375 466 532 507 publico!
578 468 686 497 Porro
702 467 925 508 quadringen-

227 519 270 550 tis
286 518 362 557 illis,
386 517 544 548 abdicata
561 517 795 556 Democratia,
821 518 925 558 impe-

225 568 313 599 rium
343 568 566 609 permiserant
596 568 822 599 Athenienses
853 573 923 599 tum

225 627 300 649 cum
324 619 358 648 in
385 618 501 648 Sicilia
517 619 604 649 male
626 628 695 649 rem
719 619 921 659 gessissent:

224 673 263 699 ut
279 678 320 698 ex
337 668 436 698 Diod.
455 677 536 698 xul.
559 668 645 699 scire
662 669 754 700 licet.
785 669 858 700 Vor.

269 717 355 749 CAP.
373 726 422 748 ιν.
448 718 495 757 §1
522 718 704 758 Mindarns]
726 719 779 749 Ita
795 719 923 758 Graeci,

224 772 260 799 et
281 768 335 799 hic
364 768 494 808 vulgati
516 768 606 798 libri.
628 769 710 798 Mss.
733 768 923 799 Zestromin·

222 818 342 849 dorcas.
385 818 420 848 Is
448 818 557 847 navali
574 818 613 847 ad
632 818 789 857 Cyzicum
808 827 923 858 pugna

223 869 338 908 periit.
384 869 474 899 Xen.
492 877 517 899 ι.
539 868 667 905 Ἕλλην.
714 869 815 899 Diod.
838 878 920 900 xm.

222 921 276 949 51.
321 918 415 949 Plut.
432 917 541 950 Alcib.
564 928 594 950 c.
609 921 663 949 53.
689 929 708 949 a
723 918 844 958 quibus
857 919 922 949 his-

223 967 321 999 toriae
341 968 410 1009 huj.
433 967 540 999 fusior
561 968 744 1009 explicatio
761 968 920 1009 petenda.

222 1017 327 1057 Bong.

264 1068 340 1098 Jam
352 1067 521 1098 Mindarus
533 1071 563 1099 et
575 1067 809 1107 Pharnabazus,
828 1068 922 1099 Lace-

221 1118 438 1148 daemoniorum
462 1118 566 1158 duces]
591 1119 631 1149 In
657 1118 809 1149 omnibus
836 1119 920 1149 Mss.

220 1169 349 1209 legitur
388 1169 678 1200 Zestromindurus:
716 1169 806 1200 unde
845 1169 919 1202 fac:

220 1220 295 1250 Jam
325 1219 410 1250 Sesti
442 1220 611 1250 ,Mindarum
635 1223 666 1250 et
690 1219 919 1260 Pharnabazus,

221 1270 284 1300 διε.
342 1270 431 1300 Nam
466 1269 498 1300 in
536 1269 763 1309 Hellesponto
793 1268 920 1300 factam

221 1327 296 1349 esse
325 1318 412 1349 hanc
442 1328 587 1359 pugnam
626 1328 701 1349 cum
743 1318 815 1357 alii,
849 1322 921 1349 tum

221 1369 324 1400 etiam
340 1369 494 1399 Frontin.
513 1369 620 1399 tradit
636 1378 676 1399 11.
694 1378 767 1408 cap.
785 1373 815 1399 5.
837 1368 846 1384 ‘
863 1368 921 1399 Al-

221 1418 372 1449 cibiades
389 1418 457 1449 dux
474 1418 729 1449 Atheniensium
742 1418 775 1448 in
788 1418 922 1449 Helles-

221 1474 327 1510 ponto
351 1469 511 1500 adversus
527 1470 750 1500 Numidarum
766 1474 801 1500 et
818 1470 922 1500 Lace-

222 1519 466 1550 daemoniorum
497 1519 618 1550 ducem
658 1529 733 1549 cum
774 1519 921 1558 amplum

221 1569 412 1600 exercitum
438 1574 473 1599 et
496 1569 609 1609 plures
634 1578 736 1599 naves
758 1566 923 1607 hal)eret‚'

220 1621 286 1651 &a
331 1619 399 1650 Sed
416 1619 627 1659 ineptissima
651 1624 703 1650 est
723 1619 795 1649 haec
816 1619 922 1649 Fron-

219 1669 281 1699 tini
296 1669 376 1701 lect.
421 1669 504 1701 Quis
521 1670 611 1700 enim
636 1679 782 1710 unquam
807 1669 922 1709 prodi-

219 1718 283 1759 dit,
315 1719 481 1750 Numidas
512 1719 783 1750 Lacedaemoniis
822 1729 921 1760 opem

219 1769 357 1799 tulisse?
404 1769 498 1800 Nihil
521 1770 647 1800 certius
664 1774 727 1809 est,
743 1779 842 1810 quam
869 1779 922 1801 re-

218 1819 390 1850 scribend.
418 1828 504 1858 esse,
541 1820 686 1850 adversus
722 1820 919 1858 Mindarum,

217 1868 518 1899 Lacedaemoniorum
530 1870 647 1900 ducem.
660 1870 761 1900 Voss.
786 1869 825 1900 In
837 1870 921 1900 Mss.

217 1919 385 1959 Bongars.
413 1924 488 1950 erat
513 1919 795 1958 Zestromindarus,
816 1920 920 1960 scrip-

218 1974 296 2000 tura.
323 1969 456 2001 vitiosa.
502 1970 653 2010 Legend.
685 1974 798 2001 autem
830 1969 921 2000 Sesto

219 2019 397 2059 Mindarus,
423 2022 476 2060 fise.
519 2019 608 2050 Sesto
631 2025 745 2051 antem
772 2020 918 2060 positum

216 2079 235 2100 a
251 2069 388 2101 Justino
413 2070 479 2101 fuit
505 2080 580 2110 pro,
606 2070 648 2101 ad
668 2070 803 2100 Sestum
827 2068 918 2110 (qua-2

217 2119 296 2149 urbs
323 2123 376 2150 est
399 2120 683 2160 Hellespontiaca
708 2121 743 2150 in
770 2129 829 2150 ora
852 2121 919 2150 Eu-

217 2168 340 2211 ropae),
364 2173 402 2200 ut
427 2170 506 2201 alibi
521 2170 642 2211 Abydo,
665 2179 740 2210 pro,
763 2170 804 2200 ad
825 2169 903 2210 Aby

216 2218 295 2249 dum
321 2219 373 2260 (in
404 2229 462 2250 ora
487 2220 770 2260 Hellespontiaca
786 2220 916 2259 Asiae):

216 2277 259 2300 11.
285 2279 314 2300 c·
340 2272 392 2300 13.
413 2271 423 2287 ‘
449 2269 517 2300 Sed
541 2269 658 2301 Graeci
683 2270 800 2300 audita
830 2270 918 2310 regis

216 2317 299 2359 fuga
328 2319 504 2350 consilium
529 2320 649 2350 ineunt
676 2320 788 2359 pontis
812 2320 917 2351 inter-

215 2369 408 2409 rumpendi,
440 2378 539 2410 quem
574 2369 631 2399 ille
662 2369 783 2410 Abydo
823 2371 917 2401 velut

215 2418 326 2450 victor
354 2419 457 2450 maris
486 2418 644 2450 fecerat)
689 2420 746 2450 Sic
773 2424 809 2450 et
836 2420 917 2450 alibi

217 2469 227 2486 ‘
245 2469 358 2510 Cypro
374 2469 576 2510 exsulabat‚’
595 2480 669 2510 pro,
695 2480 749 2510 ap.
766 2471 917 2511 Cyprum

216 2519 279 2550 ins.
325 2520 382 2551 Sic
399 2525 433 2551 et
449 2528 512 2551 xx.
529 2523 559 2551 3.
582 2520 590 2537 ‘
607 2520 696 2550 Nam
712 2521 830 2551 eadem
848 2521 915 2560 die,

217 2579 284 2609 qua
309 2570 344 2600 in
370 2570 468 2602 Italia
493 2575 680 2611 pugnatum
703 2575 768 2610 est,
792 2576 828 2601 et
852 2571 915 2601 Co-

215 2619 338 2661 rintho,
360 2626 395 2652 et
418 2620 576 2658 Athenis,
605 2626 641 2652 et
670 2620 916 2652 Lacedaemone

216 2670 372 2701 nuntiata
400 2676 452 2702 est
482 2670 646 2703 victoria!
690 2672 799 2703 Porro
824 2672 915 2703 istud

215 2719 514 2752 Lacedaemoniorum
531 2722 646 2752 delere
663 2722 780 2753 debes.
825 2723 914 2753 Nam

217 2768 458 2801 Pharnabazus
470 2772 651 2802 Persarum
662 2776 816 2811 satrapes
830 2777 916 2812 erat,

217 2827 282 2849 non
324 2819 394 2850 dux
440 2821 788 2853 Lacedaemoniorum.
837 2822 915 2854 Fab.

220 2867 326 2900 Codd.
344 2869 425 2902 Mss.
440 2880 566 2912 omnes,
582 2876 618 2903 ut
635 2872 743 2912 Bong.
755 2875 914 2909 testatur,

975 417 1102 450 habent
1126 420 1428 451 Zeseromindareus:
1452 425 1486 452 et
1514 425 1597 452 vett.
1623 426 1676 462 ty-

976 469 1026 509 pis
1043 469 1195 509 expressi
1220 470 1325 501 Bech.
1350 475 1384 501 et
1399 471 1488 502 Sich.
1506 471 1675 503 Zea-tremi-

975 521 1079 550 darus.
1126 521 1227 551 Unde
1254 521 1297 551 cl.
1319 521 1414 552 Voss.
1440 523 1574 561 legend.
1600 533 1677 554 cen-

976 574 1029 600 set
1043 570 1119 600 Jam
1134 569 1218 600 Sesti
1233 570 1410 602 Mindarus.
1456 571 1503 602 At
1525 581 1588 612 ego
1606 583 1677 604 mu-

976 623 1048 650 tata
1079 620 1317 650 terminatione
1350 620 1462 650 malim
1487 622 1562 652 Jam
1588 622 1676 654 Sesto

975 668 1161 699 Mindarus:
1197 669 1354 708 quoniam
1389 670 1421 700 in
1452 670 1560 701 Codd.
1592 671 1676 702 Mss.

975 722 1010 747 et
1026 718 1273 759 antiquioribus
1304 719 1393 759 typis
1422 719 1593 759 expressis
1622 724 1676 751 est

974 767 1103 803 Zestro;
1126 772 1162 798 et
1187 768 1267 808 quia
1289 778 1357 799 non
1382 768 1529 800 insolens
1547 770 1676 801 Nostro

973 818 1109 848 nomina
1130 818 1263 849 urbium
1290 818 1450 850 secundae
1476 819 1676 850 declinatio-

974 868 1036 907 nis,
1061 868 1089 898 si
1115 872 1226 899 motus
1253 868 1287 898 in
1315 868 1390 899 ioco
1416 873 1566 907 notetur,
1593 879 1676 900 casu

974 922 1072 948 sexto
1097 927 1235 957 ponere.
1279 918 1328 948 Ut
1349 927 1389 948 ιι.
1412 920 1463 949 13.
1488 922 1519 949 5.
1553 919 1562 935 ‘
1583 919 1674 950 Pons

973 977 1073 1009 quem
1089 968 1145 998 ille
1165 968 1286 1009 Abydo
1302 967 1458 999 fecerat.’
1504 969 1550 1000 Et
1566 978 1674 1001 xvlu.

973 1022 1004 1050 4.
1017 1021 1049 1049 3.
1066 1022 1075 1036 ‘
1087 1019 1170 1050 Cum
1188 1019 1326 1049 interim
1345 1028 1406 1049 rex
1417 1019 1504 1058 Tyro
1517 1018 1676 1050 decedit.’

973 1068 1018 1098 Et
1033 1077 1095 1098 xx.
1113 1071 1143 1099 3.
1161 1071 1192 1099 9.
1215 1068 1224 1085 ⁶
1250 1068 1415 1099 Corintho
1439 1074 1490 1099 est
1519 1069 1675 1100 nuntiata

972 1118 1137 1149 victoria!
1180 1119 1288 1158 Bong.
1305 1122 1341 1149 et
1363 1119 1528 1149 Bernecc.
1552 1129 1675 1150 nomen

972 1168 1051 1208 loci,
1080 1168 1137 1199 ubi
1164 1169 1341 1200 Mindarus
1370 1173 1405 1199 et
1434 1169 1674 1200 Pharnabazus

973 1224 1214 1258 expectarunt,
1230 1228 1368 1259 prorsus
1384 1220 1576 1259 neglexere.
1607 1221 1674 1250 Ve-

973 1278 1046 1299 rum
1072 1268 1174 1299 facile
1202 1269 1418 1309 intelligitur,
1441 1269 1520 1310 quia
1543 1269 1675 1300 Auctor

972 1319 1147 1350 instructis
1177 1319 1252 1350 illos
1284 1319 1426 1350 navibus
1456 1326 1674 1360 exspectasse

972 1369 1104 1409 scribit,
1128 1370 1228 1401 eund.
1249 1369 1401 1400 additum
1418 1370 1499 1401 item
1515 1371 1672 1403 voluisse,

973 1420 1030 1450 ubi
1052 1421 1281 1460 expectarint.
1326 1420 1420 1451 Nihil
1443 1425 1556 1451 autem
1583 1431 1674 1452 com-

972 1469 1116 1509 modius,
1140 1480 1239 1510 quam
1256 1471 1355 1501 Sesto
1377 1480 1433 1501 eos
1459 1476 1673 1511 expectasse.

973 1519 1101 1549 Notum
1128 1520 1170 1550 de
1195 1524 1310 1551 cetero
1335 1524 1389 1552 est
1415 1531 1560 1561 pugnam
1579 1522 1671 1552 illam

973 1569 1014 1599 ad
1031 1569 1161 1600 Ioniam
1178 1574 1212 1600 et
1227 1570 1259 1600 in
1277 1569 1504 1610 Hellesponto
1520 1571 1673 1601 commis-

973 1628 1042 1649 sam
1054 1618 1170 1650 fuisse.
1217 1619 1298 1660 Ipse
1313 1620 1441 1651 Noster
1453 1619 1512 1651 inf.
1526 1630 1559 1651 v.
1573 1623 1604 1651 4.
1618 1624 1670 1652 17.

972 1670 981 1686 ‘
995 1669 1071 1700 Non
1082 1669 1408 1710 Syracusarum‚sed
1423 1670 1526 1700 Ioniae
1537 1671 1671 1701 Helles-

972 1719 1148 1759 pontique,
1172 1719 1423 1759 meminerunt,'
1446 1720 1468 1751 i.
1495 1729 1526 1751 e.
1556 1730 1670 1752 rerum

972 1778 1026 1808 ap.
1044 1769 1174 1800 Ioniam
1199 1775 1234 1801 et
1258 1770 1293 1800 in
1310 1770 1535 1810 Hellesponto
1552 1771 1593 1801 ab
1610 1771 1671 1802 Al-

971 1819 1106 1849 cibiade
1123 1824 1305 1859 gestarum.
1338 1820 1520 1851 Frontinus
1536 1831 1670 1862 quoque

971 1876 1009 1898 11.
1025 1871 1055 1898 5.
1072 1868 1138 1898 ita:
1155 1869 1163 1884 ‘
1178 1868 1374 1900 Alcibiades
1390 1869 1424 1899 in
1442 1869 1669 1909 Hellesponto

970 1918 1130 1949 adversus
1140 1918 1334 1949 Mindarum
1346 1919 1410 1959 [sic
1419 1919 1506 1950 enim
1518 1919 1669 1959 legend]

969 1967 1304 1998 Lacedaemoniorum
1329 1968 1451 1999 ducem
1474 1979 1549 1999 cum
1566 1970 1668 2009 ampl.

969 2027 1084 2048 exerc.
1097 2022 1133 2048 et
1148 2018 1192 2057 pl.
1203 2027 1278 2048 nav.
1289 2017 1380 2049 hab!
1403 2019 1556 2049 Vocatur
1566 2019 1669 2050 etiam

968 2077 1082 2107 pugna
1109 2068 1150 2098 ad
1181 2068 1361 2108 Cyzicum:
1399 2079 1465 2109 qna
1493 2068 1534 2099 de
1566 2068 1668 2099 Diod.

968 2127 1051 2150 xiu.
1069 2122 1120 2150 51.
1140 2119 1242 2150 Vorst.
1275 2120 1346 2150 Sub
1364 2120 1496 2150 Persici
1513 2120 1579 2160 huj.
1596 2121 1670 2151 Sat-

967 2178 1058 2208 rapae
1079 2169 1238 2208 auspiciis
1260 2170 1409 2201 militare
1431 2180 1498 2201 non
1527 2171 1670 2201 erubue-

967 2223 1043 2249 rant
1060 2219 1322 2259 Lacedaemonii,
1344 2219 1435 2250 unde
1462 2230 1528 2251 non
1552 2221 1668 2251 imme-

966 2270 1032 2300 rito
1061 2271 1149 2300 inter
1180 2281 1294 2301 eorum
1333 2271 1437 2302 duces
1468 2277 1668 2303 numeratur

965 2321 1218 2354 Pharnabazus.
1263 2323 1446 2354 Eruditiss.
1463 2323 1511 2354 Is.
1524 2323 1665 2354 Vossius

966 2372 1152 2411 reponend.
1172 2372 1365 2412 judicabat,
1387 2374 1457 2404 adv.
1482 2373 1666 2403 Mindarum

965 2420 1040 2451 Lac.
1056 2422 1086 2451 d.
1110 2421 1164 2451 cui
1183 2422 1259 2452 lect.
1278 2422 1304 2452 si
1321 2422 1387 2452 ΜΒ.
1402 2423 1584 2453 accederet
1599 2422 1667 2453 suf-

966 2469 1128 2511 fragium,
1158 2471 1325 2502 calculum
1360 2471 1578 2503 libentissime
1609 2472 1666 2503 ad-

959 2520 1119 2560 jecerim.
1145 2521 1247 2551 Oxou.

1007 2571 1082 2600 Jam
1104 2569 1192 2600 Sesto
1217 2570 1399 2611 Mindarus]
1423 2572 1554 2612 Recepi
1579 2572 1665 2603 hanc

965 2619 1044 2650 lect.
1078 2630 1177 2660 quam
1207 2620 1345 2651 firmant
1372 2623 1458 2654 Mss.
1490 2621 1590 2662 Angl.
1628 2627 1665 2653 et

966 2669 1156 2709 probarunt
1173 2670 1310 2701 Oxonn.
1342 2675 1377 2701 et
1403 2676 1481 2701 ante
1508 2681 1564 2702 eos
1581 2673 1666 2702 Vor-

965 2720 1071 2751 stius:
1088 2721 1134 2751 Is.
1150 2726 1262 2751 tamen
1275 2722 1396 2752 Vossio
1411 2723 1454 2760 τῷ
1467 2721 1547 2752 πάνυ
1563 2722 1665 2753 debe-

966 2775 1020 2801 tur
1050 2771 1121 2801 laus
1150 2770 1222 2810 huj.
1260 2771 1514 2802 emendationis
1567 2772 1664 2804 Junt.

962 2832 1098 2863 quoque
1116 2822 1257 2862 perinde
1286 2826 1322 2852 ut
1343 2823 1439 2852 multi
1465 2822 1564 2853 codd.
1587 2822 1663 2853 Jam

965 2873 1215 2904 Zescromidarus
1229 2876 1258 2903 et
1277 2872 1506 2904 Pharnabazus.
1529 2872 1640 2903 Graev.
