2101 3419
503 352 697 382 JUSTlNl
736 353 829 382 mn.
863 354 1030 384 xxvii.
1063 356 1166 385 CAr.
1197 345 1237 386 3.

165 447 279 478 notavi
309 446 350 477 ad
374 455 423 477 VI.
450 448 478 476 1.
498 448 530 476 4.
557 445 710 483 Bongars.
758 446 857 477 Quae·

165 497 241 528 dam
269 498 369 528 etiam
394 495 436 526 ad
458 504 525 527 xn.
548 498 579 525 8.
597 498 647 526 14.
671 495 855 526 Berneccer.

163 547 314 579 Doctiss.
353 547 501 578 Gronov.
530 545 564 575 in
591 544 678 576 Obs.
710 545 777 575 suis
808 545 856 575 ita

161 597 250 629 hunc
278 598 298 629 1.
329 595 542 636 emendabat,
567 605 628 626 non
653 598 717 626 tam
739 594 857 626 amicus

161 647 276 687 dedito,
306 657 395 687 quam
417 646 512 677 hostis
524 645 646 683 fratri.-
670 644 758 686 qnod
781 645 853 685 qui-

111 710 114 713 ·
161 697 236 728 dam
253 697 351 728 codd.
368 695 570 738 praeferrent
583 705 642 726 non
658 698 722 726 tam
737 695 854 726 amicus

159 747 188 778 ei
209 747 341 778 deditus.
383 747 520 782 Verum,
551 745 614 776 nisi
644 755 697 776 me
724 745 853 776 animus

158 796 259 837 fallit,
287 796 421 828 omnino
457 806 518 836 pro
545 795 655 833 factas
686 795 852 827 scribend.

151 846 307 885 fundus,-
329 847 393 878 hoc
422 846 544 878 modo:
579 847 765 877 Ptolemaeus
793 856 852 876 non

157 897 249 928 amici
277 896 391 936 debito,
418 907 508 938 qaam
533 897 628 927 hostis
644 896 850 937 functus,8‚·c.

158 947 430 987 Subintelligitur
460 957 540 978 vero
567 946 604 977 τὸ
628 950 703 978 tam.
747 947 851 978 Certo

158 997 283 1028 certior
298 997 370 1028 haec
393 997 604 1038 conjectura.
634 997 721 1029 Voss.
766 997 854 1028 Haec

158 1055 236 1081 sunt
250 1050 586 1090 contaminatissima,
602 1054 638 1082 ut
654 1054 748 1081 recte
764 1049 854 1080 vide-

156 1105 236 1132 runt
259 1101 320 1132 vii-i
352 1101 455 1132 docti.
500 1101 568 1132 Sed
591 1101 624 1131 in
647 1101 745 1132 Junt.
767 1099 855 1139 opti-

157 1161 212 1183 me
241 1153 368 1193 legitur
382 1163 442 1184 non
463 1153 590 1184 amicior
605 1152 708 1183 dedito
722 1162 752 1191 q.
776 1151 857 1182 hosti

148 1201 267 1240 factus.
308 1203 383 1235 Quo
399 1203 478 1233 nihil
492 1207 542 1233 est
556 1202 676 1233 verius.
702 1202 808 1231 Groev.

203 1252 276 1282 Non
291 1252 418 1283 amicior
444 1252 560 1291 dedito,
582 1262 671 1292 quam
696 1251 774 1282 hosti
781 1250 852 1290 fac-

155 1301 219 1341 tus]
245 1301 356 1333 Antea
384 1302 518 1343 quidem
546 1302 576 1332 in
601 1301 777 1341 Impressis
802 1300 851 1332 ita

154 1350 347 1391 legebatur,
374 1361 434 1382 non
463 1351 554 1381 amici
579 1350 680 1382 debito
705 1361 734 1391 q.
755 1351 853 1381 hostis

149 1400 276 1438 factus.-
299 1411 373 1442 quae
401 1402 481 1432 lect.
507 1401 761 1441 corruptissima
787 1405 852 1441 est,

155 1454 191 1481 et
207 1459 226 1480 a
248 1451 380 1481 nemine
397 1455 509 1490 potest
522 1451 675 1490 intelligi.
718 1451 849 1481 Doctus

154 1505 268 1531 autem
295 1500 349 1531 ille
379 1500 581 1539 Gronovius,
607 1501 662 1541 qni
692 1501 725 1531 id
750 1500 850 1531 facile

155 1550 451 1589 animadverteret,
486 1550 687 1589 emendavit,
723 1555 761 1581 ut
798 1555 849 1581 est

154 1609 208 1639 ap.
224 1600 318 1631 voss.
342 1610 400 1630 uon
416 1603 480 1630 tam.
494 1600 609 1630 amicus
623 1600 738 1639 dedito,
759 1610 847 1640 quam

153 1649 375 1687 hostissratri;
398 1650 487 1690 quod
505 1650 669 1690 optimum
692 1654 765 1680 est:
788 1649 846 1680 sed

152 1700 206 1732 ed.
229 1701 326 1732 Junt.
353 1711 451 1741 quam
473 1710 532 1732 nos
549 1701 642 1741 quasi
657 1700 777 1731 ducem
792 1700 844 1730 hic

150 1751 257 1782 secuti
271 1761 396 1790 sumus,
409 1752 508 1791 longe
524 1751 642 1782 melius
655 1751 689 1781 id
705 1755 844 1791 praesta-

150 1800 200 1831 bit
213 1810 310 1840 quam
324 1801 531 1841 conjectura,
544 1804 579 1831 et
594 1800 730 1831 certius.
743 1800 844 1833 Quod

151 1850 280 1881 Graevii
307 1850 491 1890 diligentiae
523 1849 640 1880 referri
666 1855 844 1890 acceptum

151 1900 265 1941 debet,
280 1901 337 1942 qui
364 1901 397 1931 in
420 1901 521 1932 Notis
541 1901 606 1931 suis
622 1901 684 1931 hoc
700 1901 843 1932 monuit.

152 1951 265 1982 Faber.
291 1952 346 1984 Ita
361 1952 449 1983 hunc
467 1953 487 1984 l.
502 1952 634 1992 legend.
650 1962 722 1983 esse
738 1962 780 1983 ex
791 1952 843 1984 ed.

148 2000 246 2032 Junt.
267 2001 383 2033 docuit
401 2002 569 2041 Graevius,
583 2012 657 2033 cum
674 2002 736 2033 viri
750 2003 842 2034 docti

150 2050 259 2080 varias
286 2060 388 2091 super
420 2061 460 2082 eo
486 2052 696 2091 conjecturas
728 2052 842 2091 prodi-

148 2098 289 2139 dissent,
310 2110 391 2141 quas
412 2110 593 2131 recensere
606 2100 689 2131 nihil
703 2101 839 2132 attinet.

147 2149 283 2180 Deditus
307 2155 361 2182 est
374 2160 433 2191 pro
451 2160 490 2181 eo
504 2151 559 2192 qui
585 2150 718 2182 dedidit
741 2161 789 2191 se,
804 2155 842 2182 ut

148 2207 235 2230 xxv.
252 2204 282 2231 5.
296 2203 328 2231 2.
373 2201 418 2231 Et
433 2201 508 2231 vult
521 2200 649 2231 Auctor
662 2201 841 2232 Ptolemae-

149 2259 204 2280 um
220 2259 286 2281 non
300 2250 492 2282 amiciorem
507 2249 634 2281 factum
651 2249 757 2282 fuisse
773 2251 843 2282 An-

148 2298 273 2335 tiocho,
297 2309 373 2330 cum
397 2300 425 2330 is
442 2310 476 2330 se
492 2299 636 2340 dedidit,
652 2310 750 2341 quam
766 2310 842 2331 cum

149 2347 254 2378 hostis
276 2347 352 2380 fuit.
382 2349 481 2380 Vorst.
528 2350 600 2380 Non
614 2349 743 2380 amicior
758 2349 842 2380 dedi-

148 2402 192 2438 to,
205 2408 295 2438 quam
307 2399 386 2430 hosti
399 2399 508 2436 factus
522 2409 563 2430 ex
577 2400 598 2432 J
603 2405 673 2431 unt.
687 2401 841 2431 Vorstius

148 2448 285 2479 volente
315 2448 431 2481 GraeV.
465 2449 597 2490 recepit
628 2450 662 2480 in
695 2451 841 2483 textum.

149 2497 253 2536 Schef.

192 2550 210 2589 ᾧ
234 2551 270 2580 11
297 2548 514 2590 Familiarius]
530 2550 775 2581 Familiaritate
789 2560 837 2582 sc.

1520 346 1603 387 941

909 446 965 477 illa
983 447 1085 486 turpi,
1100 457 1163 478 nec
1179 448 1332 479 dicenda.
1375 449 1501 480 Similis
1533 460 1604 481 ver-

911 495 1028 526 borum
1051 498 1060 513 ‘
1075 498 1303 529 consuevisse'
1326 502 1362 530 et
1385 500 1533 531 ‘solere'
1549 511 1605 532 no-

911 545 956 576 tio
969 549 1030 576 est.
1054 546 1153 577 Bern.

951 596 1026 635 §12
1056 596 1199 636 Fiizz'tur]
1236 597 1327 628 Nihil
1358 598 1492 638 ambigo
1521 601 1603 630 sci-i-

907 643 1106 685 bend.finz't.
1150 646 1205 676 Sic
1221 646 1309 677 enim
1322 651 1357 677 et
1371 648 1485 679 Graeci
1496 655 1601 679 τελευ-

906 695 967 735 τᾷε
993 700 1028 726 et
1050 700 1178 734 praeter
1204 697 1287 727 alios
1312 697 1393 728 Tac.
1417 708 1464 729 vr.
1482 703 1600 731 50.10.

908 744 917 760 ⁴
931 744 1084 775 Tiberius
1112 744 1242 785 finivit,’
1271 746 1302 777 h.
1327 756 1356 777 e.
1372 752 1523 779 mortuus
1539 754 1602 780 est.

907 796 1028 837 Neque
1056 801 1181 836 tamen,
1211 806 1278 828 non
1307 798 1545 830 addicentibus
1567 801 1604 830 li-

906 846 987 886 bris,
1016 847 1142 888 aliquid
1168 852 1297 879 mutare
1319 849 1479 881 sustineo.
1506 851 1602 883 Idem.

907 896 1039 937 Optimi
1077 897 1153 928 libri
1195 898 1279 929 editi
1305 899 1408 938 juxta
1440 905 1476 931 et
1501 911 1601 932 manu

905 947 1035 978 exarati
1052 947 1181 988 finitur.
1230 949 1304 980 Nec
1332 954 1384 980 est
1409 950 1498 990 quod
1526 961 1600 982 cnm

905 998 978 1029 viro
994 998 1129 1030 doctiss.
1150 1000 1470 1043 rescribamusfinit.
1516 1003 1601 1033 Ora-

905 1049 1015 1079 culnm
1041 1054 1138 1080 vetus
1163 1060 1216 1090 ap.
1238 1050 1310 1082 Cic.
1333 1061 1375 1082 ex
1400 1051 1473 1091 ejus
1498 1053 1600 1082 versi-

905 1108 988 1131 one:
1031 1100 1253 1141 ‘Euthynous
1289 1102 1420 1141 potitur
1454 1102 1600 1134 fatorum

904 1158 1043 1180 munere
1074 1150 1164 1189 leto;
1194 1151 1249 1182 Sic
1274 1150 1338 1182 fuit
1367 1152 1484 1182 utilius
1510 1152 1599 1183 finiri

902 1199 1034 1241 ipsique
1051 1200 1205 1242 tibique.’
1249 1202 1327 1233 Sen.
1346 1203 1471 1242 Ep.74.
1499 1205 1507 1219 ‘
1521 1204 1600 1234 Sive

902 1249 949 1280 illi
966 1255 1123 1282 senectus
1139 1252 1238 1291 longa
1252 1252 1411 1293 contigit,
1426 1253 1496 1283 sive
1512 1254 1600 1284 citra

901 1304 1113 1331 senectutem
1135 1300 1250 1332 finitus
1272 1301 1348 1332 est.’
1391 1302 1468 1333 Val.
1483 1303 1531 1333 M.
1546 1312 1596 1333 rx.

902 1352 953 1381 12.
979 1350 1086 1381 Graev.
1144 1351 1311 1382 Bel-nece.
1344 1352 1425 1382 nihil
1456 1353 1600 1392 ambigit

899 1399 1034 1439 legend.
1065 1409 1140 1431 esse
1160 1401 1252 1442 finit.
1297 1401 1364 1431 Sed
1378 1401 1497 1442 finitur
1523 1412 1597 1434 rec-

901 1453 971 1480 tum
998 1454 1072 1481 est:
1110 1451 1359 1491 loquunturque
1385 1452 1434 1482 ita
1465 1457 1500 1482 et
1527 1453 1597 1483 alii.

902 1501 974 1531 Val.
989 1501 1035 1532 M.
1053 1510 1108 1532 111.
1122 1505 1152 1533 2.
1196 1503 1275 1533 Ext.
1291 1505 1322 1535 6.
1357 1502 1446 1533 ‘Suo
1464 1503 1596 1542 judicio

899 1549 1040 1582 finitus.²
1085 1553 1131 1583 Et
1158 1562 1209 1584 1x.
1236 1555 1285 1585 12.
1310 1554 1390 1584 Ext.
1411 1557 1442 1584 4.
1468 1554 1477 1570 ‘
1495 1554 1597 1585 Atro-

901 1601 971 1632 cius
988 1601 1159 1643 aliquanto
1183 1603 1362 1643 Euripides
1383 1602 1498 1634 finitus
1519 1603 1596 1634 est.’

907 1650 1009 1682 Vorst.

944 1702 1125 1742 Germanis]
1149 1703 1288 1734 Mallem
1298 1705 1452 1744 germani,
1466 1709 1504 1736 ut
1521 1714 1595 1745 ger-

899 1761 1013 1782 manos
1041 1751 1164 1784 fratres
1193 1752 1296 1785 fuisse
1328 1754 1497 1795 intelligat
1528 1765 1595 1786 non

884 1806 1021 1832 matura
1037 1807 1182 1842 tantum,
1203 1803 1261 1834 sed
1281 1804 1414 1835 casibus
1432 1806 1546 1841 etiam,
1559 1810 1595 1836 et

898 1850 1044 1883 fortuna.
1067 1853 1224 1892 Bongars.
1269 1854 1447 1894 Ingeniose
1461 1859 1496 1886 et
1516 1865 1594 1886 acu-

898 1901 1026 1932 tissime
1052 1912 1132 1933 sane
1153 1904 1370 1943 Bongarsffls,
1396 1905 1521 1944 primus
1537 1905 1594 1936 ille

896 1951 1024 1983 Justini
1036 1956 1199 1992 servator,
1221 1954 1376 1993 germani,
1390 1955 1410 1985 i.
1428 1964 1457 1986 e.
1474 1955 1530 1995 qui
1547 1956 1595 1986 ita

896 2000 1035 2041 fratres,
1061 2002 1109 2033 ita
1146 2004 1297 2043 germani
1323 2003 1526 2044 fuerunt,ut
1551 2016 1593 2036 ex

895 2052 1116 2084 similitudine
1142 2063 1280 2084 casuum
1305 2059 1339 2085 et
1370 2053 1595 2095 fortunarum,

896 2101 1017 2143 quibus
1043 2107 1187 2144 uterque
1224 2102 1438 2135 conflictatus
1472 2111 1536 2143 est,
1563 2106 1593 2136 si

895 2153 1004 2183 minus
1021 2153 1167 2193 aliunde,
1184 2152 1285 2184 facile
1301 2159 1413 2185 tamen
1425 2154 1502 2186 hinc
1515 2165 1592 2195 pos-

895 2205 948 2232 set
977 2202 1124 2242 probari.
1164 2202 1275 2233 Faber.
1326 2202 1592 2235 Distinctionem

894 2255 977 2291 puto
992 2261 1250 2292 supervacuam,
1273 2256 1309 2283 et
1324 2252 1466 2283 reddere
1481 2253 1591 2284 locum

894 2301 1083 2332 obscurum.
1129 2302 1309 2332 Cobaerent
1321 2302 1430 2332 enim:
1449 2302 1502 2334 Sic
1516 2312 1591 2343 ger-

894 2351 1001 2381 manis
1028 2351 1160 2382 casibus
1184 2352 1278 2392 quasi
1301 2351 1433 2390 fratres,
1455 2353 1476 2382 i.
1502 2362 1532 2383 e.
1556 2353 1592 2393 ii,

895 2410 978 2440 quos
995 2410 1060 2431 non
1074 2401 1159 2432 ratio
1171 2401 1332 2432 nascendi
1349 2402 1467 2442 solum,
1480 2402 1537 2432 sed
1555 2407 1590 2433 et

893 2450 1078 2481 similitudo
1105 2461 1239 2483 casuum
1254 2450 1377 2484 fratres
1393 2452 1486 2493 quasi
1502 2451 1590 2483 fece-

893 2506 958 2533 rat.
983 2500 1087 2539 Scleef.
