2174 3424
587 395 782 426 JUS'rlNl
820 396 911 427 Llss,
949 396 1016 424 ix.
1049 396 1155 426 ufir.
1187 385 1226 426 ’2.
1550 383 1633 425 761

191 490 487 531 ‘competentium
513 489 747 521 alimentorum
773 497 889 520 causa-

194 541 294 572 batur
306 540 473 581 inopiam.'

235 592 400 622 Alimentis
413 589 571 629 exhibeat]
596 590 605 606 ‘
619 589 788 620 Exliibere
800 587 808 601 ’
826 591 889 628 est,

194 642 296 680 alere,
312 645 346 671 et
363 641 523 671 alimenta
541 643 717 680 praestare.
752 637 819 669 Inf.
836 646 889 669 xl.

194 694 245 721 10.
259 693 290 721 9.
308 695 343 720 et
368 698 463 720 xxn.
480 692 510 720 l.
527 692 558 720 3.
577 690 616 719 L.
634 698 659 719 1.
687 689 704 728 ξ
721 691 751 719 1.
776 688 820 719 D.
847 687 889 718 de

194 738 294 770 Offic.
319 738 423 769 Praef.
451 738 537 769 Urb.
554 739 592 769 L.
608 741 662 769 36.
691 738 732 769 de
761 738 888 777 Negot.

194 789 292 820 Gest.
320 789 357 820 L.
374 793 404 820 5.
427 788 469 819 de
486 788 602 819 Liber.
620 797 755 828 agnose.
785 788 890 826 Bong.

192 839 272 870 vid.
300 839 447 879 Giplian.
471 838 555 869 obs.
579 847 612 878 p.
626 841 679 869 87.
696 837 721 869 f.
756 838 889 870 Ber-nec.

195 888 413 930 Antiquior-es
439 888 551 929 quaed.
577 888 656 919 edd.
683 888 809 919 habent
833 889 890 919 ali-

192 943 305 971 menta.
352 939 420 970 Sed
447 940 557 979 Bong.
584 938 692 969 edidit
717 938 889 969 alimentis.-

195 998 337 1030 eumque
368 989 535 1019 Bernecc.
566 994 618 1019 est
647 992 793 1020 secutuS.
847 989 892 1019 Et

194 1040 296 1071 credo
323 1041 431 1080 Bong.
456 1040 490 1070 in
520 1040 670 1080 plurimis
698 1049 780 1080 quos
807 1039 892 1071 vidit

195 1090 294 1121 codd.
323 1091 409 1121 Mss.
435 1091 483 1121 ita
512 1090 693 1130 reperisse.
739 1090 828 1120 Sane
856 1094 892 1121 et

196 1139 312 1171 Gifan.
329 1141 361 1170 in
381 1141 464 1171 Obs.
492 1139 532 1170 L.
551 1139 592 1171 L.
618 1140 719 1170 libros
745 1140 826 1170 Mss.
843 1139 892 1170 ita

193 1190 320 1221 habere
334 1189 524 1222 confirmat.
570 1190 668 1220 Esset
683 1194 795 1220 antem
812 1189 821 1206 ‘
835 1199 893 1220 ex-

194 1240 312 1271 hibere
324 1239 335 1254 '
370 1240 418 1270 ita
448 1249 522 1280 pro,
553 1243 759 1278 sustentare,
789 1239 893 1279 alere,

196 1290 357 1320 tolerare.
402 1290 487 1322 Quae
515 1288 717 1329 significatio
745 1298 825 1319 sane
842 1298 892 1321 XI.

197 1344 249 1372 10.
266 1344 296 1372 9.
327 1345 362 1372 et
392 1350 485 1372 xxn.
512 1344 541 1372 1.
566 1343 598 1372 3.
632 1340 833 1372 observatur
858 1341 892 1371 in

197 1391 310 1431 phrasi
330 1392 339 1408 ‘
354 1391 458 1422 vitam
481 1390 665 1422 exhibere?
708 1390 894 1430 Reperitur

199 1452 333 1483 quoque
349 1443 382 1473 in
399 1442 612 1483 antiquorum
638 1442 803 1474 JCtorum
819 1452 894 1473 ver-

198 1491 263 1531 bis,
279 1502 351 1533 quae
368 1492 403 1522 in
426 1492 579 1532 Digestis
603 1497 681 1523 sunt
708 1496 893 1523 asservata.

199 1541 248 1572 Ut
264 1541 297 1571 in
318 1541 429 1572 verbis
454 1541 592 1581 Ulpiani
609 1543 661 1572 25.
677 1544 707 1573 3.
729 1541 859 1581 ‘Siquis
876 1550 896 1571 a

199 1590 312 1622 liberis
328 1591 371 1622 ali
388 1590 571 1629 desideret,
589 1591 641 1621 vel
658 1590 685 1620 si
700 1589 813 1629 liberi,
829 1595 896 1621 uta

200 1645 343 1682 parente
371 1640 615 1679 exhibeantur,'
640 1641 661 1671 i.
691 1650 722 1671 e.
753 1641 896 1671 alantur.

201 1691 304 1732 Cujus
326 1691 458 1731 generis
481 1691 564 1722 ibid.
592 1695 628 1721 et
656 1691 753 1730 plura
770 1690 896 1722 videas.

201 1741 291 1772 Usus
314 1742 362 1772 ita
378 1740 540 1772 vocabulo
555 1744 591 1771 et
608 1740 770 1781 Cyprian.
788 1745 824 1771 ut
840 1741 898 1772 Gi-

200 1790 270 1824 fan.
285 1792 317 1822 in
336 1793 373 1822 L.
392 1792 429 1822 L.
447 1791 585 1822 monuit.
613 1791 684 1821 Vor.

244 1843 298 1882 §9
322 1842 394 1873 Non
420 1841 527 1882 opibus
550 1840 682 1880 censeri]
719 1841 802 1872 Des.
826 1840 897 1871 He·

201 1893 314 1924 raldus
332 1894 375 1924 ad
393 1893 544 1924 Martial.
562 1901 586 1923 1.
601 1895 654 1923 62.
678 1896 775 1923 notat
797 1892 805 1908 ‘
821 1901 898 1922 cen-

202 1943 269 1974 seri
281 1942 289 1955 ’
305 1943 379 1974 heic
394 1953 461 1974 non
477 1943 614 1982 vulgata
629 1942 687 1973 sed
701 1941 899 1982 elegantiori

201 1992 447 2034 significatione
479 1992 602 2032 accipi.
664 1992 899 2023 Censebantur

202 2043 345 2073 Romani
361 2052 426 2083 ope
438 2052 508 2082 sua,
525 2045 562 2072 ut
576 2041 624 2072 ait
640 2041 705 2080 ille,
717 2041 835 2081 quibus
851 2041 899 2072 fa-

201 2093 347 2124 cultates
364 2092 614 2133 suppetebant:
641 2091 762 2132 quibus
779 2095 900 2122 contra

202 2142 287 2173 nihil
302 2146 429 2183 praeter
445 2145 682 2182 paupertatem
700 2140 821 2181 inerat,
845 2150 900 2172 ca·

202 2191 272 2232 pite
289 2191 527 2223 censebantur.
573 2190 675 2221 Unde
691 2200 758 2221 vox
778 2190 818 2221 ad
836 2190 901 2222 alia

204 2240 428 2272 transfertur:
453 2245 492 2272 ut
517 2241 594 2271 Val.
609 2241 659 2271 M.
676 2250 710 2272 v.
728 2244 758 2272 3.
779 2241 789 2258 ‘
807 2239 901 2272 Aris-

203 2290 305 2331 tides,
321 2300 385 2332 quo
402 2291 506 2322 totius
519 2290 812 2331 Graeciaejustitia
823 2300 901 2322 cen-

205 2341 321 2372 setun-2
352 2341 390 2372 L.
408 2349 434 2371 1.
450 2341 494 2373 D.
511 2340 552 2371 de
568 2340 658 2372 Just.
677 2346 711 2371 et
727 2341 801 2373 Jur.
819 2341 828 2357 ‘
842 2341 902 2371 Vi-

207 2391 322 2422 demus
339 2395 456 2422 cetera
472 2400 606 2432 quoque
628 2390 786 2421 animalia
805 2390 902 2421 istius

201 2441 288 2482 juris
307 2441 429 2481 peritia
445 2440 601 2472 censeri?
650 2440 800 2471 Pulchre
822 2440 901 2472 Sen.

206 2491 329 2524 Benef.
346 2501 412 2523 vn.
429 2495 460 2523 8.
485 2492 494 2508 ‘
509 2492 620 2524 Quum
645 2491 788 2522 animum
814 2490 902 2531 sapi-

208 2543 297 2574 entis
323 2542 494 2573 intuemur
514 2544 690 2582 potentem
705 2541 850 2571 omnium
867 2544 904 2571 et

207 2602 271 2635 per
285 2593 443 2624 universa
465 2592 650 2630 dimissum,
675 2592 786 2622 omnia
812 2591 902 2621 illius

208 2652 284 2674 esse
301 2642 441 2673 dicimus
455 2652 464 2672 t
489 2651 590 2682 quum
606 2641 649 2671 ad
663 2640 725 2671 hoc
750 2640 807 2681 jus
823 2650 903 2681 quo-

208 2692 386 2728 tidianum,
399 2692 426 2722 si
436 2692 485 2722 ita
497 2700 551 2722 res
563 2690 694 2730 tulerit,
703 2690 816 2730 capite
824 2699 902 2721 cen-

211 2742 340 2773 sebitur
351 2745 370 2773 :⁹
390 2742 422 2773 h.
437 2751 466 2772 e.
480 2741 622 2781 Sapiens
637 2740 707 2779 ille,
718 2739 903 2771 secundum

210 2792 439 2833 philosophos,
455 2800 565 2821 rerum
580 2790 726 2821 omnium
740 2790 904 2830 dominus,

211 2842 238 2872 si
248 2843 305 2882 jus
320 2850 496 2872 commune
525 2839 735 2880 respicimus,
762 2839 845 2869 nihil
868 2839 904 2869 in

212 2900 349 2921 censum
365 2889 389 2920 f.
416 2893 543 2930 praeter
569 2892 671 2929 caput
700 2887 843 2927 adferet,
869 2892 906 2919 et

211 2940 299 2970 inter
316 2939 514 2980 proletarios
530 2938 736 2969 censebitur.
768 2937 905 2979 Errant,

939 489 996 528 qui
1026 489 1113 519 liunc
1143 489 1166 519 l.
1197 489 1297 520 aliter
1323 492 1506 529 exponunt.
1544 487 1636 519 Add.

937 539 1016 568 Tac.
1032 537 1096 577 Ag.
1112 541 1165 569 45.
1181 541 1213 569 2.
1239 539 1358 569 Nostr.
1375 548 1426 569 xr.
1442 541 1494 568 ll.
1508 540 1539 568 8.
1558 538 1635 568 Ber.

939 588 1054 619 Plaut.
1065 589 1202 628 Captiv.
1214 589 1308 619 Prol.
1326 592 1375 619 15.
1389 590 1398 604 ‘
1410 589 1479 618 Vos
1493 587 1546 628 qui
1562 591 1636 627 pot-

940 639 1022 668 estis
1046 647 1109 678 ope
1140 642 1254 668 vestra
1270 637 1472 668 censerierz’
1495 641 1530 667 et
1546 636 1635 667 I’lin.

940 697 1072 719 xxxvr.
1102 688 1146 719 N.
1163 689 1208 719 H.
1224 692 1254 719 5.
1277 689 1286 705 ‘
1305 689 1383 719 Non
1409 688 1534 718 vitibus
1563 691 1636 718 tan-

941 743 1011 770 tum
1024 740 1155 770 censeri
1173 739 1304 778 Chium,
1320 739 1379 769 sed
1396 737 1555 778 operibus
1569 738 1637 768 An-

940 790 1062 821 thermi
1075 789 1220 820 filiorum
1236 789 1256 818 :’
1280 793 1315 820 et
1326 789 1412 820 Min.
1429 789 1500 819 Fel.
1516 789 1549 818 in
1567 787 1636 818 Oc-

941 844 1019 871 tavo
1034 842 1084 870 37.
1106 841 1115 856 ‘
1131 840 1202 870 Nos
1226 839 1328 879 igitur
1352 838 1408 879 qui
1431 837 1578 868 moribus
1602 842 1638 868 et

941 889 1071 931 pudore
1084 889 1284 927 censemur,'
1298 891 1362 919 &c.
1388 888 1486 919 Gron.
1545 887 1637 918 Saxo

940 949 1005 970 vn.
1016 949 1047 979 p.
1062 941 1134 970 123.
1149 941 1196 969 14.
1212 939 1221 954 ⁶
1234 939 1496 977 Virtutum,n0n
1510 946 1637 976 rerum,

942 991 1169 1022 aestimatione
1185 989 1342 1021 censeri!

984 1042 1059 1081 §10
1083 1041 1231 1080 Derisus]
1267 1038 1370 1079 Angl.
1394 1038 1518 1076 irrisus,
1548 1036 1639 1078 quod

942 1095 1025 1130 puto
1041 1099 1115 1120 esse
1140 1088 1346 1129 glossatoris.
1390 1087 1470 1118 Vid.
1497 1086 1638 1118 Phaedr.

942 1140 1080 1180 passim.
1105 1139 1210 1177 Schef.

985 1191 1058 1231 §12
1083 1191 1155 1221 Non
1179 1190 1266 1220 modo
1287 1192 1336 1227 ut,
1358 1187 1427 1229 85c.]
1462 1188 1544 1228 Pro,
1574 1196 1641 1218 non

941 1240 1042 1272 modo
1059 1240 1206 1280 positum
1223 1239 1278 1278 iri,
1305 1248 1420 1269 verum
1437 1238 1540 1268 etiam
1556 1237 1641 1268 invi-

942 1291 1067 1321 olatam
1094 1299 1298 1320 mansuram.
1342 1288 1398 1318 Sic
1415 1297 1490 1328 sup.
1509 1297 1541 1319 v.
1558 1290 1589 1318 3.
1607 1290 1639 1318 3.

941 1341 950 1358 ‘
964 1341 1112 1382 Sperans
1129 1344 1166 1371 ut
1181 1340 1249 1370 dux
1267 1339 1346 1370 belli
1363 1339 1535 1378 legeretur
1547 1336 1568 1368 ε’
1594 1336 1638 1367 ad

944 1401 1044 1431 quem
1068 1391 1090 1421 l.
1116 1389 1151 1421 id
1182 1399 1286 1430 genus
1313 1389 1410 1429 plura
1440 1387 1643 1419 notavimus.

950 1441 1023 1472 Vor.

987 1493 1059 1532 §14
1085 1492 1163 1522 Cum
1176 1491 1291 1522 virtute
1312 1494 1343 1522 et
1366 1499 1490 1520 numero
1511 1491 1642 1529 proesta-

943 1546 1012 1573 rent
1029 1541 1169 1582 Scytlioe]
1194 1542 1298 1572 Bech.
1312 1540 1365 1571 ed.
1377 1540 1480 1570 habet
1491 1550 1521 1570 v.
1534 1543 1562 1570 et
1576 1540 1643 1570 ani-

944 1602 994 1622 mo
1007 1602 1038 1632 p.
1063 1592 1163 1624 Quod
1180 1591 1270 1622 idem
1284 1591 1471 1622 retinuerat
1487 1594 1522 1620 et
1533 1590 1642 1629 Bong.

946 1642 1012 1673 Sed
1029 1642 1197 1672 Bernecc.
1214 1651 1288 1672 cum
1312 1641 1416 1671 sciret
1440 1640 1474 1670 in
1494 1649 1561 1670 uno
1587 1649 1644 1670 eo-

946 1702 1020 1723 rum
1036 1693 1120 1723 Mss.
1137 1702 1219 1733 quos
1237 1693 1346 1731 Bong.
1364 1690 1461 1729 vidit,
1488 1699 1559 1721 esse
1585 1700 1644 1720 ἠα-

947 1752 1029 1773 mero
1062 1742 1163 1773 animo
1192 1745 1373 1782 praestatur,
1404 1746 1440 1772 et
1466 1740 1643 1772 nonnullos

947 1801 1082 1832 quoque
1098 1791 1188 1832 typis
1205 1801 1382 1832 expressos
1402 1791 1527 1821 habere
1543 1800 1646 1821 nume-

946 1851 993 1882 ro,
1008 1842 1097 1872 idem
1113 1842 1176 1872 hoc
1194 1841 1384 1872 resumend.
1401 1842 1548 1881 putavit.
1572 1841 1622 1872 Id.

988 1893 1071 1922 Astu
1085 1891 1242 1931 Philippi]
1277 1892 1343 1923 Qui
1361 1891 1542 1931 πανοῦργος,
1566 1893 1647 1922 vete-

947 1944 1045 1981 rator,
1057 1949 1098 1970 ex
1108 1950 1146 1971 eo
1157 1940 1264 1971 dictus
1275 1950 1296 1971 a
1304 1940 1485 1971 Demosth.
1502 1940 1644 1981 Olynth.

949 1999 974 2022 1.
992 2000 1043 2031 pr.
1067 1991 1166 2021 Bern.

992 2043 1010 2082 ξ
1028 2045 1066 2072 15
1092 2041 1187 2072 Fides
1202 2040 1315 2081 inopiae
1331 2040 1501 2081 Scythicas]
1534 2040 1646 2080 Prop-

950 2095 1004 2123 ter
1021 2101 1119 2133 quam
1144 2091 1271 2122 ‘Abii'
1296 2091 1541 2130 dictiScythae.
1578 2089 1648 2121 Bias

950 2141 1038 2172 enim
1054 2145 1093 2172 ut
1109 2141 1224 2181 vitam,
1239 2141 1288 2172 ita
1304 2141 1431 2172 victum
1448 2139 1647 2171 facultates-

952 2200 1028 2232 que,
1043 2190 1221 2231 significat.
1239 2191 1337 2222 Idem.
1369 2191 1459 2230 Ergo
1474 2195 1552 2222 ante
1569 2191 1648 2222 Phi-

950 2241 1036 2281 lippi
1054 2245 1193 2272 aetatem
1215 2240 1352 2281 Scythis
1377 2251 1443 2271 non
1468 2241 1648 2281 creditum,

950 2291 1084 2331 quando
1107 2290 1226 2331 inopes
1242 2300 1277 2321 se
1292 2289 1478 2322 ferebant?
1523 2289 1570 2322 At
1586 2300 1648 2331 ego

951 2340 1008 2371 vix
1024 2339 1145 2380 opinor
1160 2345 1225 2370 tarn
1254 2339 1313 2371 diu
1339 2340 1426 2371 hanc
1459 2350 1575 2371 eorum
1599 2341 1648 2371 la-

951 2394 1026 2421 tere
1054 2390 1137 2420 alios
1165 2390 1394 2421 conditionem
1422 2391 1586 2431 potuisse,
1612 2391 1648 2420 in

951 2444 1019 2471 tam
1046 2439 1208 2470 diuturna
1239 2449 1355 2470 eorum
1385 2440 1556 2471 claritate.
1602 2440 1647 2470 Et

951 2490 1120 2520 diversum
1135 2489 1190 2519 vel
1213 2498 1256 2519 ex
1284 2488 1416 2520 Herod.
1439 2493 1554 2528 potest
1570 2498 1649 2519 con-

952 2544 1055 2570 stare.
1100 2537 1140 2568 In
1159 2538 1226 2568 Ms.
1254 2547 1316 2578 pro
1342 2537 1497 2577 Scythicae
1525 2538 1650 2578 legitur

951 2588 1073 2619 Atheoe.
1117 2587 1277 2627 Suspicor
1294 2587 1470 2627 scripsisse
1495 2587 1586 2619 Just.
1601 2588 1648 2618 Eo

948 2648 981 2678 p.
1007 2637 1040 2675 f.
1061 2637 1086 2668 i.
1114 2636 1224 2667 Atheoe
1239 2635 1272 2674 f.
1309 2635 1422 2667 Sclief.
1466 2637 1564 2668 Fides
1594 2637 1648 2668 hic

951 2691 1050 2718 notat
1068 2686 1230 2717 indicium
1257 2687 1310 2716 vel
1338 2690 1584 2726 argumentum,
1609 2690 1649 2718 ut

953 2746 1053 2768 xxlv.
1067 2740 1099 2768 4.
1113 2739 1145 2767 4.
1169 2737 1179 2753 ‘
1195 2736 1257 2766 Cui
1275 2736 1448 2776 [Herculi]
1463 2745 1503 2767 ea
1519 2746 1572 2766 res
1585 2736 1650 2767 vir-

954 2787 1037 2818 tutis
1060 2786 1318 2817 admirationem
1335 2790 1370 2817 et
1384 2786 1649 2818 immortalitatis

953 2836 1055 2867 fidem
1085 2835 1202 2866 dedit.'
1246 2836 1320 2867 Liv.
1348 2845 1373 2866 1.
1399 2839 1449 2867 15.
1475 2837 1649 2869 ‘Quorum

955 2886 1036 2916 nihil
1066 2885 1230 2916 absonum
1256 2884 1337 2916 fidei
1361 2885 1483 2917 divinae
1509 2887 1648 2927 originis

955 2934 1210 2977 divinitatisque
1233 2939 1312 2976 post
1335 2940 1479 2967 mortem
1507 2936 1648 2969 creditae
