2174 3424
409 323 494 366 824

409 437 445 458 se
477 426 574 458 obrui
606 437 624 458 a
655 426 860 460 circumfusa
886 429 1104 461 multitudiue

409 477 599 518 persensit?
645 479 725 511 Duo
750 480 835 512 Mss.
866 480 958 512 Flor.
992 481 1105 513 Orosii

406 527 496 559 obrui
511 528 652 568 circumf-

453 579 517 614 Qui
528 584 656 620 propter
679 580 815 621 murum]
849 581 1008 621 Expunxi
1024 584 1105 621 tum,

410 629 501 670 quod
530 630 640 671 Bong.
673 636 753 662 ante
772 635 900 672 propter
930 635 1105 672 posuerat,

409 685 531 721 utpote
547 691 792 722 supervacuum
809 687 846 714 et
861 682 894 713 in
911 681 1107 723 antiquiori-

408 731 471 762 bus
485 731 563 763 edd.
579 741 645 763 non
663 741 844 772 apparens.
889 732 958 764 Pro
981 735 1108 773 propter

410 781 618 823 antiquiores
634 782 710 813 edd.
726 782 852 814 habent
865 792 969 823 prope.
991 783 1073 814 Vor.

456 833 472 872 ξ
498 835 537 862 10
560 832 681 872 Amici]
725 834 924 874 Peucestes,
951 833 1110 874 Timaeus,

411 882 596 921 Leonatus‚
629 883 821 923 Aristonus,
851 884 984 925 aliique.
1028 884 1109 916 vid.

412 933 509 963 Cnrt.
537 941 589 963 lx.
619 936 651 964 5.
679 933 735 973 qui
766 934 837 964 liaec
867 934 1045 974 eleganter
1074 937 1111 964 et

413 982 550 1022 copiose
567 987 693 1013 narrat.
717 984 814 1014 Rem.

456 1035 473 1074 ξ
500 1037 537 1065 11
562 1033 717 1074 Dejectis]
740 1035 803 1065 Est
819 1033 873 1075 qui
888 1034 1021 1072 dejectus
1033 1034 1112 1064 mal-

412 1084 473 1114 let.
522 1084 701 1116 Quomodo
731 1084 804 1115 Liv.
842 1094 976 1125 quoque
1001 1094 1035 1115 v.
1058 1087 1111 1116 21.

414 1137 465 1165 10.
491 1135 500 1151 ‘
517 1134 674 1174 Dejectis
703 1144 745 1165 ex
772 1144 867 1165 muro
895 1135 1041 1176 undique
1060 1144 1112 1165 ar-

414 1183 538 1214 matis!
582 1184 648 1214 Sed
663 1184 746 1215 illud
762 1190 891 1215 rectum
912 1189 977 1216 est.
1022 1184 1112 1215 Nam

414 1240 450 1265 et
467 1235 561 1266 Curt.
577 1243 629 1265 lx.
646 1238 677 1265 5.
697 1237 751 1265 30.
785 1235 794 1251 ‘
809 1235 970 1265 Dolabris
985 1234 1113 1275 perfre-

417 1294 498 1323 gere
515 1284 667 1324 murum,'
695 1286 758 1315 ἃς.
803 1284 861 1315 Sic
887 1285 990 1315 etiam
1016 1284 1115 1316 Oros.

415 1343 471 1365 ιιι.
507 1337 557 1364 19.
595 1334 779 1365 Berneccer.
837 1334 932 1366 Junt.
968 1335 1114 1373 dejectu&

415 1383 516 1416 Quod
542 1383 622 1415 mihi
644 1383 784 1424 arridet,
807 1385 958 1424 quamvis
976 1385 1032 1415 alii
1048 1389 1114 1415 tra-

416 1433 499 1466 dant
513 1444 627 1466 muros
640 1433 744 1465 fuisse
757 1433 946 1474 perfractos
957 1434 1116 1466 dolabris.

418 1484 527 1515 Groev.

460 1535 478 1574 ξ
502 1537 542 1565 12
565 1533 710 1575 Sagitta]
732 1538 764 1567 2.
792 1535 996 1573 cubitorum,
1018 1536 1116 1568 Curt.

420 1592 471 1615 lx.
487 1589 518 1615 5.
536 1587 586 1616 12.
608 1585 707 1617 Rern.

462 1635 552 1666 CAP.
569 1644 604 1667 x.
622 1637 638 1676 ξ)
654 1638 669 1666 l
696 1636 957 1678 Polypercltonta]
969 1638 1088 1679 Nuper
1099 1649 1119 1670 a

418 1695 472 1716 me
486 1695 547 1726 per
559 1687 737 1726 epistolam
754 1687 934 1728 quaesitum
949 1694 1014 1728 est,
1028 1689 1118 1720 unde

420 1735 530 1767 isthuc
547 1746 668 1768 nomen
681 1736 862 1768 formatum
879 1743 980 1776 esset,
994 1745 1029 1770 et
1044 1749 1119 1780 quae

420 1787 509 1818 ratio
526 1787 777 1827 compositionis
793 1787 893 1820 foret.
938 1789 978 1820 Id
995 1794 1121 1830 autem,

421 1837 502 1878 quia
528 1846 594 1868 uon
618 1837 667 1867 ita
695 1837 809 1869 multis
846 1839 1032 1880 cognitum,
1064 1841 1120 1872 hic

422 1888 542 1928 paneis
576 1888 756 1919 dicendum
789 1888 957 1928 arbitror3
996 1894 1032 1921 et
1068 1900 1122 1922 res

423 1939 526 1978 digna
562 1942 613 1969 est
650 1948 749 1979 quam
785 1939 914 1970 audias.
958 1939 1122 1977 Primum,

423 1998 625 2029 quamquam
653 1998 696 2019 ex
722 1989 825 2020 Paus.
843 1989 960 2030 didici,
974 1991 1122 2022 AEtolum

423 2039 604 2080 quemdam
640 2038 745 2070 fuisse
782 2040 837 2080 qui
868 2040 1123 2081 Polysperclion

424 2090 611 2128 diceretur,
629 2089 662 2119 id
683 2099 745 2129 ego
761 2089 830 2120 scio
854 2090 936 2121 nihil
960 2092 1001 2122 ad
1022 2092 1123 2131 Poly·

424 2139 620 2180 perchontis
644 2139 900 2179 originationem
927 2141 1118 2181 pertinere;

424 2201 503 2223 nam
525 2190 652 2232 mre'pxw
683 2201 777 2222 suum
801 2192 908 2231 sigma
937 2192 1122 2230 amitteret,

425 2242 515 2283 quod
545 2252 612 2273 non
640 2245 766 2282 potest.
811 2241 960 2281 Deinde,
986 2251 1049 2273 nec
1080 2242 1122 2273 ab

429 2291 555 2333 ὑπάρχω
579 2292 659 2323 oriri
676 2291 798 2333 potuit,
820 2301 896 2322 cum
913 2291 995 2322 illud
1012 2290 1124 2333 Alpha

428 2353 495 2375 nou
508 2347 658 2374 mutetur
682 2342 716 2373 in
739 2342 779 2373 E.
823 2341 873 2372 At
888 2340 913 2372 f.
930 2341 972 2373 ab
988 2341 1124 2383 ὑπερέχω

427 2398 494 2425 est.
538 2392 611 2424 Imo
635 2392 749 2432 etiam,
779 2391 904 2423 Graece
930 2393 1019 2424 enim
1056 2402 1122 2424 uon

428 2443 554 2475 dicitur
567 2441 699 2484 ὑπέρχω,
709 2443 767 2474 sed
780 2441 959 2484 ὑπέρχομαι.
983 2444 1036 2475 Ex
1053 2445 1125 2475 nul-

428 2495 462 2525 lo
477 2493 580 2533 igitur
605 2493 705 2524 trium
722 2493 854 2523 illorum
877 2498 991 2524 natum
1015 2498 1067 2525 est
1088 2492 1126 2524 τὸ

429 2542 713 2585 ‘Polyper-chon!
757 2543 825 2575 Sed
839 2543 948 2575 unde?
993 2545 1038 2576 Et
1054 2544 1128 2584 tibi,

431 2596 439 2611 ‘
456 2592 710 2635 Polyperchon’
737 2603 858 2625 nomen
875 2598 928 2625 est
943 2595 1128 2631 concisum,

431 2650 468 2676 et
483 2644 574 2686 quod
590 2652 763 2684 syncopen
780 2653 915 2684 passum
935 2643 1011 2676 fuit.
1054 2645 1130 2676 Pri·

430 2704 471 2726 us
487 2694 575 2725 euim
589 2692 766 2724 dicebatur
786 2692 1030 2734 Πολυπερέχων;
1051 2704 1129 2726 mox

432 2746 553 2777 dixere
585 2742 803 2784 Πολυπέρχων.
847 2745 1046 2785 Quanquam
1074 2755 1131 2776 au·

434 2800 515 2836 tem,
532 2805 574 2826 ex
590 2805 655 2836 quo
671 2794 795 2826 Graece
821 2795 908 2835 coepi
927 2795 1052 2835 legere,
1074 2796 1132 2827 ist-

434 2846 500 2876 huc
528 2845 667 2876 verbum
693 2843 831 2884 πεῤῥέχω
846 2845 880 2876 in
897 2845 937 2876 iis
960 2846 1133 2887 scriptori-

436 2896 498 2928 bus
511 2905 577 2927 non
593 2895 732 2936 legerim
748 2895 807 2938 qui
826 2895 925 2927 hodie
939 2901 1133 2938 supersunt,

866 334 1007 365 NOTAE
1041 335 1306 369 VARIORUM
1340 337 1392 368 IN

1154 430 1258 463 fuisse
1298 435 1412 464 tamen
1450 431 1529 464 olim
1566 431 1738 468 usitatum,
1775 432 1855 464 milii

1154 483 1381 515 certissimum
1403 487 1467 523 est,
1499 494 1575 515 cum
1605 483 1788 515 etiamnum
1819 485 1854 516 in

1156 533 1284 565 Glossis
1307 534 1472 574 Hesychii
1498 539 1534 566 et
1558 538 1725 574 occurrat,
1745 539 1781 566 et
1796 545 1855 565 ex·

1155 584 1313 624 plicetur.
1357 583 1533 625 Πεῤῥέχειν,
1555 584 1675 626 inquit,
1697 589 1749 616 est
1771 585 1858 625 ὑπερ·

1154 632 1249 673 ἐχειν.
1290 634 1412 675 Itaque
1437 634 1593 675 πεῤῥέχειν
1618 639 1672 666 est
1698 635 1858 675 excellere,

1152 687 1328 724 praestare3
1351 694 1455 725 quare
1476 685 1727 725 Polyperchon,
1744 685 1859 716 Excel-

1157 734 1221 765 lens
1243 738 1277 765 et
1306 734 1462 767 Eximius.
1506 735 1575 766 Sed
1602 744 1692 765 nova
1714 735 1858 776 quaestio

1157 784 1333 822 exoritur3
1359 784 1449 815 unde
1471 783 1581 816 isthuc
1597 783 1757 824 πεῤῥέχωὲ
1777 794 1856 816 nam

1158 843 1280 865 novum
1308 834 1468 875 quiddam
1490 834 1627 865 auribus
1657 834 1782 865 nostris
1808 833 1859 864 af-

1159 884 1239 916 fers.
1286 885 1380 916 Nihil
1423 884 1594 925 apertius;
1630 883 1769 924 πεῤῥέχω
1805 888 1861 915 est

1159 934 1305 975 περιέχω,
1322 939 1359 965 ut
1385 934 1533 975 Πέρφιλα,
1555 944 1677 965 nomen
1698 933 1862 974 mulieris,

1160 986 1239 1016 olim
1252 996 1307 1026 ap.
1322 986 1502 1024 Sosibiurn,
1516 995 1576 1025 pro
1589 985 1754 1026 Περίφιλα,
1765 984 1861 1016 Ama-

1161 1035 1241 1076 bilis,
1255 1040 1294 1066 ut
1309 1036 1488 1076 Pamphila
1500 1037 1558 1066 illa
1569 1035 1783 1066 Terentiana.
1806 1035 1863 1065 Ita

1162 1090 1197 1117 et
1210 1085 1412 1126 πεῤῥεθήκατο
1428 1085 1589 1116 dicebant
1605 1095 1665 1125 pro
1684 1084 1862 1125 περιεθήκα-

1161 1148 1210 1176 το,
1224 1145 1302 1166 nam
1318 1146 1378 1176 pro
1393 1134 1461 1176 περῖ
1487 1136 1552 1166 illis
1575 1140 1650 1166 erat
1672 1134 1780 1175 πεῤῥί;
1804 1135 1864 1165 ali-

1163 1185 1297 1227 quando
1313 1191 1426 1216 autem
1439 1185 1611 1216 dimidiam
1626 1186 1714 1217 vocis
1730 1191 1863 1226 partem

1164 1236 1377 1275 exterebant,
1393 1241 1429 1267 et
1445 1245 1505 1276 pro
1529 1235 1595 1276 περὶ
1619 1236 1781 1267 dicebant
1795 1247 1867 1276 περ,

1165 1291 1203 1317 ut
1219 1286 1251 1316 in
1268 1284 1325 1326 πέρ
1340 1296 1387 1325 σε,
1413 1286 1502 1327 quod
1520 1287 1562 1317 ab
1591 1287 1738 1327 Hesycb.
1760 1287 1869 1327 expli-

1165 1342 1264 1367 catur
1275 1335 1348 1376 πρός
1361 1347 1420 1373 σε;
1446 1336 1608 1367 mendosa
1629 1341 1744 1367 tamen
1759 1337 1867 1377 scrip-

1166 1390 1266 1424 tura;
1283 1396 1358 1416 nam
1374 1385 1477 1416 scribi
1493 1390 1630 1426 oportet
1643 1384 1710 1426 περί
1725 1396 1772 1416 σε.
1797 1385 1866 1417 Sed

1167 1445 1233 1477 qua
1258 1436 1445 1466 Dialecto?
1469 1435 1704 1475 Macedonica,
1732 1440 1771 1467 ut
1794 1435 1869 1476 opi-

1168 1495 1252 1524 n0r;
1279 1495 1480 1527 quamquam
1508 1491 1543 1516 et
1564 1485 1748 1525 geminatio
1770 1485 1825 1516 τοῦ
1846 1489 1868 1516 Ρ

1168 1535 1259 1576 apud
1296 1535 1439 1566 Graecos
1473 1535 1595 1567 AEolici
1632 1535 1766 1576 generis
1803 1534 1869 1566 fre-

1168 1595 1274 1627 quens
1290 1590 1376 1618 erat.
1406 1585 1484 1616 Fab.

1213 1635 1439 1677 Polyperchon]
1463 1635 1519 1667 Ita
1533 1644 1613 1667 sane
1629 1634 1788 1667 scribitur
1803 1635 1868 1667 hoc

1169 1696 1304 1727 nomen,
1328 1696 1395 1718 non
1426 1691 1558 1718 tantum
1595 1686 1630 1717 in
1658 1686 1721 1717 hoc
1754 1695 1872 1727 opere,

1169 1737 1228 1768 sed
1252 1742 1288 1768 et
1312 1737 1345 1768 in
1368 1737 1465 1769 Curt.
1489 1741 1524 1768 et
1541 1736 1632 1777 Nep.
1647 1736 1791 1767 Tantum
1803 1737 1871 1768 Be-

1170 1788 1261 1818 char.
1290 1787 1343 1819 ed.
1372 1787 1405 1818 h.
1436 1787 1458 1818 l.
1489 1786 1594 1817 habet
1628 1786 1871 1827 Polysperclwn.

1171 1838 1217 1868 Et
1240 1837 1289 1868 sic
1316 1846 1396 1868 saue
1423 1836 1591 1868 scribend.
1618 1837 1741 1868 merito
1771 1840 1872 1868 esset.

1172 1888 1296 1919 Graece
1322 1889 1410 1919 enim
1426 1888 1467 1918 ab
1484 1887 1621 1918 Arrian.
1646 1891 1683 1917 et
1698 1886 1771 1918 aliis
1787 1886 1872 1918 scri·

1171 1939 1264 1970 bitur
1291 1937 1530 1978 Πολυσπέρχων.
1577 1938 1623 1968 Et
1655 1941 1776 1968 notum
1806 1940 1872 1976 est,

1173 1998 1248 2030 quae
1265 1989 1408 2019 nominis
1425 1989 1472 2018 vis
1489 1989 1546 2024 sit,
1566 1991 1601 2018 et
1617 1986 1704 2017 unde
1721 1987 1765 2018 sit
1780 1996 1872 2018 com·

1173 2039 1318 2080 positum
1333 2049 1342 2077 ;
1359 2038 1515 2069 nimirum
1531 2046 1551 2068 a
1565 2035 1644 2067 πολὺ
1656 2041 1690 2067 et
1703 2034 1870 2077 σπέρχωνε

1173 2098 1314 2130 quorum
1333 2088 1398 2119 hoc
1428 2088 1517 2119 idem
1548 2092 1610 2125 est,
1639 2086 1727 2128 quod
1747 2097 1875 2128 urgens,

1169 2147 1321 2178 premens,
1335 2137 1507 2175 festinans.
1566 2137 1700 2167 Mentio
1732 2137 1806 2168 Viri
1836 2141 1873 2168 et

1173 2197 1239 2220 xu.
1254 2191 1305 2219 12.
1324 2191 1356 2219 8.
1371 2193 1407 2219 et
1420 2187 1514 2218 alibi.
1542 2187 1616 2218 Vor.

1215 2241 1231 2280 ξ
1256 2242 1276 2270 2
1304 2239 1432 2279 Urbem]
1457 2238 1650 2270 Cuinomen
1664 2236 1872 2270 Hamatelia.

1173 2289 1272 2321 Diod.
1290 2298 1380 2321 xvn.
1396 2291 1468 2320 109.
1495 2289 1595 2319 Bern-

1215 2338 1396 2379 Ambigeri]
1419 2339 1457 2370 F.
1486 2338 1514 2369 is
1540 2343 1605 2374 est,
1631 2347 1731 2379 quem
1757 2337 1874 2368 ‘Sam-

1174 2388 1273 2420 bum'
1305 2393 1404 2421 vocat
1429 2388 1532 2421 Diod.
1564 2397 1656 2420 xvu.
1687 2390 1760 2420 102.
1787 2388 1874 2419 ‘Sa-

1174 2438 1282 2470 mum'
1310 2439 1407 2471 Curt.
1433 2447 1485 2469 ix.
1509 2440 1537 2470 1.
1555 2440 1609 2469 20.
1645 2436 1875 2477 ‘Ambyram’

1176 2488 1275 2521 Oros.
1289 2497 1344 2521 ιιι.
1360 2491 1411 2522 19.
1433 2488 1590 2527 Bongurs.
1618 2486 1699 2518 Vid.
1712 2487 1874 2519 Reinecc.

1177 2540 1219 2571 P.
1236 2549 1292 2572 111.
1308 2549 1341 2580 p.
1360 2541 1432 2571 192.
1458 2539 1642 2570 Berneccer.
1687 2537 1726 2568 F.
1753 2537 1876 2568 rescri-

1177 2590 1279 2622 beud.
1290 2589 1459 2622 Ambisar-i.
1501 2590 1557 2620 De
1575 2597 1640 2630 quo
1655 2586 1722 2619 vid.
1737 2586 1875 2618 Arrian.

1179 2650 1214 2672 v.
1237 2640 1334 2671 Voss.
1378 2638 1559 2671 Blancard.
1585 2639 1618 2669 in
1635 2638 1736 2669 Notis
1753 2637 1794 2668 ad
1811 2636 1877 2668 Ar·

1180 2691 1263 2722 rian.
1289 2690 1483 2731 suspicatur
1511 2688 1642 2729 legend.
1671 2697 1744 2719 esse
1770 2687 1879 2726 Ambi,

1180 2742 1234 2773 vel
1250 2741 1358 2772 Sambi
1372 2741 1456 2780 regis
1466 2749 1479 2778 ‚·
1500 2745 1535 2771 et
1549 2738 1586 2770 τὺ
1603 2740 1674 2779 geri
1697 2738 1878 2779 transposi-

1182 2795 1225 2826 tis
1251 2793 1358 2825 literis
1387 2792 1591 2824 fabricatum
1618 2800 1636 2821 e
1659 2799 1742 2821 voce
1764 2789 1878 2820 subse-

1182 2848 1326 2886 quente:
1356 2853 1431 2884 quae
1468 2841 1558 2874 enim
1594 2841 1636 2872 de
1663 2850 1805 2879 veneno,
1832 2839 1876 2871 de

1183 2895 1370 2928 Ptolemaeo
1386 2893 1576 2933 vulnerato,
1600 2895 1637 2923 et
1655 2889 1808 2923 remedio
1825 2898 1876 2921 re-
