2174 3424
535 345 620 385 660

537 448 702 487 arbitr0r;
733 453 770 479 ut
795 448 961 479 interdum
976 448 1132 479 ablativis
1149 449 1232 480 libe—

537 501 582 530 ris
613 499 720 530 utitur
749 499 840 530 Just.
868 499 916 530 ita
937 504 972 530 et
995 499 1230 530 nominativis:

536 557 629 580 xxn.
646 552 678 580 4.
702 550 711 567 ‘
730 549 840 589 Hujus
867 549 999 580 consilii
1027 559 1093 579 nou
1124 550 1232 579 minus

536 601 733 631 admirabile
757 601 928 631 silentium
951 610 1049 641 quam
1066 610 1232 631 commen-

537 656 607 682 tum
620 650 702 689 fuit3
718 652 842 691 populo
855 651 918 681 hoe
930 652 1036 681 solum
1050 650 1233 691 professus,

535 702 699 732 invenisse
715 711 748 732 se
765 701 916 732 vietoriae
932 701 1042 739 viam,’
1068 703 1133 731 See.
1179 701 1232 731 Ibi

537 752 626 782 enim
641 753 649 768 ‘
663 751 849 792 professus'
881 752 1075 782 nominativ.
1097 756 1148 782 est
1174 751 1233 782 ab·

536 803 676 833 solutus.
721 801 777 831 Ita
808 806 843 831 et
870 802 971 831 alibi:
997 801 1105 832 ‘Haec
1123 802 1233 832 eonsi-

537 852 671 890 derans,
692 851 807 891 pigere
824 861 899 881 eum
918 851 1043 891 coepit,'
1061 861 1134 892 pro,
1149 853 1231 882 Cum

537 902 609 933 haee
640 901 883 940 consideraret,
915 906 982 932 tum
1011 911 1084 931 eum
1116 902 1231 942 pigere

537 953 653 992 coepit.
698 953 761 982 Est
778 961 912 992 quoque
929 951 1018 982 aliud
1041 953 1232 992 exemplum

535 1004 569 1033 'm
588 1012 653 1035 vu.
689 1003 794 1043 Cujus
811 1002 899 1032 haud
917 1002 1072 1042 equidem
1088 1012 1233 1033 comme-

536 1053 616 1083 mini
632 1053 723 1084 satis.
767 1052 813 1083 At
832 1052 863 1082 iu
882 1061 931 1082 Χι.
956 1055 987 1082 7.
1011 1052 1074 1082 hoc
1097 1061 1233 1092 expres-

537 1112 609 1132 sum
626 1107 690 1142 est,
707 1105 744 1132 et
760 1102 944 1132 disertum:
979 1101 988 1118 ‘
1007 1102 1233 1131 Percontatus

537 1163 610 1184 eam
627 1164 724 1194 quem
745 1152 955 1193 potissimum
980 1162 1138 1191 augurem
1156 1162 1233 1182 con-

536 1205 676 1242 suleret,
707 1204 765 1233 illa
789 1202 998 1242 respondet:
1021 1204 1084 1233 See.
1131 1202 1234 1232 Deni-

537 1264 603 1294 que
619 1259 652 1284 et
671 1254 777 1285 multa
792 1253 865 1293 ejus
883 1253 1014 1293 generis
1039 1263 1092 1292 ap.
1110 1252 1234 1282 Home-

537 1315 609 1335 rum
627 1305 800 1335 literarum
826 1308 1001 1344 parentem
1025 1302 1234 1333 animadver-

537 1355 583 1393 ti;
601 1355 658 1385 sed
677 1354 709 1384 in
727 1354 787 1385 hoe
804 1353 930 1394 oppido
943 1354 1082 1384 Graecos
1099 1353 1235 1383 charac—

538 1410 628 1435 teras
645 1414 710 1435 non
727 1405 834 1436 liabeo
851 1404 945 1444 queis
968 1405 1016 1434 uti
1035 1403 1157 1443 possim
1175 1403 1235 1433 nisi

537 1455 673 1485 invitus.
696 1454 808 1485 Faber.
855 1454 985 1494 Aliquis
1008 1453 1091 1484 Cod.
1119 1453 1183 1484 Ms.
1200 1457 1236 1484 et

538 1505 744 1545 antiquiores
763 1504 853 1544 typis
877 1504 1042 1544 expressi,
1071 1508 1108 1534 ut
1135 1504 1234 1535 Junt.

538 1554 641 1585 Becli.
669 1558 704 1584 et
734 1554 803 1591 alii,
824 1553 949 1583 habent
968 1552 1237 1583 ‹Ienzuztz'antium:

536 1604 569 1634 id
588 1604 676 1644 quod
695 1604 832 1635 Graevio
849 1608 884 1634 et
899 1604 1022 1643 placet.
1068 1604 1112 1634 Et
1124 1613 1237 1633 assen-

538 1655 621 1684 tirer
638 1654 796 1694 ipse,nisi
809 1653 995 1684 Auctorem
1014 1658 1048 1683 et
1065 1653 1143 1683 alibi
1157 1663 1236 1683 casu

538 1708 637 1734 sexto
669 1704 841 1743 participii
868 1704 914 1734 ita
939 1713 1044 1740 usum,
1068 1708 1102 1733 et
1122 1713 1235 1733 (tasum

539 1758 671 1784 sextum
691 1754 895 1794 pronominis
922 1753 1145 1784 subaudiend.
1163 1753 1237 1784 reli-

538 1805 663 1846 quisse,
676 1805 808 1836 scirem.
853 1804 919 1835 Inf.
939 1808 1128 1836 vui.5.10.
1152 1806 1160 1821 ‘
1175 1806 1238 1835 Ve-

540 1855 694 1886 rentibus
709 1865 750 1885 ne
769 1856 850 1895 ipsae
868 1856 1026 1895 lacrymae
1044 1864 1105 1895 pro
1121 1859 1238 1885 contu-

538 1906 645 1936 macia
662 1904 888 1935 haberentur!
936 1905 1065 1935 Rursus
1083 1908 1236 1935 xxi11.2.

539 1960 570 1987 5.
593 1960 603 1973 ⁴
620 1957 671 1986 Ex
687 1965 750 1996 qua
762 1955 997 1996 desperatione
1013 1955 1134 1985 bellum
1150 1957 1238 1985 inter

539 2007 645 2038 filium
663 2010 888 2046 nepotemque
905 2006 987 2045 ejus,
1010 2015 1150 2045 reguum
1167 2006 1238 2045 jam

540 2058 632 2098 quasi
664 2057 787 2088 mortui
826 2056 1085 2094 vindicantibus,
1109 2055 1238 2086 oritur.’

541 2108 610 2138 Ubi
641 2108 795 2138 Graevius
831 2116 873 2136 ex
911 2107 965 2136 ed.
994 2106 1090 2138 Jnut.
1125 2106 1239 2144 legere

541 2159 657 2189 mallet
677 2159 877 2188 vindicantes.
923 2157 989 2187 Sed
1008 2157 1073 2188 vid.
1092 2157 1188 2197 plura
1206 2155 1237 2186 id

542 2218 647 2247 genus
678 2207 738 2239 inf.
769 2209 803 2238 in
829 2207 928 2238 Notis
955 2207 995 2237 ad
1021 2216 1099 2237 vni.
1124 2211 1155 2237 5.
1188 2209 1239 2237 10.

549 2258 651 2288 Vorst.
697 2257 763 2288 Alii
793 2257 1026 2288 vindicantium.
1070 2257 1136 2287 Sed
1173 2267 1241 2287 mu-

543 2307 636 2338 tand.
672 2308 718 2338 nil
749 2307 896 2339 videtur.
943 2307 1088 2338 Consule
1125 2307 1238 2337 Vorst.

544 2357 575 2388 li.
590 2358 610 2388 l.
635 2357 740 2396 Sches.

589 2408 654 2437 Nec
686 2417 839 2447 passuras,
877 2411 911 2439 ut
949 2408 981 2438 in
1016 2406 1242 2448 posteritatem]

544 2457 696 2488 Fra-insli.
714 2458 870 2488 rescribit
884 2459 953 2489 ita:
979 2468 1033 2489 nec
1045 2469 1079 2498 J).
1095 2458 1128 2488 in
1143 2461 1242 2497 poste-

543 2517 624 2546 rum,
650 2511 695 2547 ut,
719 2510 771 2548 Esc.
817 2509 923 2548 Bene,
948 2512 985 2539 ut
1013 2513 1116 2548 puto:
1142 2507 1169 2537 si
1194 2511 1243 2538 ta-

543 2568 621 2589 men
635 2560 724 2591 Just.
743 2560 789 2590 ita
806 2560 954 2600 scripsit,
969 2560 1104 2600 quinon
1118 2557 1242 2599 ubique

546 2608 642 2639 nimis
659 2609 755 2640 bene.
781 2610 963 2640 Berneccer.
1007 2609 1062 2641 Jo.
1078 2609 1243 2647 Peyrare-

546 2659 619 2697 dns,
644 2659 766 2689 nobilis
787 2659 991 2700 Aquitanos,
1022 2658 1116 2698 legit,
1140 2668 1194 2688 nec
1211 2668 1243 2697 p.

543 2712 579 2739 ut
594 2710 659 2740 sine
673 2711 867 2749 posteritate,
883 2712 934 2746 &aa
966 2710 1064 2740 Voss.
1094 2708 1241 2739 Freinsli.

547 2759 609 2797 legi
642 2760 747 2798 malit,
776 2760 807 2790 in
837 2763 1012 2799 posterum3
1040 2759 1140 2800 idque
1164 2762 1243 2790 ante

544 2811 552 2825 ‘
567 2808 624 2840 ut.'
672 2810 796 2841 Verum
813 2811 889 2851 quia
906 2810 1016 2840 nullus
1042 2810 1106 2840 Ms.
1123 2810 1178 2849 qui
1195 2809 1243 2839 sic

545 2859 681 2898 habeat,
704 2860 833 2891 laudari
849 2865 976 2900 potest,
1004 2859 1171 2891 retinenti.
1190 2869 1246 2900 po-

548 2910 613 2939 tius
649 2909 680 2939 in
715 2911 939 2950 posteritatem.
997 2910 1096 2943 Quod
1132 2915 1244 2941 tamen

997 356 1137 387 No'rAE
1174 357 1431 388 VARioRUM
1469 358 1515 387 ΙΝ

1281 449 1362 480 nihil
1390 450 1480 481 aliud
1504 450 1558 481 hic
1586 460 1661 481 esse
1689 454 1800 491 potest
1819 460 1927 491 quam,
1945 450 1977 481 in

1282 506 1467 540 posterum,
1482 501 1652 541 deinceps.
1674 502 1772 531 Vorst.
1797 500 1978 541 Cogitand.

1283 561 1323 582 an
1338 562 1402 583 non
1418 563 1436 582 a
1452 553 1579 584 Justini
1596 562 1693 583 manu
1710 551 1834 584 fuerit:
1864 552 1897 583 in
1908 562 1979 592 pos-

1283 605 1378 633 teram
1389 607 1524 641 oetatem,
1541 602 1864 643 postcompendiose
1873 602 1979 642 serip-

1284 657 1365 692 tum,
1380 654 1411 683 in
1425 657 1538 692 poster.
1555 656 1696 683 aetatem:
1724 661 1802 695 mox
1818 652 1978 692 conjunc-

1283 703 1341 733 tim
1364 706 1603 742 poster-motem,
1622 707 1657 733 et
1674 702 1722 732 sic
1739 701 1864 733 factum
1877 705 1979 742 poste-

1282 752 1417 783 ritatem.
1441 751 1552 783 Sclief.

1325 803 1341 842 ξ
1367 804 1404 832 17
1444 801 1509 831 His
1547 800 1857 840 igitur....imposnit]
1902 799 1978 831 Hoc

1283 852 1382 882 etiam
1401 852 1551 891 arripere
1569 854 1727 891 poterant
1742 850 1796 880 isti
1819 850 1980 881 Praeada-

1282 902 1437 932 mitorum
1476 901 1718 931 Somniatores.
1764 901 1854 930 Hinc
1889 900 1978 931 enim

1283 952 1476 992 planissime
1507 950 1699 989 conficitur,
1723 950 1865 990 Scythas
1891 950 1981 980 inva-

1283 1002 1362 1032 sisse
1380 1001 1493 1032 Asiam
1508 1000 1767 1031 Meridionalem
1780 1000 1876 1030 annis
1887 1003 1980 1031 1500.

1282 1051 1364 1093 (non
1384 1051 1469 1082 adeo
1487 1051 1583 1081 multi
1607 1050 1745 1092 desunt)
1768 1056 1846 1081 ante
1863 1051 1983 1082 diluvi-

1285 1112 1337 1132 um
1356 1103 1546 1133 universale
1562 1113 1570 1140 3
1589 1102 1675 1143 quod
1692 1102 1791 1142 quale
1808 1102 1851 1132 sit
1866 1111 1981 1132 omnes

1285 1152 1400 1183 videre
1419 1158 1576 1192 possunt:
1603 1162 1678 1182 cum
1704 1152 1759 1182 illa
1783 1152 1910 1182 eluvies
1925 1161 1981 1182 ac-

1285 1204 1407 1235 ciderit
1437 1204 1479 1235 A.
1508 1205 1559 1235 Μ.
1592 1207 1687 1235 1656.
1713 1208 1747 1235 et
1772 1208 1847 1244 post
1880 1204 1980 1244 paulo

1286 1255 1435 1294 regnarit
1479 1255 1636 1286 eonditor
1672 1255 1729 1285 ille
1765 1253 1980 1295 Assyriorum

1286 1306 1408 1337 Ninus.
1455 1306 1519 1336 Sed
1541 1307 1625 1343 lraec,
1650 1305 1699 1336 uti
1716 1305 1869 1335 dicebam
1883 1314 1982 1344 supe-

1286 1357 1365 1393 rius,
1378 1356 1466 1386 inter
1479 1354 1607 1386 fabulas
1623 1353 1762 1393 referre,
1778 1364 1875 1394 quam
1892 1354 1982 1384 inter

1286 1410 1380 1435 certa
1397 1410 1432 1435 et
1454 1405 1588 1435 stabilia
1609 1405 1734 1435 veteris
1750 1404 1896 1434 historiae
1913 1413 1982 1434 mo-

1286 1460 1459 1494 numenta,
1497 1456 1601 1486 multo
1646 1454 1750 1485 fuerit
1786 1454 1983 1485 consultius.

1287 1506 1373 1536 Nam
1391 1506 1501 1536 isthuc
1519 1507 1616 1546 plane
1634 1515 1749 1536 verum
1776 1509 1840 1544 est,
1866 1504 1983 1535 Ethni-

1286 1566 1401 1586 corum
1415 1556 1655 1596 antiquitatem
1670 1559 1774 1585 totam
1786 1562 1873 1594 pene
1886 1552 1982 1584 fabu-

1286 1606 1389 1636 losam
1406 1615 1497 1644 esse3
1528 1606 1616 1646 quod
1635 1604 1733 1645 primi
1750 1604 1797 1635 illi
1819 1603 1983 1634 Ecclesiae

1288 1656 1486 1686 Christiana³
1530 1657 1700 1686 Doctores
1739 1654 1853 1685 multis
1891 1662 1984 1694 saepe

1287 1707 1491 1746 argumentis
1504 1706 1701 1747 probavere.
1726 1704 1835 1736 Faber.

1331 1758 1417 1788 CAP.
1446 1767 1495 1788 iv.
1519 1759 1535 1797 ς
1551 1760 1566 1787 1
1585 1757 1658 1788 Βιιο
1669 1754 1900 1796 regiijutenes]
1921 1755 1985 1786 Το-

1288 1811 1358 1838 tum
1373 1808 1404 1837 h.
1423 1808 1442 1838 l.
1460 1806 1504 1839 ef.
1521 1817 1596 1837 eum
1619 1806 1719 1838 Oros.
1745 1816 1767 1837 1.
1784 1809 1834 1837 15.
1879 1806 1924 1836 Et
1941 1805 1983 1836 de

1288 1857 1516 1888 Amazonibus
1527 1856 1680 1897 quaedam
1693 1855 1821 1887 Herod.
1836 1864 1884 1886 lv.
1898 1855 1987 1885 Mul-

1288 1911 1321 1937 ta
1353 1907 1455 1939 Diod.
1487 1916 1525 1938 ιι.
1557 1912 1592 1937 et
1621 1906 1734 1937 Strab.
1760 1915 1799 1937 11.
1827 1905 1885 1946 qui
1913 1905 1986 1935 haec

1288 1956 1442 1987 fabulosa
1461 1956 1610 1996 judicat.
1648 1955 1727 1986 vid.
1755 1960 1790 1986 et
1818 1954 1985 1986 Ammian.

1288 2015 1379 2037 xxii.
1408 2012 1443 2036 et
1472 2007 1625 2037 Eustath.
1650 2006 1682 2036 in
1708 2005 1925 2045 Dionysium,
1951 2009 1987 2036 et

1287 2056 1404 2096 Steph.
1436 2057 1468 2086 in
1490 2055 1634 2095 Ἔφεσος.
1662 2056 1823 2094 Bougars.
1872 2055 1988 2086 le'non

1289 2107 1388 2138 Oros.
1418 2107 1474 2137 ubi
1499 2107 1570 2137 haec
1599 2106 1784 2146 excerpsit,
1799 2106 1820 2137 i.
1837 2115 1867 2138 e.
1886 2105 1942 2137 lib.
1961 2114 1987 2136 1.

1289 2167 1319 2188 c.
1339 2160 1389 2188 15.
1409 2162 1508 2188 vorat
1531 2157 1540 2173 ‘
1554 2156 1700 2187 Plinon.'
1744 2156 1873 2196 Estque
1890 2155 1937 2186 ita
1954 2156 1987 2186 in

1290 2207 1536 2248 antiquioribus
1555 2215 1687 2247 quoque
1704 2206 1795 2247 typis
1806 2205 1988 2247 expressis.

1296 2257 1397 2288 Vorst.

1333 2308 1349 2347 ξ
1374 2310 1393 2337 2
1420 2306 1640 2347 Cnppadocioe]
1669 2307 1768 2338 Oros.
1787 2306 1884 2346 Capp.
1905 2306 1990 2337 Pon-

1292 2358 1374 2388 ticoe.
1389 2357 1537 2396 Legend.
1555 2367 1596 2387 ex
1615 2357 1680 2388 Ms.
1698 2357 1862 2396 Pontique.
1880 2356 1989 2396 Bong.

1338 2408 1574 2448 Thermodonta]
1590 2409 1690 2440 Hinc.
1703 2413 1737 2439 et
1748 2408 1813 2439 Ον.
1826 2418 1874 2439 ιν.
1886 2408 1991 2440 Pont-

1295 2463 1344 2490 10.
1379 2461 1387 2476 ‘
1400 2460 1445 2490 Et
1463 2464 1498 2490 tu
1515 2458 1666 2490 femineae
1689 2459 1899 2490 Thermodon
1913 2469 1990 2500 cog-

1293 2511 1363 2541 nite
1401 2509 1544 2541 turmau'
1590 2511 1634 2541 Et
1671 2510 1832 2550 Propert.
1866 2518 1922 2541 111.
1959 2513 1990 2541 2.

1293 2561 1302 2577 ‘
1318 2560 1433 2592 Qualis
1451 2559 1692 2590 Amazonidum
1712 2559 1846 2590 nudatis
1869 2559 1992 2590 bellica

1293 2609 1444 2640 mammis
1457 2608 1734 2639 Thermodonteis
1748 2608 1847 2639 turba
1860 2608 1992 2639 lavatur

1293 2660 1409 2701 aquis!
1434 2659 1571 2691 Gronov.
1615 2659 1711 2691 Junt.
1738 2659 1991 2691 Thermodoonta.

1294 2712 1486 2751 Utrumque
1500 2710 1633 2749 dicitur,
1647 2710 1835 2740 Thermodon
1848 2715 1884 2741 et
1899 2710 1993 2741 Ther-

1293 2763 1430 2792 modoon.
1470 2760 1584 2791 Graev.
1631 2759 1732 2790 Diod.
1761 2768 1810 2790 ιν.
1841 2762 1891 2790 16.
1927 2759 1936 2775 ‘
1951 2759 1991 2790 In

1295 2812 1442 2842 Pontum
1454 2811 1527 2841 vela
1538 2809 1622 2840 facit
1634 2809 1837 2850 [Hercules]
1849 2809 1993 2840 etTher·

1295 2860 1463 2891 modoutis
1480 2859 1573 2890 tluvii
1596 2859 1690 2890 ostiis
1710 2859 1863 2890 invectus
1886 2868 1992 2899 prope

1295 2910 1551 2951 Tlieiniseyram
1582 2908 1710 2949 urbem,
1746 2908 1777 2939 iu
1808 2918 1874 2949 qua
1902 2908 1994 2949 regia
