2101 3419
367 333 452 377 878

369 441 462 472 nulla.
508 438 661 481 Requirit
684 445 762 471 sane
779 439 859 479 quid
874 438 1063 480 hujusmodi

369 500 514 531 sequens
541 493 628 521 esset.
674 490 720 520 Et
745 489 825 529 quid
863 490 891 520 si
927 489 1065 529 scripsit

372 541 559 571 Ptolemoeus
582 543 615 570 ut
640 540 689 570 cui
711 538 821 570 nulla?
845 540 958 579 potuit
982 539 1065 569 illud

372 594 406 621 ut
424 591 593 621 excidisse
611 593 752 631 propter
768 590 921 631 proxime
937 599 1065 630 praeee-

373 640 457 672 dens
473 651 519 672 uS.
541 639 655 672 Schef.
895 675 900 678 ,

417 692 435 731 ξ
458 693 497 721 15
529 690 688 722 Vindicem
715 690 806 729 regni
834 689 986 730 reliquit3
1020 699 1068 728 ne,

373 740 504 771 obducta
532 741 566 771 z'n
590 740 717 771 Italiam
733 740 910 778 juventute,
932 740 1070 779 praedam

373 791 510 821 hostibus
535 800 663 830 regnum
686 790 885 830 relinqueret]
924 789 1068 820 Auctius

376 840 580 872 membranae
603 851 687 872 meae
714 840 917 872 dictionibus
940 840 1071 880 aliquot

376 891 439 921 hoc
452 891 551 921 modo
562 901 569 921 z
586 891 737 922 vindicem
747 900 813 921 enm
824 890 915 929 regni
925 889 1049 930 reliquit
1060 899 1070 920 .·

374 941 554 981 pacificatus
582 950 650 971 cum
679 940 816 971 omnibus
835 939 996 981 finitimis,
1023 948 1072 978 ne,

379 991 509 1022 abducta
529 991 563 1021 in
588 990 715 1021 Italiam
729 990 903 1029 juventute,
924 991 976 1029 ᾅτ.
996 998 1073 1019 mea

379 1041 549 1072 sententia
571 1050 636 1071 non
662 1040 762 1071 male.
806 1039 873 1071 Sed
896 1040 1073 1070 doctorum

380 1095 453 1122 esto
476 1090 653 1131 judicium.
689 1089 827 1120 Modius.
880 1089 976 1121 Junt.
1008 1097 1074 1118 non

381 1151 478 1174 secus
505 1151 544 1172 ac
571 1140 679 1171 Modii
708 1139 909 1171 membranae
936 1137 1075 1169 vocibus

381 1191 511 1232 aliquot
548 1190 654 1221 auctis
684 1190 802 1229 legunt
836 1188 997 1227 vindicem,
1022 1189 1076 1227 ἅμ’.

382 1239 528 1271 Inferius
554 1249 666 1272 xxm.
686 1239 914 1279 ‘Agathocles
943 1247 1002 1268 rex
1028 1237 1077 1268 Si-

383 1290 471 1321 eiliae
488 1288 682 1330 pacificatus
699 1298 774 1319 cum
794 1287 1079 1326 Carthaginiensi-

383 1338 470 1371 bus!
497 1340 543 1370 Et
553 1342 643 1370 v¹.2.
660 1343 669 1355 ‘
686 1337 866 1369 Pacifieari
883 1347 958 1368 cum
972 1337 1079 1368 altero

385 1389 531 1420 statuit!
557 1389 664 1419 Groev.

430 1438 519 1469 CAP.
544 1447 602 1470 111.
642 1439 660 1478 ξ
684 1440 699 1467 l
740 1437 893 1473 Quoniam
921 1437 961 1467 acl
990 1436 1082 1477 Epiri

386 1489 567 1519 mentionem
587 1491 710 1518 rentum
725 1491 782 1526 est,
797 1489 834 1518 de
853 1487 972 1526 origine
993 1487 1083 1526 regni

384 1548 494 1579 panca,
508 1537 578 1577 ⁸5⁶²]
610 1537 734 1568 Similis
756 1546 919 1567 excursus
941 1536 1084 1567 totidem

390 1597 497 1628 prope
522 1587 633 1618 verbis
660 1586 836 1618 inchoatur
860 1595 967 1618 xviii.
994 1589 1026 1617 3.
1053 1589 1082 1617 1.

391 1639 491 1668 Rern.

435 1688 590 1723 Quoniam
604 1689 644 1718 ad
662 1687 754 1728 Epiri
768 1688 949 1719 mentionem
963 1691 1087 1718 ventum

391 1738 453 1778 est]
489 1738 579 1769 Ubi?
602 1748 675 1778 sup.
707 1739 797 1779 (cap.
825 1747 929 1778 praec.
960 1737 1016 1778 u.)
1046 1737 1085 1769 iis

391 1788 525 1819 verbis:
550 1791 558 1806 ‘
575 1788 641 1819 Sed
655 1797 717 1819 nec
731 1788 894 1828 Pyrrhus,
906 1797 965 1818 rex
980 1787 1089 1828 Epiri,

393 1840 555 1869 omissus!
599 1839 635 1869 F.
652 1843 763 1869 tamen
779 1846 846 1868 non
866 1842 918 1868 est
939 1842 1089 1868 contem-

393 1887 496 1919 nend.
522 1887 611 1928 quod
636 1887 669 1917 in
696 1886 840 1928 quodam
865 1887 931 1918 Ms.
954 1886 1091 1928 legitur,

394 1939 434 1968 ad
450 1938 571 1977 Pyrrhi
587 1940 680 1968 ment.
703 1936 816 1968 Selief.

439 1988 456 2027 ξ
478 1990 497 2017 2
521 1987 722 2017 Molossorum
748 1986 885 2026 primum
917 1986 952 2017 in
979 1996 1015 2016 ea
1042 1994 1089 2017 re-

393 2037 486 2075 gione
502 2046 629 2076 regnum
637 2036 720 2076 snit]
759 2035 913 2067 Chaones
935 2034 1091 2076 primum,

396 2087 561 2117 Molossos
604 2086 728 2117 deinde
779 2095 936 2126 regnasse
985 2084 1092 2116 refert

397 2137 510 2168 Strab.
525 2146 590 2168 vu.
613 2146 712 2177 quem
729 2136 814 2174 lege.
838 2135 943 2174 Bong.

442 2187 458 2226 §
483 2189 501 2217 3
528 2185 737 2226 Troj.te1np.]
774 2186 862 2217 Haec
886 2185 1018 2217 uncinis
1045 2185 1093 2215 in-

399 2236 507 2267 cludit
524 2236 587 2266 Ed.
603 2236 712 2275 Boug.

443 2287 461 2326 ξ
483 2288 502 2316 4
529 2286 606 2315 Cum
628 2285 660 2315 in
681 2284 840 2325 templum]
866 2285 951 2316 Mss.
967 2284 1097 2315 habeut

400 2335 433 2365 in
448 2335 571 2376 templo,
594 2334 683 2375 quod
702 2338 860 2375 tanquam
876 2334 1096 2374 incongruum

400 2384 633 2425 repudiarunt.
677 2383 796 2415 Solent
826 2387 940 2415 tamen
977 2382 1098 2423 optimi

400 2434 581 2474 scriptores
597 2443 693 2465 casus
709 2433 809 2464 hosce
825 2432 874 2464 ita
890 2437 1098 2473 permutare,

403 2493 443 2515 ac
455 2483 574 2514 similia
586 2492 626 2514 11.
640 2485 690 2514 13.
709 2482 974 2513 observavimus.
991 2480 1097 2520 Sches.

446 2533 626 2573 Lanassam,
635 2536 754 2573 neptem
766 2531 927 2572 Herculis]
938 2531 994 2563 Sic
1004 2532 1100 2563 Vett.

404 2588 440 2614 et
461 2583 555 2615 Plut.
576 2583 609 2613 in
634 2582 767 2624 Pyrrho
784 2585 815 2613 1.
840 2582 897 2623 qui
919 2591 994 2612 eam
1016 2579 1101 2612 facit

403 2633 504 2664 filiam
533 2633 590 2663 τοῦ
619 2631 767 2663 Κλεοδίου
793 2631 850 2663 τοῦ
879 2629 1011 2671 “fithom
1042 2630 1100 2671 qui

404 2682 491 2713 filius
510 2687 585 2714 erat
600 2681 772 2713 Herculis.
793 2682 899 2720 Bong.

449 2734 467 2773 ς
489 2736 510 2764 6
534 2734 578 2764 Et
590 2733 826 2765 Andromachen
842 2732 1000 2772 Hectoris,
1012 2741 1102 2772 quam

406 2786 436 2814 et
452 2783 517 2822 ipse
538 2783 731 2814 matrimonio
745 2792 799 2815 suo
813 2783 846 2814 in
861 2783 1010 2814 dii-isimie
1027 2782 1102 2814 Tro·

399 2832 484 2869 jance
499 2834 611 2871 proedoe
625 2837 794 2873 acceperat,
812 2842 940 2865 uxorem
956 2831 1102 2872 tradidit]

408 2882 464 2912 Sic
483 2882 602 2923 virgil.
623 2882 696 2915 AEn.
717 2890 774 2915 111.
797 2885 870 2915 319.
917 2887 925 2900 ‘
942 2882 1104 2915 Hectoris

820 344 961 375 NOTAE
991 344 1211 376 VARIORU
1222 346 1254 375 M
1287 346 1337 377 IN

1114 439 1363 479 Andromache,
1375 439 1522 482 Pyrr-hin
1532 438 1540 451 '
1557 437 1723 470 connubia
1737 448 1806 471 ser-

1113 490 1195 520 vas?
1211 488 1218 501 ’
1252 489 1319 520 Ubi
1345 489 1493 529 Servius,
1521 488 1530 506 ‘
1547 488 1810 519 Consuetudinis

1115 539 1219 580 regiae
1247 538 1336 578 suit,’
1366 540 1486 580 inquit,
1520 540 1529 556 ‘
1549 543 1597 578 ut,
1623 537 1809 578 legitimam

1115 598 1252 619 uxorem
1275 599 1342 619 non
1363 589 1539 629 habentes,
1556 588 1714 628 aliquam,
1729 587 1813 618 licet

1117 640 1301 680 captivam,
1325 644 1434 670 tamen
1457 649 1518 679 pro
1538 638 1691 678 legitima
1710 637 1812 668 habe·

1118 694 1215 720 rent:
1241 689 1325 720 adeo
1341 694 1380 719 ut
1394 688 1493 719 liberi
1506 698 1548 718 ex
1564 688 1636 728 ipsa
1650 687 1720 718 uati
1737 696 1812 717 sne-

1119 740 1293 771 cederent.
1328 738 1481 779 Pyrrhus
1495 738 1579 769 hanc
1597 737 1689 778 quasi
1703 736 1815 776 legiti-

1119 799 1207 820 mam
1222 789 1351 829 habuit,
1372 793 1408 819 et
1430 798 1472 818 ex
1495 797 1535 818 ea
1559 786 1664 818 filium
1688 787 1814 817 Molos-

1121 848 1193 868 sum
1222 838 1393 878 suscepit:
1431 841 1559 877 postea‚
1595 845 1671 866 cum
1712 835 1816 865 vellet

1120 888 1355 926 Hei-inionem,
1369 886 1519 917 Menelai
1537 890 1572 917 et
1596 885 1739 916 Heleuae
1754 883 1817 914 fili-

1122 947 1188 976 am,
1217 937 1331 968 Oresti
1356 937 1429 977 jam
1456 941 1535 967 ante
1565 935 1817 975 desponsatam,

1122 987 1248 1017 ducere
1275 996 1426 1024 uxorem,
1456 985 1591 1017 Orestis
1626 984 1754 1015 insidiis
1783 983 1819 1014 in

1123 1037 1250 1076 templo
1286 1036 1443 1076 Delphici
1481 1034 1650 1076 Apollinis
1687 1033 1820 1065 occisus

1124 1090 1188 1117 est.
1232 1086 1361 1116 Verum
1393 1085 1538 1116 moriens
1573 1084 1754 1124 praecepit,
1782 1087 1821 1114 ut

1125 1135 1372 1175 Andromache,
1384 1145 1456 1176 quae
1473 1134 1561 1175 apud
1578 1144 1654 1165 eum
1667 1133 1822 1173 conjugis

1126 1186 1236 1216 locum
1274 1189 1443 1224 tenuerat,
1486 1184 1621 1215 Heleno
1658 1182 1824 1221 daretur;

1127 1238 1270 1275 propter
1282 1244 1383 1275 supra
1394 1235 1521 1266 dictum
1533 1232 1743 1273 beneficium,
1758 1242 1823 1274 quo

1128 1295 1204 1317 eum
1221 1295 1239 1316 a
1255 1285 1471 1326 navigatione
1485 1284 1714 1325 prohibuerat.
1738 1284 1825 1315 Inde

1129 1334 1259 1366 factum
1286 1339 1349 1375 est,
1374 1339 1411 1365 ut
1433 1338 1566 1365 teneret
1592 1343 1731 1374 regnum
1757 1333 1827 1374 pri-

1131 1384 1236 1423 vigni,
1265 1383 1323 1424 qui
1349 1388 1559 1414 successerat
1587 1383 1689 1423 patri,
1717 1392 1736 1413 a
1760 1391 1826 1423 quo

1131 1433 1294 1465 Molossia
1309 1433 1403 1464 dicta
1425 1437 1478 1463 est
1504 1441 1581 1472 pars
1606 1432 1714 1472 Epiri,
1728 1441 1827 1472 quam

1134 1483 1286 1514 Helenus
1323 1486 1444 1522 postea
1480 1492 1500 1512 a
1535 1480 1643 1512 fratre
1679 1481 1828 1520 Chaone,

1134 1543 1234 1574 quem
1249 1532 1282 1563 in
1300 1537 1426 1563 venatu
1447 1541 1508 1571 per
1531 1531 1757 1571 ignorantiam
1781 1531 1830 1562 di-

1135 1584 1226 1614 eitur
1241 1583 1421 1621 occidisse,
1437 1582 1617 1613 Chaoniam
1635 1581 1831 1620 nominavit,

1135 1633 1228 1673 quasi
1258 1633 1298 1663 ad
1336 1632 1491 1663 solatium
1525 1630 1639 1662 fratris
1669 1630 1834 1662 extincti.⁷

1137 1684 1273 1715 Modius.
1312 1683 1413 1714 Hunc
1438 1683 1460 1714 Ι.
1486 1682 1533 1712 sic
1558 1681 1714 1712 restituas
1734 1689 1834 1720 opor-

1137 1738 1209 1765 tet:
1246 1732 1481 1764 Andromachen
1506 1731 1655 1762 Hectoris
1680 1740 1695 1761 e
1723 1729 1834 1761 matri-

1138 1784 1238 1815 monio
1260 1794 1327 1823 suo,
1349 1793 1405 1823 quo
1428 1782 1614 1823 (Helenum
1637 1790 1686 1812 sc.
1709 1784 1744 1811 et
1767 1780 1835 1810 An-

1138 1832 1356 1872 dromachen)
1367 1833 1398 1863 in
1408 1832 1554 1863 divisione
1572 1831 1711 1870 Trojanae
1722 1831 1835 1871 praedae

1138 1888 1308 1924 acceperut,
1320 1893 1445 1914 uxorem
1456 1882 1602 1913 tradidit.
1624 1882 1749 1912 Sensus
1762 1885 1814 1912 est
1827 1891 1834 1910 :

1140 1935 1308 1974 Pyrrhum
1324 1933 1456 1964 Heleno
1471 1932 1540 1963 filio
1553 1931 1678 1962 Priami
1694 1940 1836 1971 regnum

1141 1983 1326 2023 Chaonum,
1342 1992 1381 2013 ac
1398 1981 1658 2012 Andromachen
1674 1981 1837 2012 Hectoris

1141 2042 1292 2072 uxorem,
1315 2041 1413 2073 quam
1441 2031 1511 2071 ipse
1532 2031 1565 2061 in
1587 2030 1837 2061 matrimonium

1142 2086 1332 2122 receperat,
1349 2082 1380 2112 in
1399 2090 1535 2112 uxorem
1550 2080 1680 2111 dedisse
1695 2090 1704 2118 ;
1733 2079 1837 2111 Hele-

1142 2141 1204 2163 nus
1221 2131 1310 2162 enim
1328 2136 1361 2162 et
1379 2130 1613 2161 Andromache
1629 2130 1662 2160 in
1676 2129 1837 2170 Trojanae

1144 2181 1269 2222 praedae
1293 2181 1454 2211 divisione
1478 2181 1609 2220 Pyrrho
1634 2180 1839 2220 obtigerant.

1144 2232 1222 2263 vid.
1243 2232 1322 2262 Seu.
1345 2231 1470 2262 Troad.
1496 2232 1630 2261 Gronov.
1675 2230 1765 2263 Quid
1790 2235 1841 2261 est

1144 2280 1339 2312 matrimonio
1362 2280 1520 2320 accipere?
1548 2281 1632 2313 Quis
1659 2280 1708 2311 sic
1732 2280 1842 2321 loqui-

1147 2332 1227 2362 tur?
1262 2331 1347 2361 Mss.
1377 2330 1612 2361 Andromachen
1640 2330 1787 2361 Hectoris
1811 2333 1841 2361 et

1146 2380 1342 2411 matrimonio
1356 2389 1420 2419 sno,
1435 2390 1506 2419 quos
1520 2380 1554 2410 in
1569 2380 1758 2411 divisionem.
1802 2379 1843 2412 In

1148 2440 1213 2462 uno
1240 2439 1300 2470 pro
1329 2440 1401 2471 qnos
1431 2430 1554 2470 legitur
1579 2440 1680 2470 quam.
1724 2431 1770 2461 Et
1795 2429 1844 2461 sic

1149 2481 1249 2522 plane
1264 2480 1359 2513 Junt.
1385 2480 1434 2510 uti
1461 2480 1596 2511 omnino
1619 2479 1751 2520 legend.
1770 2484 1843 2511 est:

1148 2530 1382 2562 Andromachen
1394 2530 1540 2561 Hectoris
1552 2539 1566 2560 e
1578 2530 1774 2560 matrimonio
1781 2539 1847 2570 sno,

1149 2590 1239 2621 quam
1260 2582 1323 2620 ipse
1343 2580 1378 2611 in
1400 2579 1548 2610 divisione
1571 2580 1712 2618 Trojanae
1730 2581 1846 2620 prcedoe

1149 2633 1330 2670 acceperat.-
1367 2628 1640 2668 Andromachen,
1676 2639 1775 2670 quam
1812 2630 1847 2660 in

1150 2680 1366 2712 matrimonio
1395 2679 1572 2717 habuerat,
1601 2679 1751 2720 Pyrrhus
1779 2679 1847 2710 elo·

1151 2734 1208 2762 cat
1232 2729 1365 2761 Heleno
1388 2729 1517 2760 Priami
1539 2727 1616 2759 filio.
1655 2728 1762 2759 Groev.
1805 2727 1849 2758 Iu

1152 2781 1250 2814 Junt.
1272 2779 1320 2811 sic
1344 2779 1490 2819 legitur:
1514 2778 1748 2809 Andromachen
1765 2777 1850 2808 Hec-

1152 2830 1230 2862 toris
1244 2839 1260 2861 e
1274 2828 1471 2860 matrimonio
1482 2837 1548 2867 sno,
1562 2836 1651 2867 quom
1665 2827 1729 2868 ipse
1750 2827 1785 2857 in
1804 2826 1851 2856 di-

1151 2880 1267 2912 visione
1283 2878 1424 2919 Trojanae
1437 2879 1551 2919 proedae
1566 2880 1736 2919 acceperut.
1781 2876 1848 2909 Sed
