2174 3424
564 404 758 436 JUS'I'lNl
793 404 886 435 ms.
919 404 990 436 xr.
1024 405 1128 436 οΛΡ.
1158 396 1200 437 9.

196 508 275 532 cere
305 496 518 539 desperatio:
554 496 686 538 quando
720 496 882 538 paulatim

194 551 310 582 oritur.
353 549 408 580 lta
434 547 547 578 Plaut.
575 556 672 577 mores
697 556 882 578 succrescere

194 600 282 631 dixit
292 598 385 630 Trin.
403 607 426 629 1.
442 599 470 628 1.
504 600 514 614 ‘
526 597 607 635 Sed,
624 597 701 627 dum
717 597 763 628 illi
777 606 882 636 aegro-

193 653 281 687 tant,
297 647 430 679 interim
451 656 558 678 mores
581 646 660 677 mali
685 647 788 678 Quasi
809 647 882 677 her-

191 699 235 730 ba
265 698 388 739 irrigua
418 701 659 728 succreverunt
688 688 881 728 uberrime.'

190 748 295 786 Schef.
331 748 420 779 Num
444 747 547 787 igitur
571 747 643 786 jam
669 747 700 777 in
724 746 880 787 despera·

191 799 316 830 tionem
328 797 533 828 inciderant?
551 797 653 835 Nam,
664 797 691 827 si
705 802 775 828 tum
791 797 881 828 nulla

189 847 255 879 fuit
270 847 476 887 desperatio,
489 847 655 888 quomodo
668 848 779 887 potuit
791 857 880 879 cres-

188 897 288 928 cere?
324 897 497 928 Praeterea
533 897 630 927 vaide
667 897 801 938 ingrata
827 902 880 929 est

187 947 304 978 isthaec
333 946 492 987 repetitio
523 948 598 986 suis,
633 957 712 985 suos,
744 948 776 978 in
810 951 878 978 tam

186 997 301 1038 paucis
314 997 434 1028 verbis.
468 995 667 1035 Adstipnlor
680 997 782 1037 igitur
794 1007 878 1038 prae-

188 1046 335 1078 stantiss.
349 1044 533 1077 Scheffero.
564 1046 670 1077 Groev.

229 1096 391 1136 Singulas]
415 1097 476 1128 Est
491 1097 639 1137 geminus
654 1097 730 1128 huic
745 1098 767 1129 1.
784 1098 876 1130 locus

186 1156 242 1186 ap.
269 1147 341 1178 Liv.
359 1155 450 1178 xxx.
467 1150 518 1178 33.
540 1149 570 1177 8.
594 1147 627 1177 in
653 1148 726 1179 haec
751 1149 873 1180 verba:

184 1196 311 1227 ‘Varia
342 1197 530 1229 adhortatio
558 1202 631 1228 erat
660 1198 694 1228 in
723 1199 876 1230 exercitu

183 1246 274 1277 inter
289 1251 341 1277 tot
355 1246 517 1286 homines,
535 1247 654 1288 quibus
668 1257 732 1278 non
747 1249 874 1288 lingua,

183 1306 250 1328 non
276 1307 396 1336 mores,
419 1307 485 1329 non
506 1298 573 1338 lex,
595 1308 659 1329 non
684 1309 787 1337 arma,
809 1308 874 1330 non

182 1348 327 1379 vestitus
341 1349 555 1390 habitusque,
579 1359 646 1380 non
669 1360 767 1381 causa
789 1350 874 1380 mili-

183 1398 277 1429 tandi
300 1398 417 1430 eadem
441 1404 543 1431 esset.
587 1400 816 1431 Auxiliaribus
841 1404 876 1431 et

183 1458 332 1488 praesens
363 1454 399 1481 et
422 1450 647 1490 multiplicata
676 1460 804 1481 merces
833 1459 875 1480 ex

181 1498 298 1538 praeda
306 1503 505 1531 ostentatur.
527 1500 618 1531 Galli
630 1500 764 1540 proprio
774 1505 875 1540 atque

182 1548 284 1579 insito
301 1548 334 1578 in
350 1549 517 1581 Romanos
534 1550 608 1581 odio
632 1551 874 1583 accenduntur.

182 1598 360 1638 Liguribus
389 1599 496 1640 campi
524 1600 644 1631 uberes
675 1601 786 1632 Italiae
817 1601 874 1632 de-

182 1646 296 1679 ductis
336 1658 378 1679 ex
412 1649 600 1689 asperrimis
636 1650 806 1681 montibus
838 1650 873 1681 in

181 1707 274 1738 spem
298 1698 446 1730 victoriae
462 1703 686 1731 ostentantur.
731 1701 872 1731 Mauros

182 1749 410 1790 Numidasque
422 1749 620 1780 Masanissae
634 1749 812 1789 impotenti
822 1749 872 1780 fu-

181 1802 257 1830 turo
273 1798 445 1829 dominatu
462 1803 587 1830 terret:
614 1799 687 1829 aliis
703 1799 777 1829 aliae
794 1809 870 1839 spes

181 1857 220 1879 ac
236 1848 540 1888 mettrsjactantur.
586 1848 871 1888 Carthaginiensi-

179 1898 241 1929 bus
263 1899 386 1929 moenia
408 1899 538 1938 patriae,
560 1898 620 1929 Dii
644 1904 798 1939 penateS,
819 1909 870 1930 se-

178 1948 320 1988 pulchra
334 1947 521 1988 majorum,'
537 1949 599 1978 &c.
622 1948 710 1978 Mod.

221 1999 272 2039 §5
297 1999 363 2029 Nec
389 2000 526 2030 inventos
550 1999 616 2029 illis
637 2002 699 2029 toto
723 1999 794 2030 orbe
813 2009 868 2039 pa-

177 2057 228 2079 res
247 2048 343 2088 viros]
372 2048 428 2080 Ita
447 2049 520 2089 jam
537 2049 667 2089 pridem
683 2049 738 2080 hic
755 2059 868 2080 emen-

178 2098 278 2130 dand.
295 2098 393 2130 docui
410 2099 451 2130 ad
467 2100 525 2130 illa
541 2099 650 2130 Curtii
666 2099 732 2130 mei
748 2109 789 2130 ex
806 2099 864 2131 lib.

176 2157 228 2179 lv.
266 2152 274 2166 ‘
292 2148 497 2179 Macedones
526 2149 653 2179 virtute
683 2154 867 2190 assecutos,

176 2208 219 2230 ne
232 2199 305 2240 quis
319 2204 391 2230 toto
403 2199 482 2230 orbe
494 2199 588 2230 locus
601 2204 701 2238 esset,
712 2199 766 2240 qni
781 2200 865 2230 tales

175 2249 263 2280 viros
277 2249 472 2289 ignoraret!
496 2250 584 2279 Mod.
630 2249 714 2289 Opt.
730 2250 763 2280 in
779 2251 865 2280 anti-

176 2299 249 2340 quis
279 2299 357 2331 edd.
382 2300 508 2340 legitur
530 2299 669 2330 inventas
685 2323 693 2331 .
711 2322 720 2331 .
739 2323 746 2331 .
772 2301 864 2332 vires.

173 2349 222 2380 At
250 2349 297 2381 sic
324 2359 389 2380 non
416 2350 515 2381 modo
544 2349 675 2381 Auctor
699 2360 805 2382 xxxr.
833 2355 863 2383 1.

173 2401 183 2418 ‘
203 2400 256 2431 Ne
272 2409 337 2431 uno
352 2404 505 2440 tempore
521 2400 648 2441 duplici
672 2401 760 2432 bello
776 2402 865 2434 vires

174 2449 335 2481 Romanae
352 2450 604 2490 detinerentur,’
619 2450 677 2481 sed
694 2456 729 2483 et
746 2453 782 2483 Li
790 2463 819 2484 v.
837 2462 862 2484 1.

173 2502 226 2531 30.
274 2501 284 2517 ‘
301 2500 351 2531 Ut
379 2500 524 2531 omnium
556 2501 709 2532 ordinum
737 2502 862 2533 viribus

172 2549 300 2590 aliquid
318 2559 361 2580 ex
377 2559 464 2580 novo
487 2551 612 2590 populo
635 2551 863 2591 adjice1·etur.'

173 2597 241 2629 Sed
257 2607 292 2629 x.
309 2600 359 2629 14.
387 2600 397 2616 ⁴
410 2598 462 2630 Ibi
482 2599 624 2639 integrae
640 2600 725 2631 vires
741 2602 863 2634 sistunt

172 2647 387 2679 invehentem
418 2658 453 2679 se
475 2649 546 2688 jam
575 2648 789 2681 Samnitem:'
827 2656 862 2683 et

172 2698 249 2730 Val.
265 2699 311 2730 M.
329 2708 353 2730 1.
376 2701 406 2729 1.
424 2701 475 2729 15.
512 2699 668 2740 ‘Majore
694 2700 862 2732 Romana-

172 2756 244 2778 rum
260 2747 379 2778 virium
395 2747 524 2788 parte:’
547 2748 619 2789 (ubi
642 2749 778 2790 Pighius
793 2752 862 2792 legi

172 2797 244 2827 vult
259 2797 464 2829 Romanorum
485 2798 629 2830 virorum.
671 2801 738 2831 Sed
756 2807 862 2833 contr.

171 2846 273 2877 libros
294 2848 428 2888 script.)
450 2853 486 2880 et
508 2849 659 2881 Frontin.
681 2860 731 2884 1v.
757 2852 860 2885 Strat.

173 2898 204 2928 7.
221 2899 251 2927 6.
289 2897 299 2914 ‘
317 2898 481 2930 Naturam
498 2899 722 2933 Romanarum
740 2902 859 2935 virium

1537 395 1624 437 789

932 506 994 537 per
1007 497 1070 528 hoc
1086 497 1180 528 vobis
1196 498 1386 539 exemplum
1403 498 1533 530 ostendi
1545 499 1566 530 :¹
1589 505 1627 531 et

933 546 1055 577 Euseb.
1080 546 1112 576 in
1136 546 1257 578 Chron.
1279 558 1310 587 p.
1334 551 1407 579 184.
1443 549 1623 581 ‘Romanae

932 594 1043 626 vires!
1079 595 1213 626 Gronov.
1248 596 1344 628 Junt.
1368 601 1447 628 ante
1471 598 1624 629 Modium

930 643 1067 674 inventos
1083 665 1090 674 .
1109 666 1116 674 .
1135 665 1141 672 .
1158 645 1250 676 viros.
1294 645 1360 676 Sed
1388 646 1509 686 probat
1536 648 1623 678 Gro-

930 703 1006 725 nov.
1034 694 1170 725 aliarum
1197 693 1275 724 edd.
1302 695 1544 735 scriptionem:
1575 697 1623 727 in-

928 748 1036 774 ventas
1053 767 1061 775 .
1080 766 1088 774 .
1104 765 1112 774 .
1139 753 1230 784 pares
1253 744 1352 775 vires.-
1376 746 1407 775 h.
1435 755 1466 776 e.
1494 747 1623 776 exerci-

929 798 1013 832 tum,
1039 793 1095 834 qui
1121 793 1187 824 illis
1215 803 1276 833 par
1301 794 1363 825 sit:
1388 798 1424 825 ut
1447 796 1620 835 superius:

928 844 937 860 ‘
953 844 1007 874 Ne
1034 843 1298 875 Lacedaemoniis
1323 844 1388 875 illae
1415 844 1502 874 vires
1527 854 1623 875 acce-

929 893 1072 932 derent,'
1089 893 1121 925 h.
1136 903 1165 924 e.
1182 894 1303 934 copiae.
1338 894 1413 924 Nec
1429 893 1621 934 infrequen-

928 947 981 974 ter
997 943 1071 975 ead.
1088 944 1225 974 notione
1238 943 1272 974 in
1289 943 1360 974 aliis
1376 943 1458 974 locis
1476 953 1552 974 usus
1569 948 1623 976 est

928 994 1066 1026 Noster.
1112 995 1239 1026 Postea
1260 994 1366 1025 haberi
1384 996 1414 1024 et
1435 994 1568 1024 salutari
1587 996 1622 1024 ut

925 1045 1049 1083 reginus
1064 1044 1130 1075 Ms.
1153 1044 1249 1076 Junt.
1267 1048 1303 1074 et
1319 1044 1393 1074 aliae
1410 1043 1487 1075 edd.
1513 1044 1620 1075 Graev.

970 1095 1038 1126 Nec
1059 1095 1198 1126 inventos
1213 1118 1221 1125 .
1238 1118 1245 1126 .
1265 1119 1273 1127 .
1287 1095 1383 1135 viros]
1405 1095 1461 1126 Ita
1476 1104 1518 1126 ex
1534 1096 1620 1127 Mss.

926 1144 1035 1176 edidit
1059 1146 1167 1184 Bong.
1218 1145 1263 1176 Et
1285 1145 1390 1176 habet
1416 1155 1546 1186 quoque
1570 1145 1620 1176 ita

924 1195 1018 1227 Junt.
1042 1194 1090 1226 At
1103 1195 1175 1225 aliae
1188 1199 1272 1227 vett.
1285 1194 1362 1226 edd.
1374 1195 1479 1226 Bech.
1492 1200 1572 1236 puta
1583 1199 1620 1227 et

925 1244 1009 1284 Maj.
1024 1244 1299 1275 habentinventas
1308 1244 1406 1275 vires:
1424 1254 1522 1285 quam
1536 1245 1619 1276 lect.

926 1295 1074 1326 Gronov.
1083 1295 1181 1326 alteri
1193 1294 1344 1335 praefert.
1359 1295 1563 1326 Mihitamen
1572 1295 1620 1326 in-

923 1349 1029 1376 ventos
1042 1346 1124 1376 viros
1134 1346 1236 1386 magis
1249 1346 1372 1386 placet.
1402 1346 1503 1377 Vorst.
1529 1346 1616 1377 Gro-

925 1405 1001 1426 nov.
1018 1396 1202 1427 verissime.
1247 1397 1369 1426 Sensus
1386 1400 1454 1426 est:
1478 1396 1617 1427 Nullum

925 1446 1122 1485 exercitum,
1141 1445 1353 1486 quantumvis
1373 1455 1541 1485 magnum,
1556 1455 1616 1485 pa-

924 1504 996 1526 rem
1026 1505 1098 1526 esse
1128 1495 1205 1526 illis.
1238 1495 1380 1525 ‘Vires'
1410 1504 1491 1526 vero
1518 1496 1552 1525 in
1581 1495 1615 1526 h.

923 1554 1021 1575 sensu
1039 1554 1093 1584 ap.
1110 1544 1199 1576 Just.
1216 1543 1411 1585 frequenter
1435 1545 1615 1576 admodum

923 1595 1082 1626 occurrit.
1108 1595 1212 1625 Groev.

967 1647 983 1686 ᾧ
1000 1649 1018 1677 7
1045 1647 1249 1677 Consuescant
1263 1646 1366 1686 oculis,
1381 1646 1447 1687 isc]
1471 1647 1531 1678 Est
1546 1647 1614 1688 huj.

921 1696 944 1727 1.
960 1701 1042 1727 nota
1064 1696 1181 1727 fabula
1205 1697 1248 1728 de
1275 1698 1375 1737 vulpe
1402 1697 1444 1728 ad
1469 1698 1613 1738 primum

918 1747 1026 1778 leonis
1057 1751 1275 1787 conspectum
1307 1747 1480 1783 exterrita,
1509 1748 1611 1779 eund.

921 1800 1039 1836 postea
1061 1797 1168 1827 minus
1193 1797 1367 1838 minusque
1390 1795 1610 1829 formidante.

922 1847 1029 1879 ‘Quae
1057 1857 1098 1877 ex
1126 1857 1185 1878 usu
1216 1851 1306 1885 sunt,
1332 1857 1397 1878 non
1428 1847 1613 1888 timentur,'

922 1898 1087 1938 Vegetius
1102 1907 1158 1929 111.
1172 1900 1222 1928 12.
1238 1897 1295 1929 fin.
1317 1898 1326 1914 ‘
1341 1897 1461 1928 Subita
1477 1902 1610 1930 conter-

922 1953 998 1979 rent
1022 1948 1153 1979 hostes:
1186 1948 1315 1979 usitata
1338 1948 1528 1989 vilescunt‚'
1556 1949 1611 1981 Id.

921 2006 978 2028 111.
994 2001 1048 2029 26.
1071 1999 1171 2029 Rern.

963 2049 979 2088 ξ
998 2050 1017 2078 8
1041 2048 1109 2078 Nec
1125 2048 1220 2079 Darii
1241 2048 1345 2087 segnis
1367 2058 1458 2088 opera
1479 2050 1513 2080 in
1527 2050 1611 2081 ordi-

917 2100 1019 2129 nanda
1033 2100 1096 2129 acie
1110 2098 1196 2138 fuit]
1218 2098 1273 2129 Ita
1296 2098 1501 2139 antiquiores
1524 2101 1612 2141 typis

919 2148 1080 2188 expressi.
1102 2149 1147 2179 Et
1159 2148 1298 2179 retinuit
1314 2158 1385 2178 eam
1402 2149 1480 2180 lect.
1498 2150 1608 2191 Bong.

918 2199 967 2230 At
991 2200 1156 2230 Bernecc.
1181 2199 1270 2240 quod
1289 2209 1308 2230 a
1332 2200 1437 2240 Bong.
1464 2201 1497 2231 in
1523 2201 1609 2233 Mss.

917 2249 1073 2291 quibusd.
1118 2249 1332 2280 observatum
1383 2250 1497 2289 sciret,
1543 2252 1610 2282 Nec

916 2301 961 2332 D.
991 2300 1073 2339 regis
1098 2311 1126 2330 o.
1155 2301 1188 2330 in
1211 2301 1277 2330 ord.
1307 2300 1372 2330 acie
1400 2300 1509 2339 defuit,
1544 2301 1608 2332 hoc

915 2351 1024 2391 ipsum
1041 2360 1099 2391 pro
1113 2351 1220 2381 altero
1241 2350 1426 2382 substituit.
1470 2351 1555 2382 Mihi
1571 2351 1608 2382 τὸ

914 2402 999 2440 regis
1024 2406 1181 2442 tanquam
1207 2411 1451 2442 supervacuum
1469 2413 1607 2443 suspec-

916 2455 986 2482 tum
1003 2456 1054 2482 est
1069 2461 1077 2490 ;
1101 2456 1136 2482 et
1150 2461 1212 2491 per
1227 2451 1289 2482 hoc
1304 2452 1411 2492 ipsum
1428 2463 1558 2494 quoque
1571 2453 1607 2484 τὸ

915 2501 1024 2540 defuit.
1070 2501 1159 2534 Quid
1191 2511 1274 2541 opus
1302 2507 1376 2533 erat
1405 2503 1482 2533 addi
1510 2505 1606 2545 regis,

915 2561 989 2582 cum
1004 2551 1104 2582 toties
1122 2556 1192 2582 tum
1219 2552 1357 2591 Darius,
1372 2556 1443 2582 tum
1459 2552 1606 2584 Alexan-

915 2601 988 2641 der,
1012 2601 1216 2639 nominatus,
1239 2610 1348 2642 neque
1374 2606 1485 2633 tamen
1515 2603 1604 2643 quod

914 2662 1008 2692 reges
1032 2651 1174 2683 fuissent
1190 2652 1341 2682 additum
1358 2658 1446 2683 esset
1461 2654 1473 2683 ?
1501 2654 1604 2686 Vorst.

915 2703 1054 2743 Optime
1071 2702 1168 2734 Junt.
1194 2703 1261 2733 Nec
1277 2703 1374 2733 Darii
1388 2703 1490 2743 segnis
1501 2713 1603 2745 opera,

914 2762 987 2784 cum
1005 2753 1110 2792 Bong.
1125 2752 1237 2783 Vorst.
1254 2757 1288 2783 et
1303 2752 1416 2783 Schef.
1441 2753 1547 2785 Graev.

955 2803 1138 2842 Imperiique
1150 2806 1253 2842 perpet
1259 2811 1304 2832 uae
1317 2813 1336 2833 α
1358 2802 1432 2833 Diis
1445 2804 1602 2835 immorta-

912 2854 990 2885 libus
1003 2855 1084 2885 datae
1105 2853 1301 2893 possessionis
1314 2854 1486 2893 admonere]
1510 2855 1601 2886 Quo-

911 2904 1010 2936 modo
1042 2909 1076 2935 et
1109 2903 1222 2935 sedem
1264 2903 1430 2945 quondam
1458 2903 1599 2945 Imperii
