2174 3424
509 349 593 391 636

552 456 570 495 ξ
588 458 627 485 10
652 455 864 497 Passurasque
881 458 983 497 Cyrus
991 468 1088 497 grave
1101 457 1210 491 bellum

514 505 732 546 Graecz'aesuit]
747 506 884 538 Oxonn.
900 507 1080 540 ediderunt
1091 520 1132 540 ex
1143 511 1208 542 Ms.

513 560 548 587 ut
576 566 724 597 passurus
749 568 784 597 g.
811 556 839 590 b.
868 558 933 597 ejus
963 560 1071 598 gratia
1091 561 1207 599 fuerit.

513 608 624 639 Quam
638 607 821 638 lectionem
838 613 922 648 puto
937 619 1010 641 esse
1027 611 1209 651 elegantis-

513 657 641 688 simam.
687 657 775 688 Nam
792 664 1020 700 praeterquam
1045 662 1131 702 qnod
1149 662 1210 693 bel-

510 708 576 739 lum
594 708 729 739 Graeciae
753 710 867 749 paullo
883 710 1018 742 dicatur
1033 711 1209 743 insolenti-

509 767 548 788 us
565 767 639 798 pm,
656 769 674 789 a
687 758 830 800 Graecis,
845 759 946 790 etiam
963 760 1046 791 illud
1075 762 1209 793 Gra’cz'ae

509 807 741 848 superfluum:
774 810 930 850 quoniam
957 811 1123 850 praecedit
1144 812 1208 842 ‘ex

511 859 669 890 universa
684 859 843 892 Graecia!
868 859 972 898 Sclzef.

553 910 624 949 §ll
650 909 828 950 Lydi‚8)”c.]
860 912 915 942 De
940 911 1059 952 quibus
1085 916 1121 943 et
1145 912 1210 943 Po-

510 960 609 1000 lyaen.
625 960 773 999 Strateg.
788 969 852 991 vn.
885 960 940 991 Ad
957 962 987 992 h.
1002 962 1136 992 modum
1151 963 1207 994 do-

508 1011 594 1042 muit
623 1012 758 1044 Xerxes
791 1013 997 1053 Babylonios
1034 1024 1087 1054 ap.
1111 1015 1205 1046 Plut.

510 1061 647 1102 Apoph.
678 1063 765 1103 Reg.
797 1072 874 1103 cap.
905 1066 937 1094 6.
967 1062 1206 1096 Aristodemus

509 1116 676 1147 Cumanos
703 1126 757 1156 ap.
783 1117 929 1157 Dionys.
948 1126 1015 1148 vn.
1028 1120 1058 1149 8.
1087 1122 1122 1148 et
1148 1119 1206 1149 Se-

509 1165 625 1196 sostris
653 1165 842 1206 AEgypfios,
881 1166 1054 1199 referente
1090 1169 1204 1200 Schol.

508 1215 686 1255 Sophoclis
701 1227 708 1246 ε
733 1216 903 1248 Romanos
921 1222 1017 1248 certe
1029 1219 1039 1236 ‘
1053 1219 1205 1259 volupta-

507 1265 597 1296 tibus
621 1267 696 1306 plus
724 1267 883 1298 adversus
908 1268 1080 1308 subjectos
1106 1279 1204 1310 quam

509 1317 609 1347 armis
632 1317 798 1348 valuisse’
819 1318 956 1349 Tacitus
985 1318 1130 1351 affirmat
1156 1320 1202 1351 H.

507 1377 558 1398 ιν.
578 1370 630 1399 64.
648 1372 682 1400 et
699 1374 751 1400 est
767 1370 960 1410 exemplum
976 1370 1009 1400 in
1026 1370 1089 1410 Ag.
1105 1380 1135 1401 c.
1150 1373 1203 1402 21.

507 1419 608 1449 Rern.
956 1433 959 1435 ·

549 1469 566 1508 §
585 1471 624 1498 12
650 1468 837 1509 Cauponias,
853 1470 922 1510 ἔξω]
950 1470 990 1500 111
1007 1469 1102 1500 libris
1118 1469 1203 1500 anti-

505 1518 579 1558 quis
605 1518 727 1557 legitur
750 1520 926 1559 cauponias,
952 1520 1088 1551 ludicras
1109 1524 1205 1561 artes,

506 1568 595 1609 qnod
612 1578 677 1599 non
697 1570 891 1610 negligenti.
930 1571 1089 1611 Suspicor
1106 1572 1203 1612 quip-

504 1628 560 1659 pe,
585 1628 699 1650 veram
730 1619 858 1651 Justini
885 1621 1088 1661 scripturam
1116 1631 1204 1661 esse,

503 1672 669 1710 cauponias
683 1673 766 1701 artes
782 1674 811 1702 et
825 1671 974 1703 lenocinia
989 1682 1142 1713 exercere,
1153 1677 1202 1704 at-

506 1729 571 1758 que
588 1719 670 1750 illud
683 1721 818 1751 ludicras
833 1731 875 1752 ex
895 1722 1016 1762 glossa,
1045 1733 1112 1764 qna
1127 1723 1202 1764 quis

504 1770 587 1801 illud
614 1771 622 1787 ‘
637 1771 842 1811 cauponias’
864 1773 1070 1813 explicabat,
1096 1773 1204 1814 irrep-

506 1822 599 1853 sisse.
656 1822 892 1863 ‘Canponius'
924 1825 1123 1856 vocabulum
1148 1829 1203 1856 est

506 1872 662 1912 probum,
694 1873 826 1914 ipsique
852 1879 1048 1912 usurpatum
1078 1876 1202 1906 Plauto

503 1923 536 1952 in
575 1922 730 1961 Poenulo,
762 1923 819 1954 ubi
856 1925 865 1940 ⁴
882 1933 967 1964 puer
992 1924 1202 1965 cauponius'

504 1971 697 2002 nominatur
711 1981 811 2002 sensu
837 1982 901 2003 non
928 1973 1037 2004 alieno
1065 1974 1106 2004 ab
1128 1975 1161 2004 h.
1179 1975 1200 2005 l.

505 2032 569 2063 pro
585 2023 706 2062 puerili
722 2027 835 2054 scorto
849 2024 901 2053 vel
920 2023 1065 2055 cinaedo.
1112 2025 1200 2056 Nam

504 2072 704 2112 ‘cnuponiae
730 2073 844 2103 artes'
868 2083 923 2113 ap.
947 2074 1109 2104 Nostrum
1134 2084 1202 2104 me-

503 2123 662 2160 retriciae,
676 2123 792 2164 quales
816 2123 894 2153 olim
912 2124 945 2153 in
961 2123 1121 2164 cauponis
1137 2124 1202 2156 fre-

504 2174 725 2215 quentissime
742 2173 896 2204 solebant
912 2175 1078 2214 exerceri,
1093 2179 1130 2205 ut
1148 2180 1201 2207 est

503 2225 635 2265 pridem
649 2225 912 2256 demonstratum
931 2225 1128 2256 Casaubono
1156 2226 1198 2257 ad

502 2275 672 2316 Theophr.
691 2274 848 2307 Charact.
866 2285 898 2315 p.
912 2285 952 2306 m.
967 2278 1038 2307 184.
1076 2275 1199 2317 Itaque

501 2326 556 2356 1110
598 2325 850 2365 conjunguntur
893 2335 968 2356 cum
1013 2325 1198 2358 lenociniis.

504 2377 705 2416 Quanquam
721 2384 787 2406 non
804 2375 1006 2414 meretriciae
1023 2376 1115 2415 solae,
1138 2376 1197 2407 sed

503 2430 539 2457 et
570 2426 644 2456 aliae
672 2425 714 2456 ad
738 2426 851 2456 luxum
880 2430 980 2466 atque
1005 2426 1197 2466 voluptates

501 2476 726 2516 pertinentes,
742 2476 841 2516 plane
854 2475 941 2506 sicut
953 2475 1118 2516 hodieque
1132 2485 1198 2507 non

502 2534 580 2555 raro
607 2525 640 2555 in
666 2524 825 2565 cauponis
848 2525 914 2554 ista
935 2524 1197 2565 conjunguntur.

500 2575 731 2616 ‘Cauponium
754 2574 1037 2606 instrumentum'
1060 2585 1198 2617 usurpa-

500 2625 550 2657 vit
566 2635 699 2667 quoque
716 2625 911 2655 Marcianus
923 2625 1073 2658 JCtusin
1095 2627 1133 2657 L.
1147 2630 1197 2659 17.

499 2676 526 2716 ξ.
544 2678 573 2706 2.
608 2675 653 2706 D.
671 2675 712 2705 (le
730 2674 848 2705 Fundo
867 2675 1052 2715 Instructo,
1078 2682 1115 2707 ut
1141 2677 1196 2708 vix

498 2726 605 2766 possit
620 2725 779 2763 dubitari,
805 2726 883 2766 quin
908 2726 980 2756 haec
994 2725 1096 2757 lectio
1110 2726 1196 2757 Nos-

500 2782 553 2808 tro
563 2777 607 2808 sit
621 2777 842 2808 restituenda.
854 2777 959 2816 Schef.
984 2778 1195 2810 Vett.Codd.

499 2837 572 2867 pras
593 2836 627 2857 se
643 2826 731 2858 ferre
744 2828 907 2868 cauponias
917 2831 946 2859 et
961 2828 1097 2859 ludicras
1111 2831 1195 2859 artes

499 2878 576 2908 olim
601 2878 731 2908 monuit
751 2878 827 2909 Val.
850 2878 1022 2909 Acidalius
1048 2879 1081 2909 in
1098 2879 1193 2910 lectt.

498 2927 695 2965 VeHcianis,
707 2931 742 2957 ct
755 2928 874 2958 merito
887 2928 1056 2968 probavit,
1073 2928 1193 2969 praefa-

500 2983 552 3009 tus
570 2977 648 3010 eod.
678 2977 775 3008 inodo
800 2976 978 3009 formatam
1002 2988 1076 3010 csse
1107 2979 1192 3010 hauc

974 361 1114 393 NOTAE
1150 363 1410 395 VARIORUM

1445 365 1496 395 ΙΝ

1260 468 1390 499 vocem,
1418 463 1458 491 ut
1482 460 1492 476 ‘
1505 459 1700 491 histrionius
1716 464 1750 492 et
1765 462 1955 502 praeconius

1261 515 1411 550 quaestus
1423 509 1432 523 '
1462 519 1517 550 ap.
1549 510 1620 541 Cic.
1648 520 1792 552 eamque
1822 512 1952 544 inveni-

1259 561 1287 590 ri
1316 560 1406 600 apud
1434 560 1550 591 Plaut.
1576 561 1665 601 apud
1695 571 1795 602 quem
1823 563 1958 603 legatur

1258 611 1266 627 ‘
1281 611 1465 650 cauponius
1483 610 1586 650 puer.’
1629 611 1684 643 Sic
1701 616 1737 643 et
1749 614 1888 644 lenonius
1901 623 1957 654 ap.

1260 659 1360 691 eund.
1380 660 1552 691 Comicum
1569 661 1694 693 Pseud.
1710 671 1749 694 11.
1765 665 1795 693 4.
1818 662 1827 680 ⁴
1844 663 1956 704 Oppi-

1260 710 1338 741 dum
1350 715 1581 751 expugnatum
1591 710 1670 742 faxo
1683 712 1748 743 erit
1760 712 1955 744 lenonium!

1259 760 1414 791 Asseruit
1444 761 1531 791 hunc
1558 761 1739 792 lectionem
1778 761 1883 793 etiam
1911 763 1955 794 cl.

1259 807 1383 840 Scheff.
1425 810 1505 840 Sine
1521 810 1733 842 haesitatione
1756 812 1846 843 illam
1863 822 1957 844 rece-

1259 859 1305 899 pi,
1321 860 1377 890 ubi
1394 860 1461 891 vidi
1478 861 1510 890 in
1521 859 1664 892 Juntina
1676 861 1801 892 dudum
1812 871 1884 892 eam
1898 872 1956 894 ex-

1258 909 1378 949 titisse,
1394 920 1493 951 quam
1522 920 1615 952 seqq.
1633 911 1781 943 editores
1806 912 1956 954 interpo-

1257 960 1382 1001 larunt,
1398 961 1476 1002 quia
1497 961 1567 1002 huj.
1583 962 1682 1006 vocis,
1692 962 1827 994 rarioris
1842 973 1955 996 exem-

1258 1013 1350 1053 plum
1365 1023 1422 1044 eos
1439 1013 1605 1054 fugiebat.
1634 1015 1741 1046 Graev.

1299 1065 1313 1104 ᾗ
1331 1068 1369 1096 14
1393 1065 1495 1096 Fuere
1511 1065 1625 1105 Lydis]
1649 1066 1780 1097 Herod.
1795 1065 1854 1097 lib.
1870 1075 1895 1097 1.
1910 1065 1955 1096 de

1257 1116 1376 1155 Gyge3
1402 1116 1470 1146 vid.
1493 1120 1528 1146 et
1553 1116 1646 1148 Plut.
1661 1125 1686 1147 1.
1724 1117 1952 1155 Συμποσιακῶν.

1256 1166 1415 1204 Bongars.
1460 1165 1630 1207 Lydorum
1653 1176 1794 1207 regnum
1821 1172 1872 1198 est
1896 1176 1954 1198 an-

1256 1216 1493 1256 tiquissimum.
1537 1216 1592 1247 Ab
1619 1217 1758 1258 antiquo
1783 1217 1870 1248 illius
1886 1221 1953 1249 ter·

1256 1275 1302 1296 ras
1320 1276 1398 1305 rege
1422 1267 1557 1297 Maeone
1573 1271 1668 1306 patre
1685 1266 1829 1308 Cybeles
1846 1276 1953 1307 popu·

1256 1315 1278 1346 li
1294 1317 1444 1347 Maeones
1461 1317 1537 1347 olim
1555 1316 1649 1356 dicti,
1678 1321 1725 1356 et,
1740 1327 1815 1358 quae
1831 1321 1952 1357 postea

1255 1365 1366 1406 Lydia
1383 1366 1579 1405 vocabatur,
1604 1366 1776 1406 appellata
1790 1366 1854 1398 11111
1866 1367 1952 1398 Mae-

1255 1416 1341 1455 onia,
1363 1421 1399 1447 ut
1414 1420 1548 1447 constat
1570 1425 1612 1446 ex
1637 1416 1767 1447 Herod.
1784 1416 1898 1448 Strab.
1915 1420 1952 1448 et

1255 1466 1341 1497 aliis.
1400 1467 1534 1497 Primus
1566 1466 1723 1497 Maeoniae
1752 1476 1813 1497 rex
1841 1466 1952 1498 fertur

1254 1515 1356 1547 fuisse
1373 1516 1503 1555 Menos,
1528 1516 1624 1548 Jovis
1639 1521 1675 1547 et
1690 1516 1834 1546 Telluris
1849 1516 1896 1547 fil.
1913 1521 1951 1548 ut

1253 1571 1371 1597 auctor
1386 1570 1438 1597 est
1454 1566 1590 1606 Dionys.
1609 1565 1722 1607 Antiq.
1739 1566 1797 1597 lib.
1817 1575 1841 1598 t.
1865 1567 1953 1598 Post

1253 1617 1297 1647 ibi
1316 1627 1427 1647 rerum
1446 1617 1574 1657 potitus
1592 1621 1643 1648 est
1658 1616 1758 1658 Atys,
1781 1617 1878 1657 cujus
1900 1616 1949 1650 fil.

1253 1667 1318 1698 fuit
1335 1667 1464 1708 Lydus,
1476 1678 1495 1698 a
1512 1677 1577 1708 quo
1593 1671 1722 1699 mutato
1737 1667 1878 1708 pristino
1891 1677 1949 1700 no·

1252 1719 1340 1749 mine
1357 1718 1439 1749 dicti
1457 1723 1535 1749 sunt
1550 1718 1647 1758 Lydi.
1693 1716 1748 1748 Ab
1759 1716 1852 1759 Atye
1870 1727 1950 1750 vero

1252 1768 1360 1808 prima
1373 1777 1488 1807 regum
1507 1767 1622 1808 Lydiae
1639 1766 1766 1798 familia
1781 1767 1844 1799 fuit
1862 1767 1951 1809 Aty-

1252 1819 1390 1850 adarum
1404 1819 1510 1858 dicta,
1523 1819 1564 1849 ad
1582 1828 1680 1859 qnam
1698 1818 1850 1859 pertinet
1865 1819 1947 1850 Om-

1252 1870 1363 1909 phale,
1385 1868 1527 1902 Jordani
1543 1867 1623 1908 filia,
1645 1878 1732 1899 uxor
1746 1868 1867 1908 Tmoli,
1892 1869 1947 1899 cui

1251 1919 1368 1950 serviit
1386 1919 1552 1950 Hercules
1578 1921 1608 1949 3.
1637 1928 1751 1949 annos.
1795 1917 1949 1959 Atyada-

1252 1978 1323 1999 rum
1338 1968 1474 1999 familiae
1487 1972 1722 1999 successerunt
1735 1966 1948 2007 Heraclidae3

1253 2020 1422 2050 Hercules
1438 2024 1592 2059 tempore
1617 2018 1790 2049 servitutis
1812 2028 1951 2050 consue-

1252 2070 1301 2101 vit
1321 2079 1396 2101 cum
1414 2069 1597 2110 Omphales
1613 2069 1747 2108 ancilla,
1770 2079 1844 2110 quae
1869 2079 1949 2110 pue-

1251 2130 1324 2151 rum
1340 2130 1381 2152 ex
1398 2121 1454 2151 illo
1479 2120 1625 2157 sustulit,
1650 2120 1704 2151 0111
1727 2119 1863 2151 Cleolao
1887 2129 1948 2151 no-

1250 2180 1338 2202 men.
1383 2170 1461 2202 Vid.
1479 2170 1679 2211 Apollodor.
1705 2169 1869 2201 Biblioth.
1886 2169 1945 2202 lib.

1249 2232 1289 2254 11.
1316 2223 1443 2255 Cleolai
1468 2232 1573 2263 nepos
1598 2221 1664 2253 fuit
1689 2221 1816 2263 Argon,
1837 2221 1948 2254 Alcaei

1248 2273 1295 2304 fil.
1323 2273 1393 2315 qui,
1414 2272 1568 2304 extincta
1594 2272 1805 2313 Atyadarum
1832 2276 1948 2313 gente,

1250 2333 1388 2363 regnum
1406 2323 1577 2355 transtulit
1591 2323 1633 2354 ad
1647 2321 1849 2353 Heraclidas
1863 2331 1947 2362 pau-

1248 2375 1280 2406 lo
1308 2379 1388 2406 ante
1418 2374 1542 2405 bellum
1572 2373 1768 2414 Trojanum.
1814 2372 1943 2404 Herod.

1249 2435 1273 2456 1.
1288 2428 1319 2456 7.
1352 2424 1398 2456 Hi
1416 2434 1526 2455 rerum
1541 2423 1642 2464 potiti
1657 2427 1736 2454 sunt
1752 2432 1854 2454 annos
1866 2425 1942 2455 505.

1248 2475 1394 2506 Ultimus
1410 2474 1478 2514 huj.
1500 2472 1638 2504 familiae
1664 2472 1728 2504 fuit
1753 2472 1944 2504 Candaules

1249 2524 1359 2564 Myrsi
1374 2523 1419 2556 fil.
1436 2523 1478 2554 de
1494 2533 1559 2565 quo
1583 2523 1635 2553 hic
1657 2521 1783 2555 Justin.
1828 2521 1944 2552 Tertia

1247 2573 1374 2605 familia
1390 2583 1506 2614 regum
1535 2572 1650 2614 Lydiae
1676 2571 1742 2603 fuit
1771 2571 1943 2602 Mei-mna-

1247 2625 1378 2664 darum,
1401 2624 1498 2664 cujus
1516 2623 1642 2664 primus
1660 2632 1719 2653 rex
1735 2620 1799 2651 fuit
1815 2620 1944 2661 Gyges,

1247 2676 1384 2706 ultimus
1401 2675 1548 2713 Croesus,
1570 2673 1628 2714 qui
1651 2672 1812 2703 dicuntur
1836 2671 1943 2712 impe-

1245 2734 1335 2755 rasse
1362 2724 1463 2764 Lydis
1480 2732 1584 2754 annos
1602 2725 1673 2753 170.
1717 2722 1802 2753 Haec
1827 2721 1859 2752 in
1886 2725 1939 2763 ty·

1245 2784 1361 2806 ronum
1379 2773 1530 2815 gratiam.
1576 2772 1735 2804 Pluribus
1760 2771 1942 2813 exequitur

1244 2825 1310 2857 ista
1324 2825 1366 2856 cl.
1394 2825 1577 2855 Marsuam.
1602 2823 1684 2855 Can.
1709 2822 1836 2854 Chron.
1864 2831 1939 2863 cap.

1245 2879 1296 2907 17.
1322 2876 1430 2907 Groev.

1291 2926 1437 2956 Foreunoe
1453 2923 1621 2964 Caudauli]
1645 2922 1784 2955 Rectius
1800 2921 1822 2954 f.
1830 2922 1938 2961 fortu-

1243 2986 1282 3007 na
1303 2977 1340 3006 C.
1387 2974 1556 3007 Diffundit
1577 2975 1662 3006 hanc
1679 2973 1853 3006 historiam
1870 2973 1939 3005 He-
