2101 3419
371 384 457 426 9872

368 487 435 527 tur]
468 485 546 516 Non
565 485 778 526 reprehendo
795 485 880 518 lianc
897 486 1070 528 incompa-

367 536 485 567 rabilis
507 535 589 567 JCti
612 536 737 568 Jacobi
762 536 892 577 Cujacii
913 537 1070 568 emenda-

365 588 506 625 ti0nem‚
517 586 584 618 fide
601 588 818 629 antiquorum
832 588 994 621 librorum
1009 589 1071 621 ful-

366 642 449 668 tam.
494 638 571 668 Non
590 642 703 669 tamen
719 637 844 670 frustra
866 640 899 670 in
922 640 1068 681 antiquis

366 688 443 720 edd.
456 688 583 729 legitur
595 688 800 729 pruriginem.
822 690 863 720 In
877 690 975 722 Junt.
987 700 1068 722 vero

365 743 401 770 et
413 739 580 769 nonnullis
591 738 665 770 aliis
676 739 817 779 optime,
827 740 946 781 siquid
960 740 1070 780 video,

359 790 566 830 porriginem.
611 789 666 820 Sic
692 789 842 820 scabiem
865 793 902 820 et
927 790 1070 830 porrigi-

363 839 569 879 nemjungit
591 839 672 871 Juv.
689 848 737 871 Vl.
771 840 780 856 ‘
797 840 893 871 Grex
919 844 1011 871 totus
1033 840 1068 871 in

365 889 454 929 agris
470 889 577 920 Unius
593 888 711 920 scabie
728 889 822 920 cadit
843 894 879 921 et
895 890 1067 931 porrigine

362 938 483 980 porci?
526 940 572 970 Et
599 940 709 971 Lucil.
737 940 905 971 ‘Tristem
931 945 966 971 et
997 950 1069 971 cor-

362 995 502 1031 ruptum
519 990 635 1021 scabie
657 995 693 1021 et
716 990 887 1031 porrigine
905 990 1066 1031 plenum!

363 1042 427 1072 Est
442 1046 555 1072 autem
576 1041 704 1081 porrigo
727 1040 910 1072 secundum
931 1040 1066 1072 Celsum

361 1092 526 1133 proprie:
561 1092 571 1108 ‘
590 1092 646 1123 ubi
676 1091 768 1122 inter
798 1091 883 1131 pilos
912 1090 1066 1131 quaedam

362 1143 458 1184 quasi
497 1143 683 1184 squamulae
713 1145 870 1181 surgunt,
899 1149 1017 1181 eaeque
1048 1151 1067 1172 a

362 1197 442 1223 cute
473 1193 702 1230 resolvuntur,
731 1196 767 1222 et
797 1191 969 1222 interdum
998 1200 1066 1222 ma-

362 1243 459 1282 dent,
482 1242 655 1273 interdum
671 1242 770 1272 siceae
788 1241 890 1272 sunt!
933 1241 1066 1272 Tribni-

362 1297 420 1324 tur
436 1298 548 1325 tamen
566 1297 600 1324 et
617 1293 656 1323 iis
681 1292 830 1333 porrigo,
853 1300 995 1333 quorum
1015 1295 1066 1322 to-

363 1347 436 1374 tum
453 1353 577 1384 corpus
593 1341 776 1383 squamnlis
795 1346 829 1372 et
851 1341 964 1372 scabie
980 1340 1065 1371 obsi-

361 1398 434 1425 tum
463 1399 528 1432 est,
556 1398 592 1424 ut
621 1402 663 1424 ex
694 1393 733 1423 iis
764 1397 863 1432 patet
889 1391 1066 1432 exemplis,

361 1455 435 1486 qnae
466 1445 652 1477 attulimus.
691 1444 798 1475 Groev.
854 1443 999 1474 Becliar.
1031 1447 1066 1474 et

360 1496 418 1526 alii
432 1505 492 1536 pro
506 1495 694 1534 vitiliginem
706 1494 845 1525 edidere
859 1493 1064 1533 pruriginem.

359 1546 429 1577 Sed
447 1546 596 1585 voluere,
614 1549 671 1576 aut
686 1544 849 1582 debuere,
866 1550 903 1575 ut
921 1544 952 1574 in
968 1544 1065 1576 Junt.

360 1600 426 1635 est,
440 1596 642 1636 porriginem.
666 1596 781 1626 Vorst.
814 1595 911 1626 Junt.
929 1599 965 1626 et
983 1604 1065 1625 non-

359 1647 460 1677 nullae
484 1647 558 1677 aliae
585 1646 664 1677 cdd.
687 1645 895 1686 porriginem.
944 1645 1065 1685 Liquet

360 1697 565 1728 alterutrum
584 1695 782 1736 glossatoris
800 1705 886 1726 esse.
914 1695 1019 1732 Schcf.

404 1748 420 1788 ξ
447 1749 486 1777 14
511 1748 652 1778 Montem
674 1745 797 1787 Synna]
835 1746 932 1777 Jnnt.
958 1745 1065 1786 Synoe,

360 1803 399 1830 ut
425 1799 434 1815 ‘
454 1808 549 1829 mons
579 1796 755 1837 Soractis‚’
784 1798 793 1813 ‘
811 1796 964 1837 Vergelli
995 1801 1064 1827 tor-

359 1849 460 1890 1·enS,'
485 1850 494 1866 ‘
513 1848 637 1880 flumen
679 1847 887 1887 Aretliusae,’
917 1851 953 1878 et
988 1856 1063 1877 sex-

360 1905 461 1931 centa
475 1901 546 1940 lmj.
563 1904 652 1930 nota¹
665 1909 718 1939 ap.
732 1899 876 1939 optimos
889 1899 926 1929 L.
938 1899 975 1929 L.
988 1907 1064 1929 auc-

361 1955 465 1981 tores.
492 1951 598 1981 Groer.
644 1950 788 1980 Becltar.
809 1958 923 1979 rursus
947 1952 982 1978 et
1006 1948 1062 1978 alii

359 2000 498 2030 edidere
515 2000 669 2039 Synoeum.
703 1999 864 2036 Voluere,
878 1997 992 2036 credo,
1005 2002 1064 2028 aut

359 2049 525 2089 debuere,
538 2054 575 2079 ut
593 2050 624 2079 in
641 2049 738 2080 Junt.
751 2051 815 2086 est,
830 2047 937 2087 Synoe.
961 2047 1062 2079 Quod

359 2105 413 2131 est
443 2100 515 2140 ejus
544 2098 677 2137 formae,
715 2098 810 2137 cnjus
847 2102 925 2127 sunt
954 2097 1062 2127 ‘urbs

358 2149 576 2189 Anfiochizm'
600 2150 609 2166 ‘
628 2158 722 2179 mons
739 2147 913 2178 Soractis!
957 2147 1062 2178 Nimi-

360 2211 433 2232 rum
458 2200 583 2232 nomini
611 2198 780 2230 communi
800 2198 957 2238 jungitur
987 2207 1062 2237 pro-

358 2252 470 2293 prium
486 2261 566 2282 casu
584 2249 754 2281 seeundo:
779 2252 816 2279 ut
831 2248 937 2279 rectio
961 2257 1061 2288 quam

360 2306 485 2333 vocant
513 2301 556 2332 sit
597 2310 658 2341 pro
689 2298 915 2339 appositione.
960 2298 1061 2329 Vorst.

358 2353 482 2384 Placet
498 2351 603 2392 Synoe.
646 2349 714 2381 Sed
738 2354 820 2389 puto
844 2349 908 2379 alia
928 2357 1061 2389 quoque

357 2403 412 2434 hic
429 2413 501 2434 esse
519 2403 651 2433 vitiosa.
696 2399 871 2432 Quomodo
894 2399 981 2430 enim
1006 2409 1060 2431 oc-

358 2457 465 2493 cupat
491 2452 633 2493 primum
660 2455 808 2481 montem
836 2450 950 2490 Synae,
981 2450 1058 2481 dein

356 2503 425 2534 iter
442 2501 525 2534 facit
542 2511 602 2542 per
619 2502 755 2532 deserta
773 2499 919 2540 Arabim,
935 2504 971 2531 et
988 2505 1058 2531 tan-

358 2554 434 2584 dem
463 2552 557 2583 venit
583 2551 811 2583 Damascum?
835 2550 921 2582 Haec
949 2551 1060 2582 omnia

359 2603 579 2634 mediocriter
602 2603 750 2633 locorum
770 2600 882 2641 perito
901 2605 978 2632 sunt
1002 2601 1059 2632 ab·

359 2653 471 2685 surda.
519 2653 648 2683 Vitium
669 2652 774 2683 latere
798 2651 831 2681 in
856 2655 982 2692 occupat
1002 2661 1060 2692 quo

359 2705 509 2743 videtur,
532 2703 604 2741 sed,
630 2702 710 2744 quid
741 2712 801 2742 pro
829 2711 869 2732 eo
899 2702 1060 2733 substitui

359 2755 497 2793 debeat,
512 2763 578 2784 non
596 2753 741 2783 invenio.
766 2752 871 2789 Scires.

393 2805 576 2842 Sabbatum,
589 2802 929 2843 83·c.jeju71iosuc1·ut·it]
948 2802 1057 2833 Ennd.

360 2860 452 2886 errat
467 2864 616 2885 errorem
634 2853 806 2893 Augustus
823 2863 878 2893 ap.
896 2854 991 2884 Suet.
1004 2856 1057 2884 70.

361 2908 369 2922 ⁴
390 2905 441 2935 Nc
457 2904 598 2936 Jndaeus
615 2903 761 2944 quidem,
783 2903 827 2934 mi
846 2903 974 2942 Tiberi,
990 2908 1058 2934 tam

361 2955 543 2996 diligenter
560 2953 719 2985 Sabbatis
737 2952 904 2993 jejunium
921 2952 1059 2985 servat.'

841 392 983 423 No'rAE.

1017 392 1281 424 VARIORUM
1317 392 1369 423 IN

1122 486 1291 518 Nimirum
1310 486 1463 525 Romani,
1479 495 1556 518 cum
1573 486 1702 518 scirent
1723 495 1743 517 a
1763 486 1826 519 Ja-

1120 536 1205 568 daeis
1221 537 1482 578 crebrajejunia
1499 538 1666 579 usurpari,
1691 541 1725 568 et
1741 537 1825 568 Sab-

1120 586 1236 618 batum
1262 588 1305 618 ab
1330 588 1406 620 iisd.
1431 588 1605 629 praecipua
1626 587 1826 619 castimonia

1119 638 1296 678 celebrari,
1311 638 1468 670 sabbatis
1499 648 1557 670 eos
1582 637 1742 679 jejunare
1775 642 1825 669 te-

1118 697 1211 718 mere
1228 687 1293 718 sibi
1310 692 1570 728 persuaserunt:
1589 687 1678 729 quod
1690 686 1825 727 falsum,

1118 739 1182 770 nisi
1198 739 1397 779 Sabbatum,
1419 749 1485 770 non
1515 749 1578 780 pro
1604 738 1752 779 septimo
1767 738 1824 769 die

1117 788 1354 829 hebdomadis,
1370 789 1428 820 sed
1447 799 1507 830 pro
1522 794 1596 820 tota
1610 788 1823 820 hebdomade

1118 838 1339 879 accipiamus,
1377 849 1442 880 quo
1477 849 1577 870 sensu
1617 838 1827 877 Pharisaeus,

1119 889 1220 920 Lucae
1238 898 1346 920 xvur.
1364 891 1417 920 12.
1439 889 1448 906 ‘
1465 888 1590 929 Jejuno
1608 888 1659 919 bis
1683 888 1718 918 in
1742 888 1823 919 Sab-

1117 939 1220 972 bato.'
1257 940 1344 971 Haec
1371 939 1445 971 fere
1476 940 1620 972 Casaub.
1652 939 1696 970 ad
1726 939 1822 971 Suet.

1117 991 1217 1022 Rern.

1160 1041 1177 1080 ξ
1203 1043 1240 1071 15
1271 1040 1387 1071 Eadem
1402 1041 1509 1081 causa]
1544 1041 1553 1058 ‘
1571 1041 1739 1073 Causam'
1763 1051 1820 1072 vo-

1117 1094 1174 1121 cat
1190 1089 1333 1130 Auctor,
1344 1100 1443 1131 qnam
1458 1096 1538 1122 ante
1552 1092 1638 1123 dixit
1653 1091 1662 1108 ‘
1673 1092 1822 1123 scabiem

1116 1144 1153 1171 et
1183 1140 1406 1180 vitiliginem!
1462 1141 1572 1173 Causa
1601 1142 1725 1183 saepins
1757 1152 1821 1183 pro

1116 1190 1234 1221 morbo
1259 1194 1453 1231 usurpatur.
1498 1192 1641 1223 Celsus:
1668 1193 1678 1209 ‘
1696 1193 1821 1224 Partes

1115 1251 1190 1282 quae
1216 1241 1251 1271 in
1278 1250 1381 1272 causa
1407 1242 1508 1273 sunt!
1552 1243 1652 1273 Unde
1680 1247 1716 1274 et
1742 1252 1822 1274 cau-

1116 1293 1224 1323 sarius
1250 1302 1311 1333 pro
1341 1298 1484 1333 aegroto.
1529 1294 1620 1325 Plin.
1646 1302 1760 1325 xxlu.
1787 1296 1820 1324 3.

1114 1343 1122 1359 ‘
1139 1343 1293 1375 Causarii
1310 1343 1430 1374 dentes
1444 1343 1465 1375 :'
1489 1347 1525 1374 et
1543 1352 1629 1375 xxv.
1643 1346 1675 1374 6.
1708 1344 1718 1361 ⁴
1736 1343 1823 1373 Cau-

1115 1393 1193 1423 sarii
1220 1393 1273 1424 vel
1299 1393 1407 1424 latere
1438 1393 1492 1423 vel
1519 1391 1697 1423 faucibus!
1741 1392 1822 1424 Sen.

1115 1444 1124 1460 ‘
1141 1443 1329 1474 causat-ium
1351 1452 1474 1483 corpus
1487 1442 1496 1456 ’
1519 1447 1620 1473 vocat
1640 1441 1820 1473 infirmum.

1115 1496 1124 1511 ‘
1142 1493 1307 1525 eausaria
1323 1493 1433 1524 missio
1445 1492 1454 1506 ’
1481 1502 1535 1533 ap.
1550 1493 1718 1523 Romanos
1734 1495 1823 1532 erat,

1115 1554 1189 1576 cum
1216 1544 1290 1585 quis
1313 1544 1357 1575 ob
1386 1544 1565 1575 adversam
1589 1543 1820 1575 valetudinem

1115 1604 1134 1625 a
1151 1594 1269 1625 militia
1293 1594 1536 1625 dimitteretur.
1582 1592 1721 1624 Aretaeo
1737 1601 1820 1634 qno-

1113 1655 1178 1686 que
1197 1645 1320 1676 dicitur
1347 1645 1379 1675 ἐν
1404 1643 1486 1686 αἰτίᾳ
1503 1642 1588 1685 εἶναι,
1607 1653 1683 1685 pro,
1699 1641 1819 1674 morbo

1114 1696 1283 1727 laborare.
1308 1697 1407 1728 Gron.

1160 1747 1239 1777 Cum
1247 1746 1426 1786 peregrinis
1437 1745 1710 1785 communicarent]
1733 1744 1819 1776 Mss.

1113 1797 1211 1828 Fuld.
1229 1797 1348 1837 optimi
1363 1807 1430 1828 cum
1444 1808 1476 1838 p.
1493 1796 1706 1827 conviverent:
1728 1793 1818 1836 quod

1113 1846 1343 1888 amplectend.
1372 1852 1477 1888 puto:
1501 1846 1647 1877 maxime
1670 1855 1745 1876 cum
1769 1844 1818 1876 ita

1113 1900 1217 1930 etiam
1235 1898 1268 1928 in
1283 1898 1349 1929 suis
1373 1898 1457 1929 Mss.
1482 1895 1652 1937 repererit
1666 1895 1817 1934 Bongar-

1111 1949 1202 1979 sius:
1236 1952 1274 1979 ut
1302 1948 1345 1979 sit
1375 1948 1429 1979 hic
1458 1947 1630 1985 convivere,
1659 1946 1820 1986 conjunc-

1112 1998 1206 2029 tione
1237 1998 1316 2029 vitze
1356 2002 1473 2028 mutua
1503 1996 1566 2036 uti,
1592 1995 1670 2027 frui.
1715 1995 1816 2027 Unde

1111 2049 1120 2065 ‘
1139 2048 1329 2079 convivium
1344 2047 1365 2079 :’
1388 2048 1430 2078 (le
1447 2057 1512 2088 qno
1530 2047 1576 2078 ita
1593 2047 1666 2077 Cic.
1691 2046 1733 2078 de
1756 2046 1816 2077 Se-

1110 2102 1200 2129 nect.
1218 2101 1268 2128 13.
1292 2098 1300 2114 ‘
1318 2098 1413 2128 Bene
1431 2097 1576 2136 majores
1592 2096 1698 2126 nostri
1720 2105 1817 2127 accu-

1110 2147 1282 2178 bationem
1311 2147 1486 2187 epularem
1512 2145 1707 2185 amicorum,
1737 2155 1815 2186 qna:

1113 2197 1191 2228 vitae
1219 2196 1493 2237 conjunctionem
1519 2196 1673 2235 haberet,
1703 2195 1816 2227 convi-

1111 2247 1201 2277 vium
1232 2246 1474 2277 nominarnnt.'
1520 2246 1683 2276 Plautus:
1720 2245 1816 2276 ‘Mi-

1111 2297 1185 2328 sisti
1199 2297 1240 2327 ad
1259 2296 1370 2327 navim
1383 2296 1523 2334 Sosiam,
1534 2300 1571 2326 ut
1588 2295 1688 2326 hodie
1701 2299 1815 2326 tecum

1111 2347 1309 2379 conviveret
1322 2346 1341 2377 :'
1365 2345 1455 2387 quod
1470 2355 1573 2386 supra
1585 2354 1718 2386 quoque
1735 2345 1815 2376 alle-

1112 2407 1191 2437 gare
1211 2396 1362 2434 memini‚
1379 2406 1444 2437 quo
1469 2396 1491 2427 l.
1519 2395 1586 2426 vid.
1611 2395 1709 2436 plura
1724 2395 1765 2426 de
1783 2395 1815 2427 h.

1113 2448 1229 2479 verbo.
1253 2447 1389 2477 Modius.
1424 2445 1640 2477 Constructio
1657 2445 1750 2476 verbi
1766 2445 1816 2477 sic

1112 2497 1267 2529 sehabet
1291 2501 1328 2527 ut
1352 2506 1407 2537 ap.
1436 2496 1602 2536 optimos;
1626 2506 1701 2527 eum
1726 2496 1817 2528 abla-

1112 2548 1182 2579 tivo
1208 2551 1290 2588 puta
1314 2545 1551 2577 intercedente
1575 2546 1815 2587 praepositione

1111 2609 1190 2630 cum.
1236 2597 1302 2628 Sed
1324 2595 1542 2637 significatio,
1569 2606 1643 2637 quae
1669 2596 1724 2627 hic
1746 2606 1814 2628 non

1111 2649 1238 2686 activa,
1267 2647 1326 2679 sed
1353 2647 1517 2678 neutralis
1544 2651 1609 2685 est,
1637 2656 1691 2687 ap.
1720 2646 1812 2678 eosd.

1112 2701 1186 2732 illos
1213 2698 1373 2737 nondum,
1400 2696 1515 2735 credo,
1541 2701 1594 2727 est
1619 2696 1815 2728 observata.

1111 2750 1178 2791 Ap.
1190 2750 1283 2790 Sulp.
1296 2748 1455 2779 Severum
1468 2747 1617 2788 aliosque
1629 2747 1814 2788 scriptores

1111 2800 1363 2833 ecclesiasticos
1376 2798 1457 2828 satis
1475 2796 1634 2838 frequens
1650 2802 1712 2828 est.
1756 2796 1813 2829 An

1111 2853 1183 2892 ipse
1211 2850 1303 2883 Just.
1329 2848 1377 2879 ita
1405 2847 1594 2888 scripserit,
1621 2847 1812 2888 ambiguum

1111 2902 1198 2934 facit
1214 2900 1297 2932 illud
1318 2898 1407 2941 quod
1432 2898 1533 2930 codd.
1557 2899 1639 2930 Mss.
1663 2899 1761 2929 Fuld.
1776 2902 1812 2929 et

1112 2954 1247 2994 Bongg.
1260 2950 1397 2994 quidam
1415 2958 1475 2992 pro
1487 2949 1741 2982 communicarent
1756 2949 1813 2980 lia-
