2174 3424
636 345 830 378 JUSTINI
865 346 961 379 mn.
993 347 1084 379 ΧΠ.
1115 350 1221 382 οΛΡ.
1253 340 1324 382 14.

304 438 469 480 Byrsiam]
501 437 586 479 Huj.
611 437 678 469 loci
704 447 802 470 nemo
825 443 953 479 praeter

258 490 348 521 hunc
372 488 535 520 meminit.
565 489 722 528 Bongars.
768 489 846 521 Non
870 494 953 530 puto

258 540 369 571 locum
392 540 480 570 hunc
504 548 576 570 esse
590 549 719 571 sanum.
748 539 833 571 Mss.
851 540 954 581 aliqui

257 589 486 630 praeferebant
496 589 693 621 Burbesiam.
708 589 866 621 Arbitror
876 590 957 621 scri-

256 639 361 671 bend.
376 649 452 671 esse
467 640 664 680 Borsippam.
695 641 803 671 Locus
816 640 871 672 ille
887 650 954 671 non

257 688 394 720 videtur
423 699 530 731 usque
560 689 644 721 adeo
675 691 821 722 celebris
853 689 953 722 fuisse

256 749 330 770 aevo
345 739 544 773 Alexandri.
578 742 694 773 Persae
710 742 772 772 hoc
789 742 952 782 oppidum

255 794 379 821 vocant
412 791 554 822 Kermes.
607 790 675 821 Sed
710 794 840 830 errant,
877 801 953 823 cum

255 838 386 879 dicunt,
410 841 444 870 in
467 850 509 871 eo
529 839 764 872 Alexandrum
784 845 952 873 mortuum

255 897 341 921 esse.
369 890 457 922 Voss.
502 890 548 922 Is.
570 891 712 922 Vossius
739 892 756 922 ὂ
779 891 859 922 πάνυ
874 901 952 923 con-

249 939 336 980 jecit
352 939 508 980 εὐστόχως
529 941 721 982 corrigend.
752 942 952 983 Borsippam.

255 989 312 1021 Sic
341 999 422 1022 sane
457 990 584 1031 legitur
612 1001 667 1032 ap.
697 992 794 1024 Junt.
843 993 951 1024 Groev.

256 1040 427 1071 Praeclare
451 1041 548 1072 Voss.
574 1041 778 1082 Borsippam.
831 1043 952 1083 Neque

254 1089 356 1129 enim,
372 1099 413 1120 eo
428 1090 563 1131 quidem
584 1091 618 1121 in
633 1092 721 1132 loco,
740 1092 809 1122 ulla
833 1093 953 1124 Bursia

255 1143 343 1171 erat.
367 1140 479 1172 Faber.
524 1141 607 1173 Mss.
628 1141 763 1183 qnidam
788 1152 849 1183 pro
865 1143 952 1173 Bur-

252 1189 332 1221 siam
345 1190 470 1221 habent
484 1182 679 1234 Burbeffam.
701 1192 801 1223 Voss.
815 1193 951 1233 legend.

254 1241 403 1282 conjecit
419 1242 618 1283 Borsippam.
661 1243 846 1285 Ipsumque
868 1244 952 1275 illud

255 1290 290 1321 in
316 1291 372 1323 ed.
398 1292 495 1324 Junt.
522 1292 652 1333 reperit
680 1292 804 1325 deinde
834 1294 952 1328 Graev.

261 1340 335 1373 Vor.

299 1389 524 1431 Immutabilia]
559 1391 643 1423 Tac.
680 1391 726 1422 H.
762 1401 787 1422 1.
827 1394 879 1424 18.
918 1395 950 1424 2.

257 1439 266 1458 ‘
285 1440 370 1472 Quae
398 1439 470 1471 fato
493 1445 642 1481 manent,
658 1442 809 1482 quamvis
831 1442 953 1483 signifi·

256 1494 347 1529 cata,
363 1499 429 1520 non
446 1489 618 1521 vitantur!
655 1491 730 1521 Val.
749 1491 798 1522 Μ.
814 1500 839 1522 Ι.
852 1494 883 1522 6.
900 1495 951 1524 10.

256 1539 266 1556 ‘
284 1539 404 1570 Dirum
420 1548 530 1578 omen,
550 1539 829 1580 quemadmodum
854 1542 952 1572 time-

255 1599 344 1629 mus,
360 1590 409 1620 ita
430 1590 538 1620 vitare
566 1599 633 1621 non
657 1591 854 1631 possumus.’
879 1592 950 1623 Liv.

256 1647 346 1671 xxv.
362 1642 413 1672 16.
427 1642 457 1671 3.
472 1641 481 1657 ‘
497 1640 600 1670 Nulla
615 1639 828 1680 providentia
842 1640 951 1672 fatum

254 1689 430 1722 imminens
443 1700 577 1721 movere
593 1690 732 1730 potest!
757 1692 854 1722 Rern.

300 1741 318 1780 ξ
340 1742 372 1771 7.
387 1742 417 1771 8.
432 1739 480 1779 9.]
502 1740 542 1770 In
566 1740 615 1770 his
630 1745 665 1770 et
678 1750 771 1782 seqq.
794 1741 952 1773 dissentit

254 1788 465 1830 aliquantum
490 1799 509 1820 a
536 1790 663 1820 Nostro
686 1790 889 1821 Plutarchus
905 1791 950 1822 A-

253 1839 321 1871 lex.
337 1842 410 1871 127.
428 1843 463 1870 et
479 1838 656 1879 deinceps.
680 1839 778 1870 Idem.

297 1891 315 1930 ᾧ
338 1893 357 1920 7
380 1890 521 1921 IlIedicas
538 1889 709 1928 Thessalus]
732 1889 773 1919 In
796 1890 949 1921 omnibus

253 1939 347 1971 libris
375 1941 478 1971 etiam
509 1939 648 1979 scriptis
678 1939 837 1970 mendum
871 1945 948 1971 est:

252 1990 389 2030 legend.
404 1990 493 2021 enim
509 1990 658 2027 Medius,·
680 1988 793 2026 Μήδιος
804 1990 820 2019 ὁ
834 1988 950 2020 Θέττα-

252 2045 308 2071 λος
322 2039 460 2071 Ari-ian.
477 2047 544 2071 vn.
559 2039 664 2071 Diod.
691 2044 779 2070 extr.
807 2040 864 2071 lib.
882 2049 949 2072 vu.

251 2090 347 2121 Plut.
386 2089 485 2122 Alex.
525 2092 598 2121 127.
643 2091 801 2129 Bongars.
860 2090 949 2121 Haec

252 2140 363 2180 Bong.
389 2144 424 2171 et
453 2139 584 2180 pridem
614 2140 741 2171 Paulus
779 2140 948 2180 Leopard.

254 2189 493 2221 Emendation.
510 2198 603 2220 xvu.
620 2192 672 2220 10.
687 2199 731 2220 m.
756 2189 855 2220 Bern.

296 2239 422 2270 Medius
434 2239 609 2279 Thessalus]
630 2239 688 2270 Ita
711 2238 896 2270 Athenaeus
912 2249 949 2271 x.

253 2298 288 2329 p.
303 2291 377 2321 434.
393 2288 466 2320 “Ort
487 2289 570 2330 παρὰ
589 2289 708 2329 Μηδείῳ
728 2291 772 2329 τῷ
799 2288 951 2329 Θεσσάλῳ

254 2339 380 2370 δειπνῶν
394 2338 600 2381 Ἀλέξανδρος,
625 2339 738 2371 εἴκοσιν
761 2337 846 2370 οὖα-ἰν
861 2340 893 2370 ἐν
907 2341 952 2380 τῷ

253 2388 422 2429 συμποσίῳ,
435 2391 530 2420 πᾶσιν
543 2390 697 2431 προῦπιεν,
719 2392 782 2423 &c.
798 2396 834 2422 et
855 2391 951 2422 Plut.

254 2439 394 2471 Demet.
432 2450 466 2480 p.
503 2443 578 2471 896.
623 2439 737 2477 Μήδιος
773 2439 951 2479 Ἀντιγόνου

253 2488 354 2528 φίλος.
378 2489 431 2521 Id.
448 2489 491 2520 de
511 2490 624 2521 Discr.
649 2489 753 2521 Adul.
780 2495 816 2521 et
838 2490 950 2522 Amici

254 2549 289 2580 p.
311 2542 365 2570 65.
387 2539 424 2570 ‘O
440 2539 552 2577 Μήδιος
573 2540 629 2571 τοῦ
649 2539 714 2581 περὶ
728 2539 783 2571 τὸν
807 2539 950 2580 Ἀλέξαν-

254 2590 325 2630 δρον
349 2591 445 2630 χοροῦ
469 2593 529 2621 τῶν
552 2589 692 2621 κολάκων
720 2589 783 2621 οἷον
812 2589 950 2631 ἔξαρχος.

255 2639 336 2670 Vid.
360 2639 464 2671 eund.
489 2640 532 2671 de
548 2640 662 2671 Animi
676 2641 799 2682 Tranq.
824 2650 858 2681 p.
874 2643 949 2673 472.

257 2688 393 2720 Gronov.
438 2689 579 2721 Pridem
601 2690 772 2731 Leopard.
787 2695 823 2721 et
839 2691 949 2731 Bong.

255 2735 344 2768 hunc
369 2738 393 2769 l.
423 2738 657 2778 emendarunt,
686 2739 950 2779 approbantibus

257 2784 384 2825 JuntiS,
417 2787 473 2828 qui
506 2788 662 2820 scribunt
696 2789 834 2820 IlIedz‘us.
893 2790 950 2821 Sic

258 2835 347 2866 enini
365 2835 518 2878 Arriam,
534 2838 628 2871 Plut.
643 2843 677 2871 et
693 2839 793 2871 Diod.
810 2839 950 2872 dicitur.

1617 342 1703 383 829

1003 441 1112 472 Groev.
1159 443 1265 482 Bong.
1290 448 1328 475 ut
1353 448 1426 475 crat
1449 444 1548 476 homo
1570 446 1702 486 doctus,

1001 490 1104 522 facile
1120 492 1207 523 vidit
1231 494 1363 534 legend.
1387 504 1460 525 esse
1484 496 1700 536 Meclius,non

1003 541 1146 573 medicus.
1190 543 1259 574 Hic
1282 548 1393 574 autem
1411 545 1534 575 Medius
1554 546 1610 576 ille
1627 546 1700 586 ipse

1003 597 1067 631 est,
1093 602 1158 633 quo
1189 602 1278 633 cum,
1309 595 1424 634 paucis
1451 600 1529 626 ante
1556 600 1700 627 mortem

1003 641 1135 682 diebus,
1172 644 1247 674 alea
1281 644 1443 676 lnsitabat
1477 644 1700 686 Alexander;

1003 696 1146 733 eratque
1171 693 1228 724 ille
1251 693 1386 724 Medius
1414 704 1538 734 genere
1555 697 1700 727 Thessa-

1002 741 1065 782 lus,
1080 746 1116 773 et
1129 742 1218 773 inter
1234 743 1406 783 principes
1422 744 1569 776 cohortis
1585 747 1700 785 regiae.

1003 792 1097 823 Plut.
1142 792 1213 824 Hic
1238 802 1319 824 vero
1345 792 1446 824 facile
1471 798 1523 825 est
1554 796 1699 835 probare

1001 842 1174 874 Justinum
1197 852 1338 881 errasse,
1353 847 1390 875 et
1404 845 1579 885 exemplar
1598 846 1699 886 Trogi

1001 890 1160 932 Pompeii
1197 901 1376 933 perperam
1413 894 1548 934 legisse.
1607 896 1697 926 Nam

1005 941 1176 981 Thessalus,
1192 941 1283 982 quod
1301 943 1410 982 gentis
1426 952 1548 974 nomen
1564 948 1627 984 est,
1639 955 1699 985 pu-

1001 992 1090 1023 tavit
1109 1002 1181 1023 esse
1199 994 1343 1025 hominis
1365 995 1538 1035 proprium
1555 1005 1630 1036 cap·
1648 999 1700 1029 14.

1001 1042 1012 1059 ‘
1024 1042 1233 1074 Praemonito
1248 1043 1330 1082 filio,
1341 1054 1384 1075 ne
1397 1045 1465 1085 alii,
1481 1055 1580 1086 quam
1595 1047 1700 1077 Thes-

1001 1093 1072 1123 salo
1086 1093 1268 1125 crederet!
1305 1095 1350 1125 Et
1363 1104 1440 1125 mox
1455 1105 1464 1126 ε
1488 1096 1497 1112 ‘
1510 1095 1586 1128 Hac
1596 1096 1700 1136 igitur

1001 1152 1044 1173 ex
1069 1152 1171 1174 causa
1194 1143 1285 1184 apud
1311 1144 1510 1176 Thessalum
1541 1149 1699 1186 paratum

1001 1192 1255 1233 repetitumque
1267 1194 1457 1226 convivium
1471 1194 1547 1227 est.'
1583 1195 1652 1226 Sed
1664 1200 1700 1226 et

1001 1242 1083 1273 alibi
1121 1243 1245 1282 saepius
1282 1244 1408 1275 erravit
1443 1244 1597 1276 Justinus
1616 1256 1625 1283 3
1664 1245 1699 1276 id

1001 1292 1091 1333 quod
1114 1292 1276 1324 hactenus
1302 1294 1385 1324 satis
1411 1295 1534 1334 patuit,
1550 1300 1586 1326 et
1614 1294 1699 1325 infe-

1000 1343 1069 1373 rius
1083 1343 1227 1383 patebit.
1252 1343 1365 1375 Faber.
1392 1344 1580 1385 Perperam
1596 1346 1698 1385 vulgo

1000 1392 1114 1424 editur
1149 1393 1283 1424 medicus
1319 1394 1489 1425 Thessalus.
1546 1395 1697 1435 Legend.

1001 1442 1090 1473 enim
1106 1443 1243 1474 Medius.
1289 1444 1334 1474 Et
1349 1443 1531 1475 manifeste
1547 1445 1611 1476 hoc
1628 1455 1699 1476 rur-

1001 1501 1056 1522 sus
1091 1491 1209 1523 Graev.
1245 1491 1280 1522 in
1324 1492 1379 1524 ed.
1415 1493 1512 1525 Junt.
1556 1495 1697 1534 reperit.

1001 1541 1126 1573 Graece
1142 1547 1193 1573 est
1209 1541 1332 1579 Μήδιος.
1366 1543 1412 1574 Et
1428 1543 1545 1574 scribit
1561 1542 1698 1575 Arrian.

1003 1600 1068 1621 vn.
1097 1600 1173 1621 eum
1197 1593 1259 1621 τῶν
1278 1590 1403 1631 ἑταίρων
1420 1592 1477 1621 τοῦ
1501 1591 1699 1633 Ἀλεξάνδρου

999 1639 1209 1671 πιθανώτατον
1231 1640 1346 1672 fuisse.
1383 1642 1393 1658 ‘
1415 1641 1593 1672 Thessalus
1607 1642 1615 1655 '
1641 1652 1699 1673 vo-

1000 1694 1097 1721 catur
1110 1701 1129 1722 a
1142 1695 1255 1731 gente,
1279 1701 1321 1722 ex
1347 1701 1414 1732 qua
1435 1690 1595 1722 oriundus
1610 1690 1696 1724 fuit:

999 1745 1102 1780 atque
1119 1740 1178 1770 inf.
1196 1749 1265 1771 ΧΠ.
1281 1743 1333 1771 14.
1350 1743 1382 1771 7.
1397 1740 1599 1781 simpliciter
1615 1741 1699 1772 dicis

1000 1793 1056 1820 tur
1078 1790 1087 1806 ‘
1103 1789 1301 1821 Thessalus:
1345 1790 1425 1821 Fuit
1440 1794 1475 1820 et
1489 1790 1616 1821 Medius
1633 1791 1696 1822 La-

998 1839 1090 1869 rissae
1114 1839 1148 1870 in
1170 1839 1345 1870 Thessalia
1361 1840 1532 1880 princeps,
1548 1840 1604 1881 qui
1620 1851 1698 1872 cum

999 1889 1224 1929 Lycophrone
1239 1889 1458 1920 Pheraeorum
1474 1894 1616 1930 tyranno
1630 1891 1699 1922 bel-

998 1938 1068 1969 lum
1084 1939 1201 1979 gessit,
1217 1943 1255 1970 ut
1270 1948 1312 1970 ex
1335 1939 1440 1971 Diod.
1458 1949 1535 1971 xw.
1552 1943 1605 1974 83.
1619 1950 1699 1972 con-

999 1992 1080 2020 stat.
1108 1988 1185 2020 Vor.

1041 2038 1184 2069 Instaur.
1199 2037 1270 2078 Qu]
1291 2038 1379 2070 Saxo
1397 2047 1479 2070 xm.
1504 2049 1536 2080 p.
1551 2041 1626 2070 245.
1643 2043 1697 2071 37.

998 2093 1007 2111 ‘
1021 2087 1050 2118 1.
1066 2097 1097 2118 c.
1113 2087 1242 2119 crebris
1264 2087 1424 2120 custodes
1441 2089 1571 2129 poculis
1586 2093 1696 2121 atten-

999 2137 1118 2169 tabat?

1041 2188 1178 2229 Invitat]
1196 2188 1325 2220 Firmat
1338 2189 1403 2221 hoc
1419 2193 1533 2221 notam
1549 2194 1697 2222 nostram

1000 2237 1042 2269 ad
1060 2247 1084 2270 1.
1100 2241 1132 2269 6.
1147 2242 1180 2270 5.
1203 2239 1302 2270 Bern.

1043 2289 1060 2329 ᾧ
1093 2292 1113 2319 8
1144 2289 1251 2320 Veluti
1282 2287 1355 2328 telo]
1380 2287 1481 2329 ‘'nwep
1508 2289 1613 2331 λόγχῃ
1644 2301 1697 2320 πε-

999 2338 1140 2378 πληγώς.
1175 2339 1268 2370 Plut.
1297 2338 1399 2370 Alex.
1430 2343 1502 2371 127.
1532 2341 1588 2381 qui
1626 2341 1697 2371 haec

1001 2388 1148 2420 conficta
1173 2389 1303 2429 scribit,
1326 2399 1436 2431 neque
1460 2390 1696 2422 Alexandrum

1000 2448 1133 2470 veneno
1159 2439 1347 2472 interiisse:
1382 2440 1471 2481 quod
1497 2446 1533 2472 et
1559 2441 1696 2473 Arrian.

1002 2498 1069 2520 vu.
1093 2489 1199 2528 Bong.

1043 2539 1060 2579 ᾗ
1086 2541 1125 2569 10
1159 2539 1220 2574 Re,
1246 2539 1315 2580 ξω]
1347 2538 1435 2570 Saxo
1461 2549 1538 2572 xrv.
1564 2550 1596 2581 p.
1620 2543 1697 2572 267.

999 2588 1074 2620 init.
1098 2590 1107 2607 ‘
1126 2590 1177 2620 Re
1194 2594 1308 2620 autem
1328 2599 1360 2621 v.
1384 2591 1516 2622 (lanuto
1531 2591 1697 2622 Sucnonis

999 2638 1078 2670 filiae
1095 2639 1306 2680 postulandae
1323 2641 1496 2680 negotium
1511 2640 1600 2671 fuit.'

1045 2691 1221 2731 Oppressit]
1245 2691 1284 2722 F.
1298 2691 1479 2732 suppressit.
1504 2692 1611 2723 Gron.

1043 2741 1129 2772 CAP.
1146 2750 1222 2772 X1v.
1265 2742 1282 2782 ᾗ
1299 2744 1316 2772 1
1344 2742 1407 2777 Qui
1424 2751 1492 2773 cum
1505 2742 1694 2783 carissimos]

999 2790 1089 2822 Illud
1105 2792 1157 2831 qui
1172 2791 1226 2822 hic
1243 2792 1342 2832 plane
1363 2802 1607 2832 supervacuum
1623 2798 1673 2823 est
1687 2804 1695 2824 :

1000 2841 1053 2873 vel
1070 2846 1163 2874 certe
1177 2851 1244 2873 non
1260 2846 1312 2874 est
1330 2842 1430 2883 plena
1446 2843 1566 2876 oratio.
1597 2843 1695 2875 Vorst.
