2174 3424
631 348 647 376 J
662 344 826 376 USTINI
861 345 957 376 LIB.

240 443 350 481 idem;
387 451 452 473 non
492 450 573 472 vero
617 440 625 457 ‘
657 440 801 472 devotus
830 439 934 472 diris.’

240 491 345 530 Schef.

280 544 298 583 ξ
322 544 360 573 15
386 541 515 572 Omnem
540 541 703 572 humanam
728 550 813 581 opem
836 540 933 572 inter-

237 590 400 630 dixerant]
420 591 513 622 Suet.
532 591 615 622 Ner.
630 592 683 621 52.
704 589 714 607 ⁴
733 591 779 621 Et
795 599 870 621 cum
886 589 935 620 iu-

239 640 439 672 terdixisset
453 650 550 672 usum
563 640 782 680 amethystini
794 649 834 670 ac
841 639 937 680 Tyrii

239 692 405 724 colorisz'
434 696 469 723 et
498 692 631 723 Domit.
658 694 690 722 7.
713 692 723 709 ‘
749 691 937 722 Interdixit

237 741 456 773 histrionibus
473 739 635 772 scenam.’
679 740 771 780 Nep.
787 740 934 772 Hamilc.

238 794 271 823 3.
289 794 297 809 ‘
312 791 411 825 Quod
427 791 575 822 moribus
591 800 707 822 eorum
719 800 784 821 non
801 794 938 830 poterat

238 841 397 873 interdici
414 850 532 872 socero
545 840 672 881 gener.'
715 841 843 872 Noster
859 850 938 881 quo-

239 902 306 934 que
321 900 394 922 xm.
411 894 442 924 3.
461 891 471 909 ‘
486 891 713 925 Quamobrem
725 890 858 922 feminis
871 900 938 921 non

240 941 396 974 convivia
413 945 545 973 tantum
562 941 722 981 virorum,
746 950 862 971 verum
878 940 939 971 eti-

241 1002 294 1023 am
309 996 541 1032 conspectum,
556 990 789 1023 interdicunt!
808 991 909 1022 Gron.

284 1044 302 1083 ᾗ
327 1045 367 1073 18
391 1043 557 1082 Nunquam
585 1042 802 1081 mediocribus,
827 1051 883 1072 nec
907 1039 941 1071 in

239 1091 369 1132 offensa,
391 1102 445 1123 nec
476 1092 509 1122 in
531 1092 657 1130 favore,
683 1090 810 1131 studiis]
841 1090 940 1122 Junt.

244 1152 378 1184 quoque
392 1152 467 1174 cum
478 1143 564 1174 Mss.
580 1141 728 1183 offensam
744 1145 780 1172 et
787 1140 942 1179 savorem.

244 1192 362 1224 Graev.

288 1242 379 1274 CAP.
395 1251 429 1274 v.
461 1243 480 1283 ᾧ
500 1245 517 1273 l
542 1240 719 1283 Lysander]
743 1241 827 1273 Post
852 1242 941 1273 Xen.

245 1292 312 1323 vid.
337 1293 432 1323 Plut.
460 1297 494 1323 et
518 1292 669 1323 Probum
697 1291 732 1322 in
756 1292 831 1332 ejus
851 1292 944 1331 Vita,

245 1342 348 1374 Diod.
371 1350 452 1373 xm.
477 1344 531 1373 70.
566 1342 623 1382 qui
653 1350 728 1371 eum
756 1341 872 1373 Sardis
901 1341 943 1372 ad

247 1393 373 1432 Cyrum
399 1391 594 1431 profectum
621 1391 752 1422 scribit.
798 1392 850 1422 M.
873 1391 943 1423 Cic.

248 1442 281 1472 in
298 1443 375 1473 Cat.
388 1442 475 1482 Maj.
492 1444 587 1473 e.17.
605 1450 646 1472 ex
664 1440 754 1472 Xen.
769 1442 946 1473 OEconom.

250 1492 356 1530 Bong.

296 1543 413 1583 Cyrum
443 1541 542 1572 Ionioe
569 1540 738 1582 Lydioeque
765 1541 949 1582 proeposuit]

250 1593 335 1623 Cum
352 1592 440 1632 Cyro
456 1591 584 1621 minore
607 1590 701 1621 Darii
725 1590 796 1621 filio
820 1592 947 1630 Lysan-

250 1642 323 1681 der,
345 1641 401 1683 qui
428 1641 525 1672 classi
550 1640 710 1682 belloque
727 1640 912 1681 praefectus
929 1652 949 1672 a

252 1690 521 1722 Lacedaemoniis
538 1690 616 1729 fuit,
633 1690 816 1721 amicitiam
832 1691 949 1729 coluit,

252 1741 415 1772 Sardibus
438 1751 516 1772 eum
540 1741 702 1780 visitavit,
727 1750 950 1781 magnamque

253 1791 404 1831 pecuniae
436 1790 502 1821 vim
532 1790 576 1821 ab
605 1800 646 1821 eo
678 1791 826 1832 accepit.
872 1791 950 1822 Vid.

226 1841 231 1846 “
253 1841 357 1872 Diod.
375 1850 460 1872 xux.
476 1843 528 1871 70.
557 1840 630 1871 Vor.

294 1893 312 1932 ς
340 1894 360 1922 2
394 1891 595 1931 Oppressere]
617 1891 695 1921 Non
726 1889 955 1930 Alcibiadem,

255 1941 314 1973 sed
328 1940 546 1980 Antiochum,
561 1941 618 1981 qui
635 1940 771 1981 quidem
788 1946 864 1971 erat
879 1940 955 1979 ἀγα-

254 1991 306 2023 θὸς
328 1990 528 2031 κυβερνήτης,
546 1990 675 2028 ἀνόητος
695 1990 729 2022 δέ
743 1991 772 2021 τ’
795 1990 883 2022 ἄλλα
905 1991 955 2022 καὶ

254 2040 406 2083 φορτικός.
449 2041 543 2073 Plut.
562 2040 675 2072 Alcib.
690 2052 721 2073 c.
736 2044 790 2073 66.
807 2048 843 2072 et
855 2043 956 2074 Paus.

256 2092 434 2124 Boeoticis.
449 2092 607 2132 Bongurs.
643 2091 734 2124 Add.
753 2092 860 2124 Diod.
873 2101 954 2124 xm.

254 2145 307 2174 71.
332 2142 431 2173 Bern.

297 2193 315 2233 ᾧ
330 2195 350 2223 4
367 2191 464 2231 Erat]
481 2190 565 2222 Cod.
583 2193 610 2221 1.
625 2191 724 2222 Voss.
741 2195 830 2222 esset.
848 2192 955 2223 Gron.

298 2243 352 2282 §6
368 2241 442 2282 Eis]
466 2241 543 2272 Hoc
565 2240 738 2274 referend.
758 2241 801 2272 ad
826 2241 954 2273 Athen.

257 2292 360 2324 Bern.

299 2343 352 2382 §⁷
387 2341 512 2371 Morum
542 2340 683 2381 luxuria]
721 2340 756 2372 S.
785 2340 956 2371 Maximus

256 2390 475 2422 Taurinensis
500 2391 626 2421 Homil.
649 2399 703 2422 1x.
731 2391 741 2407 ‘
764 2391 957 2421 Dolcndum

258 2442 359 2482 plane
381 2446 435 2472 est
449 2441 533 2472 istos
548 2451 678 2472 morum
696 2440 844 2481 abjicere
869 2441 957 2471 nolle

260 2492 450 2523 luxuriam.’

303 2541 391 2572 CAP.
413 2549 462 2572 vr.
496 2542 513 2581 ς
542 2543 558 2571 1
586 2540 707 2580 Conon]
742 2540 825 2581 Ejus
854 2540 957 2572 vitam

260 2590 440 2631 descripsit
454 2589 600 2630 Probus,
614 2590 670 2631 qui
686 2600 762 2620 eum
779 2590 897 2630 proelio
915 2589 958 2621 ad

261 2641 362 2682 AEgos
376 2641 410 2673 fl.
425 2651 493 2683 quo
506 2640 763 2673 Atheniensium
781 2641 958 2681 imperium

261 2692 424 2731 concidit,
436 2701 502 2723 non
519 2690 716 2723 interfuisse
732 2691 864 2732 scribit,
879 2700 959 2722 con-

263 2745 317 2772 tra
345 2752 445 2783 quam
472 2742 562 2773 Xen.
587 2751 629 2774 11.
655 2741 748 2773 Hist.
776 2742 838 2773 Gr.
864 2742 960 2773 Plut.

265 2792 451 2832 Lysandro,
477 2792 582 2824 Diod.
600 2801 682 2823 xm.
700 2795 773 2824 106.
797 2793 958 2831 Bongms.

266 2840 397 2872 Quibus
420 2842 517 2873 testis
539 2842 676 2873 accedit
699 2843 805 2873 lsocr.
822 2842 853 2872 in
873 2843 959 2873 Eva-

267 2895 405 2932 gora,et
421 2892 462 2923 ad
480 2892 696 2932 Philippum:
721 2893 802 2925 item
820 2892 959 2925 Ariston

990 346 1032 376 v,
1066 346 1170 375 οΑν.
1200 337 1241 376 6.
1595 333 1679 375 721

985 440 1085 470 Rhct.
1109 449 1147 470 11.
1167 442 1220 470 23.
1266 439 1306 470 In
1325 439 1426 471 Orat.
1444 439 1680 470 Demosthenis

984 490 1060 521 adv.
1091 490 1285 529 Leptinen),
1318 499 1371 519 res
1400 493 1504 528 gcstae
1535 488 1682 519 cononis

984 539 1166 580 praecipuae
1183 543 1498 569 commemorantur.
1524 539 1621 569 Bern-

1029 590 1186 629 Exornat]
1220 590 1318 621 Vett.
1344 588 1479 630 quidam
1511 589 1600 628 typis
1626 597 1683 619 ex-

986 640 1093 680 pressi
1108 640 1249 670 adornat.
1298 640 1342 669 Et
1359 638 1503 678 perinde
1520 642 1573 668 est
1594 638 1603 654 ‘
1628 647 1685 668 ex-

987 688 1134 728 ornare,’
1152 689 1160 705 ‘
1171 688 1361 728 adornare‚'
1376 688 1525 728 itemque
1542 687 1685 727 simplex

986 740 996 757 ⁴
1018 738 1166 777 ornares
1192 738 1282 769 idem
1311 747 1446 779 quoque
1476 742 1553 768 sunt
1585 738 1687 778 quod,

988 789 1166 820 instruere.
1211 789 1317 829 Cujus
1336 788 1466 829 generis
1493 788 1568 819 itid.
1596 788 1689 818 varia

986 840 1020 870 in
1038 839 1205 880 praedicto
1221 839 1337 870 libello
1352 838 1595 879 congessimus.
1613 838 1687 869 Vor.

1031 891 1048 930 ξ
1063 893 1083 921 4
1099 889 1333 920 Atheniensium
1349 890 1493 928 deletum,
1506 887 1577 928 ξω]
1597 887 1688 918 Hinc

987 940 996 957 ‘
1008 938 1234 971 Athenienses
1247 943 1299 969 tot
1318 937 1472 969 cladibus
1488 937 1688 969 exstinctos?

990 989 1186 1021 criminatur
1213 989 1294 1020 Piso
1321 999 1375 1029 ap.
1398 990 1479 1021 Tac.
1502 987 1546 1020 A.
1573 997 1613 1019 11.
1636 992 1688 1019 55.

992 1041 1092 1072 Rern.

1034 1092 1051 1132 ξ
1068 1093 1086 1121 5
1111 1089 1217 1121 Servis
1231 1088 1419 1129 libertatem]
1440 1088 1523 1129 Sup.
1536 1096 1593 1119 111.
1609 1091 1640 1119 5.
1657 1091 1691 1119 6.

991 1142 1040 1172 Id.

1035 1193 1089 1232 §6
1113 1192 1168 1222 Ex
1185 1200 1258 1231 qua,
1286 1188 1357 1230 ξω]
1380 1189 1436 1220 lta
1460 1189 1527 1219 Ms.
1557 1187 1694 1227 rectius,

992 1242 1126 1282 opinor,
1148 1251 1246 1282 quam
1263 1240 1431 1282 quomodo
1447 1240 1558 1279 Boug.
1578 1244 1614 1270 et
1636 1240 1692 1270 alii

994 1291 1189 1329 ediderunt,
1203 1301 1306 1331 eaque.
1342 1291 1445 1331 Seqq.
1463 1290 1566 1321 verba
1582 1290 1691 1320 ordini

994 1351 1054 1372 suo
1082 1341 1237 1378 restitui;
1271 1350 1346 1372 cum
1376 1340 1410 1370 iu
1438 1340 1512 1371 aliis
1537 1340 1615 1371 edd.
1648 1341 1695 1371 ita

995 1391 1303 1423 confunderentur:
1330 1391 1438 1430 anue
1454 1391 1485 1420 in
1501 1392 1569 1421 coll.
1596 1390 1679 1420 homi

993 1451 1080 1478 num,
1091 1442 1171 1472 dom.
1185 1451 1236 1472 an.
1253 1439 1399 1479 Groecz'ce,
1413 1449 1528 1471 conscr.
1541 1439 1695 1479 exevvitu,

995 1491 1049 1521 vix
1065 1491 1117 1520 lib.
1132 1494 1157 1521 t.
1181 1490 1290 1520 Idem.

1040 1541 1057 1581 ᾗ
1075 1543 1093 1570 8
1111 1540 1165 1577 Ut,
1179 1549 1247 1570 cum
1258 1540 1361 1580 paullo
1373 1542 1444 1570 ante
1454 1539 1583 1569 salutem
1593 1539 1699 1578 despe-

998 1589 1150 1628 raverint,
1166 1599 1245 1619 nunc
1269 1599 1329 1620 non
1344 1590 1504 1629 desperent
1520 1589 1699 1628 victoriam]

1002 1640 1079 1669 Non
1107 1643 1274 1669 tentarem
1298 1639 1387 1669 hunc
1419 1639 1440 1669 l.
1473 1637 1535 1668 nisi
1566 1638 1600 1668 in
1623 1641 1696 1677 opt.

1001 1692 1091 1719 uotae
1119 1688 1239 1718 codice
1262 1687 1358 1718 Leid.
1381 1688 1482 1727 longe
1510 1687 1610 1717 aliter
1626 1687 1698 1717 haec

1001 1742 1141 1768 exarata
1154 1737 1362 1768 invenirem:
1387 1746 1510 1776 nempe
1532 1737 1563 1767 h.
1577 1736 1698 1767 modo:

1001 1791 1034 1818 ut
1062 1787 1146 1827 paul.
1173 1797 1204 1817 a.
1234 1787 1378 1825 salutem,
1407 1790 1478 1826 post
1507 1786 1697 1826 speraverint

1000 1836 1074 1867 vict.
1107 1837 1258 1866 Venusto
1275 1841 1311 1867 et
1327 1840 1423 1867 recto
1438 1845 1551 1867 sensu.
1582 1837 1699 1866 Primo

1001 1886 1044 1917 de
1061 1887 1182 1924 salute,
1195 1896 1273 1917 mox
1286 1886 1328 1917 de
1343 1886 1497 1922 victoria,
1511 1890 1700 1917 certavere.

1004 1937 1082 1968 Non
1110 1937 1210 1967 aliter
1233 1937 1318 1967 Tac.
1347 1936 1410 1975 Ag.
1437 1936 1479 1966 de
1503 1937 1698 1966 Britannis:

1003 1990 1011 2004 ‘
1035 1987 1122 2017 Tum
1154 1986 1195 2016 de
1225 1987 1346 2024 salute,
1372 1995 1449 2016 mox
1477 1986 1518 2016 de
1546 1986 1703 2023 victoria,

1003 2037 1203 2069 certavere!
1259 2037 1311 2067 De
1342 2036 1450 2067 salute
1488 2042 1615 2075 certat,
1647 2037 1702 2077 qui

1004 2093 1134 2120 tantum
1160 2089 1224 2119 hoc
1251 2088 1334 2128 agit,
1357 2091 1395 2118 ut
1419 2087 1545 2117 diutius
1570 2097 1637 2118 uon
1659 2087 1704 2118 sit

1005 2139 1067 2170 sub
1097 2138 1248 2176 victore;
1284 2137 1328 2168 de
1359 2137 1512 2177 victoria,
1541 2138 1599 2178 qui
1627 2147 1702 2169 cum

1005 2188 1134 2219 victore
1159 2192 1293 2218 mutare
1317 2186 1488 2218 fortunam
1513 2188 1704 2227 contendit,

1006 2239 1177 2279 talemque
1204 2237 1266 2268 sibi
1294 2248 1368 2269 esse
1394 2238 1477 2277 vult,
1502 2237 1609 2278 qualis
1639 2238 1703 2279 ipsi

1006 2290 1115 2320 victus
1131 2288 1206 2320 fuit.
1230 2288 1336 2320 Boxh.

1050 2340 1144 2370 Nunc
1166 2349 1224 2370 non
1249 2340 1407 2378 desperent
1436 2337 1616 2376 victoriam]
1640 2339 1700 2369 Mi-

1008 2399 1074 2428 ror,
1105 2389 1288 2420 retinuisse
1314 2389 1347 2419 h.
1375 2389 1455 2420 lect.
1484 2389 1606 2428 editos,
1629 2399 1705 2419 cum

1007 2441 1080 2471 sine
1115 2439 1218 2469 dubio
1256 2438 1391 2478 legend.
1420 2438 1465 2468 sit
1495 2440 1705 2477 desperarent.

1009 2491 1210 2530 Quanquam
1227 2489 1308 2519 mihi
1324 2489 1422 2528 longe
1450 2489 1639 2528 elegantior
1664 2489 1707 2518 vi-

1008 2539 1130 2570 deatur
1146 2539 1226 2570 lect.
1240 2549 1315 2579 quae
1331 2539 1482 2569 occurrit
1500 2538 1532 2568 iu
1548 2538 1708 2578 quibusd.

1007 2591 1093 2621 Mss.
1110 2593 1157 2629 ut,
1172 2599 1240 2619 cum
1250 2590 1333 2628 paul.
1344 2599 1374 2620 α.
1389 2589 1518 2619 salutem
1533 2589 1708 2627 desperate-

1007 2641 1086 2679 rint,
1106 2642 1177 2680 post
1191 2639 1382 2679 speraverint
1398 2639 1471 2669 vict.
1495 2638 1609 2669 Schcf.

1052 2691 1070 2730 ᾧ
1086 2692 1107 2720 9
1130 2689 1264 2728 Nomen]
1281 2689 1434 2719 Perizou.
1450 2688 1610 2719 editionis
1629 2689 1711 2719 1301·-

1008 2739 1145 2771 necceri
1170 2738 1315 2779 margini
1339 2738 1589 2779 adscripscrat:
1615 2741 1623 2756 ‘
1644 2740 1709 2769 No-

1012 2790 1102 2830 men,'
1130 2790 1152 2820 i.
1180 2799 1210 2819 e.
1233 2789 1445 2829 dignitatem.
1500 2788 1556 2819 Sic
1588 2789 1711 2829 Virgil.

1012 2851 1053 2872 ιι.
1078 2840 1150 2871 AEn.
1166 2842 1218 2870 bt).
1241 2840 1249 2855 ‘
1269 2840 1313 2870 Et
1340 2850 1398 2870 uos
1423 2839 1557 2879 aliquod
1577 2850 1711 2870 uomen-

1012 2902 1077 2933 que
1095 2891 1261 2932 decusque
1279 2890 1473 2922 Geminius!
1518 2891 1607 2921 Hinc
1629 2892 1709 2922 Sall

351 2942 465 2984 Delph.
479 2948 506 2976 ec
523 2944 596 2977 Van
612 2946 696 2977 Clas,
929 2946 1050 2977 Justz‘n.
1554 2947 1572 2974 2
1598 2944 1624 2974 Ζ
