2101 3419
407 342 611 374 comens
645 342 696 373 IN
732 341 976 373 memorii.
1011 342 1173 373 nm‘r'r.
1206 341 1496 374 ASSERVA‘rl.
1567 333 1680 376 1077

733 466 897 510 Codices
921 466 1174 509 Oxonienses.

282 554 336 595 In
359 553 560 597 Biblioth.
586 555 710 598 Bocll.
735 555 873 598 Laud.
903 555 1003 597 Lat.
1033 556 1163 598 Auct.
1191 557 1237 598 F.
1259 558 1299 599 2.
1321 558 1390 600 29.
1419 558 1518 599 cod.
1544 571 1678 599 mem-

223 623 340 663 bran.
360 624 471 665 bene
493 625 701 678 scriptus,
731 625 910 680 pulchre
942 625 1230 675 illuminatus,
1264 625 1486 679 pictisque
1515 625 1679 666 tabulis

221 694 414 731 ornatus.
445 691 560 732 Saec.
583 702 687 732 xlv,
709 693 802 733 sine
823 692 955 745 gloss.
974 695 1018 733 et
1037 704 1128 732 var.
1148 691 1429 733 lectionibus.

277 756 416 799 Laud.
439 758 536 799 Lat.
557 759 625 800 57.
648 757 746 800 cod.
767 759 1000 800 membran.
1023 757 1160 799 nitide
1180 759 1394 812 scriptus:
1426 759 1522 800 sine
1541 759 1676 812 gloss.

221 826 265 865 et
284 828 392 866 nott.

279 891 397 932 Inter
433 891 566 933 codd.
591 889 790 933 canonici
814 889 914 932 Lat.
940 892 1037 932 145.
1070 895 1173 933 sunt
1202 894 1394 945 quatuor
1424 895 1677 946 sequentes:

217 958 248 1000 J
252 958 402 1009 ustini,
419 958 612 1001 Abbrev.
628 958 767 1013 Trogi
788 958 947 1013 Pomp.
968 957 1066 999 cod.
1097 959 1336 999 membran.
1372 958 1509 999 nitide
1538 959 1678 1013 scrip-

217 1027 300 1074 tus,
323 1038 428 1067 saec.
448 1037 555 1068 XIV.
574 1026 711 1067 illum.
733 1039 834 1067 cum
856 1026 1016 1080 paucis
1035 1025 1260 1067 indicibus
1283 1029 1362 1067 aut
1381 1025 1497 1066 notis
1518 1026 1676 1078 margi-

216 1093 410 1143 nalibus,
432 1094 489 1135 ad
510 1093 694 1136 initium.

274 1159 370 1202 147.
393 1160 490 1202 cod.
514 1160 705 1201 chartac.
728 1173 833 1202 saec.
855 1171 963 1201 X1V.
986 1161 1059 1202 cui
1087 1160 1362 1215 subjungitur
1395 1160 1425 1202 J
1429 1160 1509 1202 ulii
1537 1159 1676 1201 Solini

216 1226 506 1269 Grammatici
529 1227 794 1282 Polyhistor,
816 1228 910 1269 sive
931 1228 983 1269 de
1007 1228 1292 1270 Mirabilibus
1318 1228 1490 1278 Mundi,
1513 1232 1556 1270 et
1575 1227 1674 1269 Caii

215 1293 352 1334 Plinii
383 1293 585 1343 Secundi,
622 1293 823 1336 Oratoris
856 1295 1139 1346 Veronensis,
1162 1295 1216 1336 de
1239 1296 1363 1337 Viris
1396 1295 1672 1337 Illustribus:

213 1373 363 1401 omnes
383 1374 484 1402 cum
503 1361 725 1402 indicibus
746 1365 822 1403 aut
841 1363 1003 1403 notulis
1023 1363 1347 1415 marginalibus.

272 1429 371 1471 148.
402 1429 500 1471 cod.
531 1430 769 1470 membran.
805 1431 917 1471 bene
956 1431 1232 1484 conscriptus
1266 1433 1310 1471 et
1346 1429 1528 1471 illumin.
1565 1442 1671 1471 saec.

215 1507 299 1537 XV.
321 1510 420 1538 cum
442 1497 665 1538 indicibus
686 1501 763 1538 aut
783 1499 947 1539 notulis
965 1498 1279 1551 marginalibus
1301 1499 1356 1538 ab
1377 1499 1466 1539 alia
1485 1510 1628 1538 manu.

271 1565 370 1605 149.
401 1563 499 1606 cod.
521 1564 717 1606 chartac.
739 1565 827 1605 4t0.
849 1578 952 1606 saec.
979 1577 1085 1607 x1V.
1122 1566 1194 1607 vel
1221 1576 1307 1607 xv.
1329 1579 1426 1607 cum
1449 1565 1671 1607 indicibus

212 1636 288 1674 aut
307 1632 473 1673 notulis
493 1632 805 1684 marginalibus
828 1632 884 1672 ab
907 1632 1059 1673 eadem
1080 1645 1224 1674 manu.

269 1700 390 1741 Inter
411 1699 539 1740 codd.
577 1697 862 1739 Dorvillianos
895 1705 1129 1753 sequentes
1163 1713 1211 1741 se
1237 1701 1462 1754 praebent:
1496 1709 1546 1740 X.
1568 1699 1608 1739 1.
1629 1699 1671 1740 l.

211 1767 280 1807 14.
323 1767 353 1808 J
358 1766 491 1808 ustini
526 1766 731 1821 Epitome
772 1765 906 1820 Trogi
951 1767 1172 1821 Pompeii,
1207 1767 1308 1809 cod.
1340 1767 1579 1809 membran.
1622 1765 1669 1806 ff.

211 1835 307 1876 109.

265 1915 310 1943 x.
332 1902 372 1942 1.
391 1901 433 1943 3.
453 1901 523 1943 32.
552 1901 720 1944 Justini
747 1901 952 1955 Epitome
981 1902 1115 1956 Trogi
1152 1903 1372 1956 Pompeii,
1405 1901 1502 1943 cod.
1534 1914 1668 1942 mem-

207 1971 330 2011 bran.
349 1969 398 2010 ff.
420 1970 518 2011 130.
565 1969 636 2010 De
666 1969 751 2010 hoc
787 1974 832 2011 et
866 1970 1038 2011 duobus
1070 1971 1171 2011 aliis
1204 1971 1373 2012 Justini
1401 1970 1531 2011 codd.
1561 1969 1669 2010 Dor-

207 2038 399 2079 villianis
420 2036 709 2078 consulendus
729 2042 797 2078 est
817 2037 888 2092 (ut
908 2042 1057 2079 monet
1077 2039 1217 2080 editor
1238 2038 1397 2079 doctus
1420 2036 1566 2078 Codd.
1589 2038 1667 2077 διο.

208 2106 585 2148 Dorvillianorum
624 2105 980 2161 Descriptionis)
1012 2107 1064 2149 T.
1086 2106 1332 2162 Wopkens.
1365 2105 1500 2147 Obss.
1534 2104 1666 2146 Misc.

208 2175 330 2217 Nov.
351 2189 398 2229 p.
420 2186 471 2216 x.

265 2255 316 2284 x.
337 2243 382 2284 1.
402 2243 443 2284 3.
463 2242 535 2284 33.
567 2241 687 2283 aliud
717 2242 944 2297 exemplar
977 2241 1176 2297 ejusdem
1212 2242 1361 2297 operis
1396 2240 1495 2283 cod.
1530 2252 1665 2281 mem-

205 2312 329 2352 bran.
349 2310 424 2351 sol.
445 2322 524 2363 pp.
545 2309 648 2350 129.

264 2389 315 2419 x.
336 2377 377 2418 1.
397 2377 442 2418 6.
462 2376 532 2417 35.
563 2375 608 2417 J.
630 2376 688 2419 G.
708 2376 877 2419 Graevii
899 2377 1083 2420 Dictata
1118 2378 1165 2419 in
1195 2377 1226 2419 J
1229 2377 1360 2419 ustini
1391 2374 1661 2418 Historiam:

264 2523 316 2553 x.
347 2512 389 2553 2.
419 2512 461 2552 4.
493 2511 561 2552 15.
609 2510 663 2551 In
692 2509 924 2552 Justinum
952 2515 1086 2561 notae,
1119 2523 1252 2552 manu
1285 2509 1330 2551 J.
1362 2509 1414 2551 P.
1457 2508 1663 2550 Dorvillii

205 2579 398 2633 scriptae,
429 2591 508 2632 pp.
535 2577 633 2618 814.
668 2577 713 2618 in
732 2577 822 2619 4to.
884 2577 1002 2619 Haec
1032 2577 1086 2619 de
1117 2576 1408 2619 Dorvillianis
1439 2576 1660 2617 referenda

204 2650 305 2687 sunt
337 2645 496 2687 editori
539 2644 744 2685 codicum
777 2643 889 2685 Mss.
921 2648 965 2686 et
1005 2645 1315 2699 impressorum
1363 2644 1661 2686 Dorvilliano-

202 2727 314 2763 rum,
347 2725 449 2754 cum
495 2712 610 2754 notis
642 2711 757 2752 Mss.
807 2711 913 2753 olim
961 2712 1268 2762 DorvillianiS,
1316 2711 1658 2765 Descriptionis‚

203 2779 349 2820 Oxon.
383 2779 510 2821 1706.
572 2777 752 2820 Notitia
772 2779 904 2820 etiam
937 2779 1152 2821 Historiae
1183 2778 1367 2829 Justini,
1396 2779 1494 2821 cod.
1525 2791 1659 2819 mern—

200 2848 322 2889 bran.
342 2859 420 2900 pp.
442 2845 539 2888 140.
560 2846 672 2888 inter
691 2846 962 2897 Clarkianos,
992 2847 1136 2888 eidem
1160 2847 1255 2888 viro
1278 2846 1413 2889 docto
1434 2846 1658 2888 referenda
