2101 3419
395 353 479 397 xlii

394 464 488 495 Praef.
501 466 520 494 3
537 462 673 494 dividere
687 461 800 494 fundos
817 463 954 494 omnium
971 465 1099 506 {equali-

397 512 444 536 ter
458 507 536 535 inter
551 516 656 536 omnes
671 506 715 542 iii,
729 510 759 543 3,
777 510 795 537 3
820 507 968 537 dividitur
980 509 1098 549 aliquid

398 560 468 579 cum
484 548 588 588 aliquo
610 548 652 584 vi,
668 552 700 585 9,
716 554 734 580 5
764 550 903 580 dividere
920 550 1000 581 vices
1023 562 1099 582 noc-

399 592 473 621 tium
490 590 569 621 inter
591 591 708 631 aliquas
731 592 783 629 xii,
800 596 831 629 3,
849 596 889 623 10
912 592 1020 623 Achaei
1045 605 1099 634 per

398 634 537 664 civitates
552 634 637 664 velut
651 645 705 675 per
728 637 862 666 membra
886 635 976 666 divisi
996 637 1097 674 xxxiv,

399 680 430 712 1,
446 679 466 707 2

439 718 621 749 Divinitatis
631 719 777 760 originem
790 721 945 761 acquirere
963 721 1002 757 xi,
1017 724 1065 758 11,
1077 725 1097 753 6

441 760 591 792 Divinum
606 767 638 792 et
652 763 819 793 humanum
838 763 891 804 jus
915 764 1013 800 xxxvi,
1029 767 1060 800 2,
1078 768 1097 796 8

397 804 534 834 divinum
551 816 661 835 munus
684 805 756 842 xvii,
772 808 804 842 2,
821 809 840 837 2
864 807 969 836 divino
989 807 1097 847 spiritu

397 847 525 888 impleta.
547 847 622 883 xliii,
646 851 677 884 1,
693 852 712 880 S
742 848 837 878 divini
862 849 992 879 honores
1014 849 1097 880 Pha-

400 890 484 920 lanto
499 891 705 921 decernuntur
729 891 773 926 iii,
789 895 820 927 4,
838 895 878 922 18
907 892 1018 922 divinis
1041 893 1097 923 ho-

399 932 523 963 noribus
539 938 667 963 onerant
681 933 866 964 Alcibiaden
882 945 911 970 V,
927 937 959 971 4,
977 938 1017 966 13

440 975 563 1005 Divisio
577 986 739 1016 regnorum
754 977 845 1006 noxia
860 978 920 1013 xxi,
937 980 967 1012 1,
983 980 1003 1008 2

441 1017 570 1049 Divitiae
593 1018 701 1049 Xerxis
725 1019 757 1055 ii,
782 1022 835 1053 10,
850 1023 888 1050 21
922 1019 1097 1049 divitiarum

400 1060 530 1096 luxuria,
553 1062 635 1091 unde
660 1061 787 1101 primum
811 1061 929 1092 Graecis
951 1061 985 1098 ii,
1008 1065 1061 1098 14,
1077 1065 1098 1093 6

397 1103 572 1134 divitiarum
587 1103 702 1145 cupido
717 1104 758 1134 ibi
774 1111 831 1141 est,
858 1104 909 1134 ubi
931 1110 963 1135 et
980 1115 1050 1135 usus
1064 1105 1098 1141 ii,

399 1149 432 1182 2,
451 1149 490 1176 10

443 1188 634 1218 Divortium:
652 1198 705 1228 pcr
714 1188 878 1219 divortium
891 1189 1049 1220 discedere
1061 1189 1100 1220 ab

399 1230 503 1271 aliquo
526 1231 562 1270 ii,
576 1234 608 1267 6,
626 1233 666 1262 14
695 1232 825 1262 divortio
841 1233 897 1262 viri
911 1243 929 1263 a
943 1238 1038 1263 matre
1053 1233 1100 1263 di-

400 1273 491 1303 missa
506 1274 606 1308 xxxix,
622 1276 653 1310 3,
671 1276 690 1304 3

442 1316 590 1346 Diutinus
611 1317 688 1358 (hoc
703 1320 760 1353 est,
783 1315 963 1359 diuturnus)
987 1317 1101 1355 xxxvii,

403 1362 432 1395 1,
448 1361 467 1389 4
493 1358 631 1388 Freinsh.

444 1401 632 1431 Diuturnum
647 1400 808 1441 imperium
823 1402 896 1439 xxii,
912 1407 943 1439 5,
958 1405 979 1434 4

443 1444 612 1484 Divulgare
637 1455 687 1479 κν,
705 1448 734 1479 l,
751 1447 770 1475 3
804 1445 981 1486 divulgatur
994 1445 1100 1486 opinio

401 1487 433 1516 in
450 1487 669 1517 Macedoniam
686 1488 737 1523 xii,
753 1491 785 1523 5,
801 1492 818 1518 5
843 1488 924 1518 fama
938 1489 1034 1518 deleti
1049 1499 1101 1518 ex-

400 1529 512 1559 ercitus
535 1530 638 1565 xxxiii,
655 1533 687 1566 6,
705 1533 744 1561 10
775 1531 934 1571 divulgata
954 1530 1102 1572 opinione

401 1578 463 1601 tam
480 1572 618 1612 gloriosae
633 1572 839 1612 expeditionis
855 1573 919 1609 xlii,
932 1577 964 1609 2,
983 1577 1020 1606 11

445 1614 567 1645 Docere
584 1626 694 1655 pueros
709 1615 740 1644 in
757 1615 845 1645 trivio
871 1615 932 1652 xxi,
948 1620 980 1652 5,
996 1620 1015 1648 8
1045 1617 1103 1647 do·

402 1658 492 1688 cebat
508 1658 688 1698 pudicitiam
706 1658 899 1699 Pythagoras
914 1670 964 1696 xx,
979 1663 1012 1696 4,
1027 1663 1048 1692 9

446 1700 577 1730 Doctior
592 1700 758 1741 majoribus
774 1701 845 1736 xvii,
862 1705 894 1737 3,
912 1705 951 1733 ll

446 1743 566 1773 Doctor
577 1743 746 1774 Alexandri
758 1743 941 1775 Aristoteles
953 1744 1004 1781 xii,
1019 1747 1071 1780 16,
1083 1748 1103 1776 8

447 1786 599 1816 Doctrina
623 1788 696 1828 (pro
720 1786 932 1829 institutione)
957 1799 1007 1825 xit,
1030 1791 1062 1825 4,
1084 1791 1104 1820 8

404 1828 541 1859 Freinsh.

448 1871 645 1902 Documenta
660 1871 761 1911 legum
786 1871 900 1912 primus
922 1871 954 1902 in
969 1883 1002 1903 se
1018 1873 1106 1903 dedit

406 1914 564 1954 Lycurgus
588 1915 664 1954 (hoc
680 1920 737 1950 est,
762 1916 844 1954 quod
862 1915 930 1945 aliis
946 1916 1105 1956 praecipie-

406 1958 469 1993 bat,
494 1957 559 1996 ipse
585 1957 698 1997 primus
723 1958 813 1997 fecit)
838 1958 880 1993 iii,
897 1962 929 1993 2,
946 1962 966 1990 8
988 1958 1105 1999 (simile

405 2005 452 2029 est
472 2000 637 2029 Claudiani
662 2000 829 2030 monitum:
855 2005 863 2018 ‘
882 2001 918 2030 In
943 2012 1106 2033 commune

401 2041 494 2082 jubes
505 2042 528 2071 si
541 2042 627 2082 quid,
639 2053 783 2072 censesve
796 2044 976 2078 tenendum,
987 2044 1106 2073 Primus

401 2084 493 2124 jussa
508 2084 615 2123 subi’).
645 2084 842 2114 Documenta
860 2086 982 2125 pietatis
1005 2086 1036 2115 in
1052 2086 1106 2117 Ci-

407 2138 497 2157 mone
512 2127 620 2156 futurae
637 2127 856 2167 magnitudinis
871 2129 984 2158 indicia
1005 2129 1037 2165 ii,
1054 2132 1107 2165 15,

408 2173 447 2200 18
472 2169 607 2200 Freinsh.
640 2169 759 2200 virtutis
773 2171 904 2211 alicujus
921 2181 1029 2212 magna
1051 2172 1107 2201 do-

406 2218 551 2244 cumenta
565 2213 699 2243 existunt
712 2213 744 2248 ii,
760 2216 792 2248 4,
809 2216 847 2244 31

448 2255 631 2285 Dodouaeus
653 2256 777 2297 Jupiter
800 2256 851 2291 xii,
868 2258 900 2292 2,
917 2259 949 2287 3.
979 2256 1052 2291 xvii,
1075 2259 1107 2292 3,

407 2301 437 2329 4.
472 2298 562 2333 xxxii,
586 2302 618 2333 2,
643 2302 658 2329 l
694 2298 819 2340 (ultimo
846 2299 915 2330 loco
943 2299 1108 2341 legendum

410 2340 559 2381 Elymoei)
576 2341 679 2371 Vorst.

451 2383 566 2414 Dolere
593 2384 766 2424 repudium,
793 2389 931 2424 stuprum
962 2385 1002 2420 ix,
1030 2387 1063 2423 7,
1087 2387 1108 2416 2

406 2433 535 2456 mortem
563 2426 693 2466 alicujus
720 2427 811 2463 xxxii,
836 2430 868 2464 3,
893 2430 912 2458 2
947 2427 1108 2458 orbitatem

407 2469 584 2499 amissorum
600 2470 730 2499 filiorum
746 2470 850 2500 dolere
866 2471 946 2507 xxiv,
962 2475 993 2507 5,
1009 2474 1030 2501 9
1053 2471 1109 2501 do-

409 2512 491 2543 lendi
508 2512 667 2553 Tyriorum
684 2524 771 2543 casus
788 2513 870 2549 xviii,
886 2516 918 2549 3,
936 2517 951 2544 l

452 2555 551 2585 Dolor
567 2556 633 2595 ipsa
648 2555 890 2586 dissimulatione
912 2555 1022 2587 crescit
1045 2555 1108 2592 viii,

409 2602 442 2634 5,
462 2601 498 2629 ll
524 2598 612 2628 dolor
627 2599 765 2628 orbitatis
781 2599 801 2633 i,
816 2603 846 2634 ὃ,
862 2602 882 2630 ‘J

452 2640 553 2670 Dolus
575 2642 678 2671 subest
702 2641 824 2675 xxxviii,
840 2646 870 2678 21,
886 2645 906 2672 2
930 2641 986 2671 sub
1008 2641 1111 2681 specie

411 2684 581 2714 venationis
597 2684 685 2713 dolus
702 2684 776 2713 latet
800 2685 820 2718 i,
836 2689 868 2720 5,
888 2688 925 2715 10
955 2684 1034 2714 dolis
1049 2683 1112 2714 suis

410 2727 490 2755 hosti
506 2726 662 2756 victoriam
684 2728 759 2756 dant
775 2728 974 2767 Megarenses
995 2727 1027 2762 ii,
1044 2730 1074 2763 8,
1091 2731 1109 2758 5

409 2769 467 2807 (ita
480 2770 562 2809 apud
574 2769 673 2800 Tacit.
689 2770 721 2806 ii,
734 2774 787 2806 20,
802 2773 830 2801 1.
845 2774 853 2787 ‘
868 2769 963 2799 Astus
980 2770 1111 2799 hostium

411 2811 484 2851 ipsis
501 2813 530 2841 in
547 2813 712 2851 pernicicm
729 2813 895 2852 vertebat’)
919 2812 1056 2842 Freinsh-

456 2854 590 2884 Domare
621 2856 713 2885 boves
739 2861 837 2886 aratro
869 2855 981 2896 primus
1007 2855 1115 2885 docuit

414 2896 510 2927 llabis
538 2897 608 2933 xliv,
632 2901 664 2933 4,
693 2902 731 2930 11
768 2899 950 2930 domitarum
976 2898 1113 2939 gentium

415 2940 564 2970 barbaries
580 2940 621 2977 ix,
638 2944 668 2977 5,
685 2944 703 2972 7

1050 366 1213 399 INDEX

1192 465 1372 497 Domestica
1388 465 1483 507 gloria
1496 466 1568 509 (pro
1580 468 1699 509 gentili,
1714 470 1773 502 hoc
1787 476 1845 508 est,

1146 518 1210 539 suae
1223 510 1339 550 gentis)
1355 510 1388 546 ii,
1401 513 1433 546 4,
1446 513 1487 541 28
1511 511 1592 541 bella
1606 511 1677 552 (pro
1689 512 1848 555 civilibus)

1147 562 1176 586 v,
1192 555 1224 587 2,
1246 555 1281 582 12
1305 552 1376 582 Itaz
1400 553 1578 583 domesticae
1593 554 1670 584 vires
1692 555 1752 590 xxi,
1768 558 1800 591 2,
1816 561 1847 587 5.

1146 594 1240 630 xxxii,
1257 597 1285 630 1,
1303 597 1321 625 3
1346 595 1533 626 domesticus
1553 595 1652 636 judex
1678 597 1750 637 (pro
1773 608 1847 638 cog-

1145 642 1232 672 nato,
1260 643 1292 667 et
1320 647 1357 667 ex
1385 639 1494 668 eadem
1522 638 1654 679 familia)
1684 640 1716 676 ii,
1747 643 1799 676 10,
1826 645 1847 672 9

1145 679 1282 709 Freinsh.
1297 680 1468 711 domestica
1476 681 1565 712 sedes
1578 681 1629 717 xii,
1639 684 1672 718 4,
1685 685 1704 713 3
1728 682 1849 714 domes-

1146 722 1214 753 ticis
1230 722 1365 763 imperiis
1381 723 1426 753 uti
1442 724 1543 759 xxxvi,
1560 726 1591 760 1,
1608 728 1648 755 10

1189 764 1326 795 Domina
1339 766 1502 796 multarum
1515 766 1634 797 urbium
1647 766 1769 799 Graecia
1782 767 1849 805 viii,

1145 810 1178 843 4,
1194 811 1213 838 7

1189 849 1369 881 Dominatio
1385 848 1458 891 (pro
1471 850 1615 887 dominis,
1631 851 1694 881 sive
1710 851 1778 891 ipso
1791 852 1848 882 do-

1145 892 1296 922 minorum
1311 892 1461 933 collegio)
1484 904 1512 928 ν,
1530 896 1582 930 10,
1598 898 1616 924 5
1641 894 1741 936 (Vide
1757 895 1849 925 etiam

1145 934 1216 965 Ind.
1232 935 1331 975 Flor.)
1355 945 1410 976 pro
1432 935 1560 976 imperio
1581 947 1612 974 v,
1628 939 1682 974 10,
1697 939 1729 968 9.
1757 937 1800 974 ix,
1816 940 1850 975 3,

1146 980 1185 1009 11
1211 977 1348 1008 Freinsh.

1189 1020 1342 1050 Dominus
1353 1024 1469 1051 naturae
1479 1020 1511 1057 ii,
1524 1023 1576 1058 10,
1587 1023 1628 1053 24
1643 1020 1727 1052 Asiae
1738 1021 1849 1058 xxxvii,

1145 1065 1178 1098 3,
1193 1067 1211 1094 5
1236 1063 1379 1093 dominus
1395 1068 1427 1093 et
1442 1068 1592 1104 tyrannus
1613 1064 1686 1100 xxii,
1702 1068 1734 1101 3,
1749 1067 1769 1096 3
1793 1065 1850 1094 do-

1147 1104 1223 1135 mini
1249 1116 1358 1136 necem
1382 1105 1491 1136 ulcisci
1520 1106 1593 1142 xliv,
1619 1110 1651 1144 5,
1674 1110 1693 1138 5
1731 1107 1850 1137 domini

1148 1147 1277 1179 Graeciae
1291 1148 1498 1179 Athenienses
1521 1160 1550 1186 v,
1564 1152 1597 1185 6,
1612 1152 1633 1180 6
1661 1149 1780 1180 domini
1802 1160 1849 1180 re-

1148 1190 1274 1231 gionum
1290 1191 1365 1227 xliii,
1381 1194 1413 1227 4,
1429 1195 1447 1222 5
1478 1191 1620 1221 dominos
1636 1202 1706 1222 cum
1720 1193 1850 1223 victoria

1148 1244 1282 1264 reversos
1298 1234 1409 1264 finibus
1425 1234 1590 1274 prohibent
1604 1234 1686 1266 servi
1699 1235 1732 1272 ii,
1748 1239 1781 1273 5,
1796 1238 1816 1267 3

1191 1275 1369 1307 Domitores
1385 1277 1465 1307 orbis
1480 1277 1543 1313 xiV,
1558 1280 1591 1314 4,
1606 1281 1649 1309 20

1192 1319 1313 1349 Domus
1338 1319 1411 1360 (pro
1424 1320 1508 1360 regia
1522 1320 1656 1361 familia)
1679 1319 1732 1356 xii,
1750 1323 1802 1357 15,
1821 1323 1850 1351 l.

1149 1362 1210 1397 xvi,
1233 1365 1262 1397 l,
1279 1364 1331 1392 15.
1356 1362 1416 1398 xvi,
1431 1366 1463 1399 2,
1480 1367 1510 1393 5.
1532 1362 1594 1398 xvi,
1609 1367 1642 1398 5,
1657 1365 1678 1394 2
1701 1363 1852 1404 (quomo-

1149 1405 1190 1435 do
1206 1403 1314 1435 Xerxis
1335 1404 1482 1435 familiam
1496 1405 1698 1446 Thucydides
1722 1405 1745 1441 1,
1760 1409 1814 1442 22,
1830 1408 1852 1437 8

1149 1446 1232 1478 οἶκον
1239 1447 1387 1487 appellat,
1395 1458 1453 1478 nec
1463 1447 1854 1487 alitervemaculanostm).

1149 1489 1232 1520 domi
1255 1491 1332 1531 (hoc
1347 1495 1405 1527 est,
1420 1491 1452 1520 in
1468 1501 1522 1520 sua
1537 1490 1680 1531 civitate)
1702 1490 1734 1527 ii,
1750 1493 1782 1527 3,
1798 1494 1853 1522 10.

1149 1532 1183 1568 ii,
1196 1537 1227 1572 5,
1241 1535 1270 1563 l.
1294 1544 1323 1568 V,
1339 1536 1370 1569 2,
1386 1536 1417 1564 3.
1440 1543 1489 1568 xx,
1501 1536 1533 1569 5,
1545 1536 1565 1564 7
1590 1533 1681 1564 hinc:
1697 1533 1781 1564 domi
1797 1544 1854 1564 no-

1149 1574 1220 1605 bilis
1237 1586 1266 1611 v,
1278 1578 1310 1611 9,
1323 1578 1343 1606 6
1367 1575 1446 1616 (quo
1462 1575 1613 1606 vocabulo
1628 1581 1660 1606 et
1671 1574 1781 1607 Cicero
1798 1586 1852 1616 pro

1152 1618 1277 1649 Cluent.
1289 1627 1359 1658 cap.
1371 1621 1423 1649 23.
1435 1618 1523 1649 Curt.
1538 1619 1583 1655 iii,
1597 1621 1649 1655 13,
1661 1620 1713 1650 28.
1728 1618 1854 1650 Sallust.

1152 1661 1246 1692 Catil.
1270 1663 1323 1697 17,
1338 1665 1368 1692 5.
1392 1660 1535 1703 utuntur)
1562 1661 1698 1691 Freinsh.
1727 1661 1854 1692 domum

1152 1703 1229 1734 serre
1245 1703 1379 1744 praedam
1394 1703 1443 1745 (id
1455 1709 1512 1739 est,
1526 1704 1559 1734 in
1572 1703 1718 1745 patriam)
1733 1705 1785 1741 xii,
1801 1707 1854 1740 ll,

1154 1749 1171 1778 1
1197 1746 1301 1777 Vorst.
1327 1746 1418 1786 regiae
1433 1747 1542 1777 domus
1564 1746 1732 1787 parietibus
1754 1747 1855 1778 conti-

1153 1789 1217 1819 neri
1240 1789 1403 1820 meretricis
1426 1789 1557 1820 audacia
1570 1800 1633 1819 non
1656 1794 1759 1830 potest
1783 1800 1854 1824 xxx,

1154 1834 1186 1867 2,
1199 1835 1214 1863 1
1240 1832 1460 1862 honestissimae
1472 1833 1580 1863 domus
1594 1832 1654 1867 xvi,
1665 1837 1697 1869 5,
1707 1835 1728 1863 2
1751 1832 1855 1873 plaus-

1154 1875 1207 1903 tris
1224 1885 1276 1914 pro
1293 1875 1434 1904 domibus
1451 1880 1578 1905 utuntur
1592 1876 1717 1916 Scythae
1738 1874 1771 1910 ii,
1787 1878 1818 1911 2,
1834 1877 1855 1906 4

1155 1918 1332 1957 patentibus
1365 1918 1506 1948 domibus
1541 1917 1662 1948 saucios
1696 1918 1857 1958 excipiunt

1154 1959 1258 1995 xxx-iii,
1273 1963 1305 1996 4,
1320 1964 1338 1991 5
1363 1966 1398 1990 ut
1412 1962 1547 2001 praedam
1562 1961 1670 1991 domos
1684 1960 1784 1990 ferant
1802 1960 1857 1996 xii,

1157 2005 1208 2037 ll,
1227 2005 1243 2032 l

1198 2044 1324 2074 Donare
1349 2044 1455 2074 statuis
1479 2044 1670 2085 equestribus
1693 2043 1777 2085 (hos,
1801 2044 1855 2085 qui

1156 2086 1186 2116 in
1211 2087 1316 2127 praelio
1342 2087 1534 2127 ceciderant)
1562 2088 1604 2125 xi,
1629 2092 1660 2123 6,
1686 2090 1726 2118 13
1763 2086 1856 2118 alicui

1156 2139 1279 2159 causam
1306 2130 1396 2164 xxxii,
1421 2133 1452 2165 2,
1475 2133 1495 2161 4
1525 2130 1658 2160 donatus
1682 2130 1745 2159 filio
1769 2135 1856 2170 pater

1157 2172 1206 2211 (id
1219 2177 1276 2206 est,
1293 2173 1370 2212 patri
1385 2173 1594 2202 condonatum
1607 2177 1730 2213 propter
1742 2172 1857 2212 filium)

1157 2215 1250 2250 xxxii,
1266 2218 1297 2250 2,
1313 2219 1331 2245 5
1355 2216 1470 2245 donare
1484 2215 1618 2255 aliquem
1632 2215 1785 2245 memorias
1803 2225 1856 2255 pa-

1157 2257 1209 2287 tris
1225 2256 1349 2293 xxxviii,
1363 2261 1395 2293 6,
1408 2261 1428 2288 6
1445 2258 1548 2288 Vorst.
1570 2258 1703 2287 donatus
1717 2263 1764 2288 est
1777 2257 1858 2287 mili-

1158 2300 1272 2329 taribus
1295 2300 1384 2330 donis
1406 2300 1490 2336 xxiii,
1513 2303 1544 2336 4,
1562 2303 1601 2331 13
1632 2306 1740 2341 torque
1763 2310 1857 2330 aureo

1158 2344 1273 2372 donata
1285 2342 1355 2372 Dea
1367 2342 1442 2379 xliii,
1456 2346 1488 2378 5,
1499 2346 1517 2375 7
1542 2343 1664 2373 donatis
1674 2343 1859 2384 refectisque

1159 2384 1304 2415 militibus
1320 2385 1360 2420 xi,
1377 2388 1429 2422 14,
1445 2388 1465 2416 8

1201 2427 1313 2459 Donec
1341 2428 1383 2465 iv,
1413 2432 1443 2465 1,
1472 2431 1523 2459 15.
1562 2428 1615 2464 xii,
1644 2430 1676 2464 6,
1705 2431 1756 2459 15.
1797 2427 1858 2466 xiv,

1158 2474 1191 2506 6,
1208 2474 1246 2502 11

1202 2513 1328 2544 Donum
1344 2512 1496 2552 peculiare
1508 2512 1607 2543 serens
1620 2512 1715 2543 filium
1730 2512 1810 2549 xxxi,
1825 2516 1858 2550 7,

1159 2559 1179 2587 4
1209 2567 1296 2595 agros
1313 2557 1395 2585 dono
1417 2555 1593 2596 reipublicae
1617 2556 1744 2586 dederat
1766 2556 1860 2592 111,”7,

1159 2602 1179 2630 9
1203 2596 1285 2628 douo
1298 2599 1388 2628 datus
1404 2599 1475 2634 xliv,
1491 2601 1522 2634 4,
1540 2602 1560 2630 9
1583 2599 1672 2628 donis
1686 2599 1765 2628 inter
1780 2598 1861 2629 bella

1160 2643 1392 2672 contendebant
1409 2653 1456 2676 xv,
1472 2645 1503 2676 2,
1520 2646 1540 2672 5
1570 2641 1702 2671 donatus
1718 2646 1766 2671 est
1781 2641 1860 2671 mili-

1161 2685 1275 2714 taribus
1289 2685 1379 2713 donis
1395 2684 1476 2718 xxiii,
1493 2687 1524 2719 4,
1542 2686 1581 2714 13

1204 2727 1371 2757 Dorienses
1395 2727 1508 2756 bellum
1533 2737 1603 2757 cum
1619 2725 1860 2756 Atheniensibus

1161 2775 1270 2810 gerunt
1286 2770 1319 2805 ii,
1333 2773 1365 2807 6,
1382 2772 1421 2800 16

1205 2813 1368 2843 Dormiens
1384 2812 1525 2841 inventus
1541 2812 1628 2852 quasi
1642 2822 1781 2841 somnum
1803 2811 1861 2840 fin-

1162 2862 1246 2896 geret
1270 2855 1312 2891 iii,
1331 2857 1395 2889 1,=1
1426 2854 1587 2885 dormienti
1611 2860 1706 2895 caput
1727 2859 1861 2895 pertrac-

1163 2903 1225 2928 tare
1241 2898 1263 2933 i,
1280 2902 1311 2932 9,
1330 2901 1367 2928 17

1206 2941 1340 2972 Dorsum
1348 2951 1442 2971 unum
1452 2939 1562 2971 montis
1570 2939 1712 2981 Pyrenaei
1723 2938 1793 2977 xliv,
1803 2941 1832 2976 1,
1840 2941 1860 2970 8
