2101 3419
785 350 831 379 lN

288 448 479 479 Praemonere
501 448 601 479 futura
625 448 697 485 xliii,
714 451 744 486 l,
759 452 779 480 8
809 460 937 491 praemo-

244 492 328 521 nilus
353 492 375 527 ἰ,
390 495 421 526 6,
438 495 454 522 l

287 534 465 563 Praenuntia
480 533 587 563 futurae
604 532 770 573 majestatis
783 535 850 575 ipsa
864 535 937 565 edu·

244 576 326 605 catio
342 576 465 605 infantis
479 576 537 605 suit
558 575 641 611 xxiii,
657 579 689 611 4,
705 580 723 607 3

289 618 498 647 Praenuntiare
527 619 692 648 adventum
717 619 864 649 exercitus
887 629 937 653 xx,

244 663 276 692 5.
294 663 334 690 12
357 659 560 700 praenuntiata
581 661 639 689 fuit
661 661 838 701 magnitudo
862 660 938 701 Cyri

244 712 280 731 eo
306 703 388 742 quod
416 712 489 732 avus
515 702 582 742 ejus
614 713 668 743 per
696 713 834 733 somnum
862 703 939 732 vidit

243 745 337 773 vitem
353 750 474 775 enatam
497 755 533 774 ex
561 745 749 775 naturalibus
774 746 845 775 filiae
867 745 888 782 i,
904 747 936 781 4,

244 789 264 816 2
277 791 309 815 et
322 789 340 817 3

286 829 462 868 Praeoptare
477 829 553 868 (hoc
569 834 625 863 est,
642 828 748 870 malle)
769 829 831 865 viii,
854 831 885 865 4,
907 833 936 859 5.

245 871 284 905 xi,
303 874 354 906 14,
372 874 399 900 l.
422 872 482 907 xvi,
499 874 529 906 3,
545 875 562 901 5
588 871 743 912 (Usurpat
764 877 796 902 et
819 871 938 901 Fronti—

243 923 300 942 nus
315 913 494 953 Strategem.
517 913 556 949 iv,
575 918 606 950 5,
621 914 680 952 22)
696 914 830 944 Freinsh.

287 955 478 995 Praeparatos
501 965 595 995 equos
616 956 746 996 fugienti
769 956 875 986 habuit
897 956 936 992 ix,

242 999 273 1031 7,
291 1000 310 1027 9
335 1003 502 1037 praeparata
523 999 554 1027 in
578 1008 646 1028 eam
669 1004 790 1029 noctem
817 1004 937 1029 senato-

243 1050 308 1069 rum
324 1040 445 1079 agmina
468 1040 550 1075 xviii,
565 1043 597 1076 4,
614 1044 652 1071 15

286 1082 443 1121 Praepetes
458 1082 569 1123 aquilae
592 1083 642 1117 xii,
661 1086 710 1118 16,
727 1086 745 1113 5

286 1124 470 1164 Praeponere
500 1124 631 1164 aliquem
662 1125 747 1165 genti
782 1125 803 1160 i,
827 1127 858 1160 6,
886 1127 936 1155 16.

242 1166 296 1201 xli,
311 1169 342 1201 6,
359 1169 378 1196 7
413 1177 590 1207 praeponere
615 1167 746 1206 aliquem
773 1167 864 1197 alicui
887 1168 936 1206 (in

242 1209 461 1246 controversia)
483 1209 515 1244 ii,
532 1212 583 1244 10,
600 1212 620 1239 9
655 1209 787 1250 aliquem
811 1220 935 1239 summae

241 1251 283 1280 rei
307 1250 347 1286 vi,
363 1253 394 1286 2,
409 1253 429 1281 4
453 1251 558 1291 patriae
569 1251 640 1291 jura
655 1252 724 1281 vitae
751 1262 934 1292 praeponun-

242 1297 291 1323 tur
311 1293 390 1328 xxxi,
407 1296 438 1329 7,
454 1298 472 1324 5
497 1295 677 1333 praepositus
692 1294 796 1324 Medis
810 1294 830 1329 i,
846 1297 876 1329 3,
893 1298 912 1325 2

284 1335 444 1375 Praerupta
469 1346 560 1375 rupes
596 1336 648 1372 xli,
669 1340 700 1372 5,
725 1339 744 1367 3
782 1341 935 1377 praerupta

241 1377 366 1407 collium
389 1378 441 1413 xli,
460 1381 489 1414 1,
511 1380 549 1408 11

283 1419 470 1460 Praesagire:
505 1420 589 1450 triste
629 1425 782 1452 ostentum
822 1420 934 1451 Perseo

242 1462 458 1503 praesagientes
481 1462 583 1498 xxxiii,
601 1465 629 1499 1,
645 1466 664 1494 7

285 1505 447 1534 Praesens:
476 1506 514 1534 ad
545 1515 677 1545 praesens
706 1510 825 1545 ternpus
861 1505 934 1546 (pro

242 1547 322 1585 tum)
343 1547 364 1582 i,
381 1551 412 1582 5,
425 1550 444 1577 7
467 1553 632 1587 praesentes
647 1547 747 1588 epulae
760 1550 847 1587 (quae
871 1553 934 1577 tum

240 1589 379 1630 fuerunt)
414 1589 435 1624 i,
464 1593 495 1624 6,
526 1593 546 1620 6
582 1589 718 1630 (Eodem
747 1600 836 1620 sensu
867 1600 935 1619 mox

241 1631 418 1661 ‘hodierna-3
445 1631 566 1671 epulce.y
600 1632 641 1661 Et
664 1632 760 1662 simile
782 1637 829 1662 est
852 1633 935 1672 quod

239 1673 354 1704 ibidem
364 1678 372 1691 ‘
381 1675 537 1703 hesternus
546 1674 667 1714 labor’).
680 1675 710 1703 in
723 1675 863 1713 praesenti
875 1675 935 1710 xiv,

242 1719 271 1751 1,
289 1719 327 1747 13
344 1716 443 1756 (quod
459 1716 563 1746 itidem
579 1722 624 1746 est
638 1727 690 1756 pro
707 1722 715 1733 ‘
731 1721 803 1746 tunc
819 1722 937 1757 tempo-

239 1758 301 1788 ris?
339 1759 420 1789 Vide
448 1763 480 1788 et
515 1758 586 1788 Iud.
614 1759 645 1788 in
676 1758 759 1798 Nep.
789 1764 820 1789 et
847 1770 938 1800 supra

241 1801 363 1840 Nunc).
397 1801 557 1840 praesentia
581 1801 683 1830 studia
706 1801 736 1829 in
763 1801 871 1831 Persas
894 1802 934 1837 xi,

242 1847 274 1880 3,
289 1846 310 1874 9
333 1853 465 1883 praesens
481 1853 559 1872 mors
582 1843 644 1879 xiii,
660 1847 687 1878 1,
702 1846 720 1873 3
745 1843 848 1873 Vorst.

284 1884 453 1915 Praesentia
468 1884 530 1914 Dei
552 1886 632 1921 xxiv,
649 1889 679 1920 8,
694 1888 714 1915 9

284 1927 465 1957 Praesentire
481 1928 646 1957 adventum
670 1926 801 1956 hostium
816 1926 857 1961 vi,
871 1929 901 1962 7,
915 1930 932 1957 3

242 1980 302 2000 rem
327 1970 389 2004 xiii,
406 1973 437 2004 8,
452 1972 471 2000 4
496 1974 707 2009 tempestatem
730 1980 799 2004 xxv,
815 1972 846 2005 2,
860 1971 879 1999 3

284 2011 456 2041 Praesertim
481 2011 553 2046 xxii,
569 2014 600 2046 6,
618 2015 656 2043 11

283 2054 426 2084 Praesidae
443 2054 551 2094 populi
572 2054 625 2090 xii,
641 2057 671 2088 8,
687 2056 707 2084 9

284 2096 465 2126 Praesidium
501 2096 573 2136 (pro
602 2095 732 2134 auxilio)
770 2095 802 2131 ii,
831 2098 862 2130 9,
894 2098 934 2125 10

241 2137 314 2178 (pro
339 2138 452 2177 tutela)
475 2138 506 2173 ii,
525 2141 609 2174 11,ss
631 2138 766 2168 Freinsh.
801 2136 935 2177 praesidii

242 2181 311 2220 plus
325 2186 372 2211 est
386 2181 418 2209 in
432 2179 534 2220 aliqua
548 2191 579 2210 re
603 2180 636 2216 ii,
647 2183 678 2216 9,
696 2183 736 2210 10
759 2180 934 2220 praesidium

241 2223 365 2252 navium
387 2223 419 2258 ii,
436 2225 488 2257 12,
503 2225 542 2253 14
565 2223 670 2252 salutis
694 2223 754 2258 xvi,
767 2225 797 2258 3,
813 2226 833 2253 9
858 2232 933 2261 prae-

241 2265 352 2294 sidium
368 2265 526 2304 imponere
541 2265 666 2294 castello
692 2265 732 2300 vi,
748 2268 779 2300 6,
807 2267 828 2294 6
857 2273 934 2304 prae-

242 2307 320 2336 sidia
345 2307 475 2336 fortunae
499 2316 573 2346 opes
596 2307 734 2342 xxxii,4,
750 2310 770 2337 4
794 2306 935 2346 praesidia

240 2349 391 2378 naturalia
413 2348 491 2383 xxiv,
507 2350 538 2383 6,
554 2351 573 2378 7
597 2348 738 2389 praesidia
753 2349 791 2378 ab
812 2348 934 2377 urbibus

242 2391 394 2420 deducere
416 2390 519 2425 xxviii,
536 2393 567 2425 1,
583 2393 604 2421 6

285 2433 432 2462 Praestare
447 2444 453 2461 :
472 2432 550 2461 bella
561 2435 707 2472 praestant
717 2431 847 2461 invictos
867 2431 890 2467 i,
903 2434 934 2467 7,

243 2477 282 2505 13
307 2478 431 2514 praestat
443 2484 550 2513 pacem
576 2474 666 2504 alicui
681 2474 824 2514 cognatio
839 2474 934 2504 alicu-

237 2517 290 2557 jus
313 2516 364 2552 vii,
380 2519 412 2552 4,
429 2519 446 2546 1
471 2520 612 2555 praestare
627 2515 728 2555 aliqua
744 2526 775 2545 re
797 2516 829 2551 ii,
847 2518 876 2550 1,
894 2518 933 2546 14

242 2563 384 2598 praestare
399 2568 525 2587 numero
542 2558 671 2587 militum
695 2558 736 2592 ix,
753 2561 785 2593 3,
799 2560 819 2588 9
856 2568 934 2597 prae-

241 2606 302 2631 stat
316 2600 407 2630 alicui
423 2610 528 2640 pacem
555 2600 647 2640 hujus
670 2600 805 2630 victoriae
828 2600 933 2640 opinio

241 2653 310 2677 xxv,
327 2645 358 2678 2,
375 2646 405 2673 7.
428 2642 503 2678 xliii,
519 2646 549 2676 5,
566 2645 584 2673 3

285 2684 402 2714 Praesto
418 2685 525 2714 adesse
540 2694 609 2713 cum
625 2683 780 2713 securibus
795 2684 816 2720 i,
832 2686 864 2720 6,
879 2687 899 2715 4

286 2727 472 2757 Praesumere
487 2729 559 2766 (pro
585 2725 749 2766 conjicere,
775 2725 932 2767 augurari)

241 2769 284 2805 vi,
299 2772 331 2804 2,
349 2772 386 2799 11
418 2769 554 2798 Freinsh.

286 2811 466 2841 Praesumtio
489 2811 560 2850 (pro
583 2810 707 2846 fiducia,
728 2810 933 2850 confidentia)

242 2853 285 2887 iii,
298 2855 329 2888 4,
356 2856 374 2883 3
398 2853 564 2883 animorum
588 2852 761 2893 praesumtio
794 2854 834 2890 xi,
855 2858 885 2889 5,
912 2856 932 2884 8

242 2895 378 2926 Freinsh-

867 349 1138 380 JUS'riNUM.

1598 339 1685 380 cvii

1023 447 1218 478 Praetendere
1234 456 1340 477 causas
1355 447 1429 478 belli
1445 447 1525 483 xxiv,
1543 449 1572 483 1,
1591 450 1609 479 3
1635 449 1682 480 in-

988 490 1080 520 sidias
1094 491 1185 520 alicui
1208 490 1289 525 xxix,
1305 493 1336 526 4,
1355 492 1391 520 ll

1031 534 1145 563 Praeter
1183 532 1317 562 damnati
1354 533 1426 572 (pro
1465 532 1684 572 praeterquam)

987 575 1051 610 xiii,
1067 579 1098 610 5,
1116 578 1135 605 2
1159 575 1228 615 (Ita
1242 574 1402 604 Sallustius
1425 575 1495 605 Cat.
1519 575 1618 610 xxxvi,
1635 576 1686 614 2).

988 622 1097 657 praeter
1110 617 1194 647 illurn
1211 627 1300 646 nemo
1317 617 1409 646 ditior
1424 618 1503 657 (prce
1525 617 1578 646 illo
1594 627 1685 647 nemo

988 659 1096 697 ditior)
1119 659 1203 694 xxiii,
1219 662 1250 694 2,
1267 662 1287 690 6
1310 658 1445 690 Freinsh.
1470 663 1577 698 praeter
1602 665 1686 689 cete-

988 711 1036 731 ros
1052 701 1179 741 insignis
1194 702 1317 731 invidiae
1334 701 1414 731 sama
1437 701 1500 736 viii,
1519 703 1550 736 3,
1563 705 1582 732 7
1608 712 1685 741 prae-

988 748 1034 773 ter
1049 748 1166 773 ceteros
1189 743 1311 774 solertia
1329 743 1536 782 facundiaque
1556 743 1684 784 insignis

987 786 1047 820 xxi,
1063 789 1093 821 6,
1108 789 1124 816 1
1149 791 1258 826 praeter
1272 790 1369 816 castra
1384 786 1491 815 reverti
1518 786 1602 822 xviii,
1617 789 1648 822 7,
1665 789 1685 817 7

1029 828 1182 858 Praeterea
1203 828 1236 864 ii,
1253 830 1306 863 15,
1323 831 1374 859 15.
1397 828 1450 862 xli,
1465 831 1495 863 1,
1510 830 1530 857 9

1030 871 1189 901 Praeterire
1204 882 1211 900 :
1240 880 1342 910 neque
1383 870 1504 900 silentio
1541 870 1685 910 praeteriri

987 917 1105 942 tantum
1121 922 1247 953 regnum
1263 912 1308 942 fas
1323 917 1369 942 est
1391 912 1455 947 xlii,
1467 916 1498 948 2,
1515 916 1534 943 8
1557 913 1588 942 in
1605 923 1687 954 prae-

987 960 1156 986 tereun'tem
1171 955 1283 996 sagitta
1293 954 1380 995 jacta
1402 955 1453 990 vii,
1470 958 1501 990 6,
1517 958 1553 985 14

1030 998 1264 1028 Praetermittere
1286 997 1404 1027 nullum
1423 997 1476 1037 jus
1502 996 1683 1027 inviolatum

987 1041 1052 1076 viii,
1069 1044 1100 1075 3,
1118 1043 1156 1071 13
1190 1040 1420 1080 praetermittere
1447 1039 1568 1070 silentio
1592 1039 1684 1080 origi-

986 1093 1056 1113 nem
1072 1082 1164 1112 Urbis
1190 1082 1265 1117 xliii,
1283 1085 1312 1117 1,
1330 1086 1349 1113 2

1029 1125 1236 1165 Praeterquam
1248 1125 1445 1160 incremento,
1461 1124 1552 1154 etiarn
1566 1123 1684 1164 origine

986 1167 1106 1207 gloriari
1129 1167 1161 1203 ii,
1177 1170 1209 1203 6,
1226 1169 1244 1196 3

1027 1209 1156 1239 Praetexi
1172 1209 1256 1239 nulla
1277 1208 1444 1249 satisjusta
1465 1219 1557 1240 causa
1580 1213 1683 1250 potest

985 1251 1016 1280 in
1032 1251 1196 1291 parricidio
1219 1252 1279 1287 xvi,
1298 1254 1327 1286 l,
1344 1255 1364 1282 4

1028 1294 1182 1324 Praetextu
1212 1294 1272 1324 hoc
1301 1294 1414 1324 bellurn
1445 1293 1565 1323 finitum
1601 1293 1682 1330 xxix,

984 1338 1015 1371 3,
1031 1339 1052 1366 6

1026 1378 1143 1407 Praetor
1157 1377 1347 1418 Agathocles
1361 1382 1480 1408 creatur
1494 1388 1512 1407 a
1528 1378 1565 1407 M
1570 1387 1680 1418 urgan-

985 1420 1055 1449 tinis
1077 1420 1148 1455 xxii,
1164 1423 1195 1455 2,
1211 1423 1231 1451 2
1255 1427 1287 1450 et
1301 1420 1501 1461 Syracusanis
1524 1421 1595 1455 xxii,
1616 1424 1644 1455 1,
1661 1422 1682 1450 6

984 1467 1094 1503 praetor
1108 1461 1201 1492 Rom.
1224 1462 1366 1492 Laevinus
1388 1462 1466 1497 xxix,
1482 1465 1513 1497 4,
1525 1465 1545 1493 4
1569 1467 1679 1502 praetor

983 1505 1167 1535 Achaeorum
1181 1504 1396 1545 Philopoemen
1418 1505 1499 1540 xxxi,
1515 1507 1546 1539 3,
1563 1508 1581 1535 3

1026 1547 1206 1577 Praetorium
1221 1548 1299 1586 regis
1320 1547 1393 1587 (pro
1417 1547 1613 1576 tabernaculo
1635 1556 1681 1576 re-

986 1589 1048 1630 gis)
1070 1589 1103 1624 ii,
1122 1592 1172 1624 11,
1190 1592 1228 1619 15
1254 1590 1396 1630 (Curtius
1418 1600 1449 1625 v,
1466 1593 1495 1624 1,
1513 1592 1551 1619 11
1588 1589 1682 1618 etiarn

986 1637 994 1649 ‘
1012 1630 1196 1671 praetorium'
1210 1637 1311 1667 vocat,
1328 1633 1383 1661 sed
1397 1632 1428 1660 in
1444 1636 1546 1661 nostro
1564 1631 1683 1660 videtur

986 1684 1052 1704 esse
1066 1674 1279 1714 pleonasmus)
1296 1673 1320 1703 F
1322 1673 1432 1703 reinsh.

1030 1715 1183 1746 Praevenit
1197 1726 1276 1746 mors
1301 1715 1432 1756 alicujus
1453 1715 1619 1746 sententias
1641 1715 1681 1746 de

985 1758 1053 1797 ipso
1082 1758 1163 1798 latas·
1193 1758 1267 1793 xxii,
1282 1761 1313 1794 3,
1328 1761 1347 1789 7
1381 1759 1549 1798 praevenire
1574 1758 1682 1795 legati-

983 1811 1073 1830 onem
1089 1800 1184 1830 morle
1199 1799 1291 1836 xxxii,
1306 1803 1339 1836 4,
1353 1803 1372 1831 8
1395 1805 1568 1840 praeventus
1586 1805 1682 1829 morte

983 1842 1076 1876 xxxii,
1091 1845 1122 1877 3,
1138 1845 1157 1873 3

1027 1884 1147 1914 Precari
1173 1894 1315 1924 superum
1337 1883 1529 1924 inferumque
1551 1885 1678 1914 numina

983 1926 1024 1961 xi,
1041 1929 1092 1961 15,
1110 1929 1150 1956 10
1166 1936 1345 1966 prosperum
1359 1926 1391 1955 in
1406 1926 1535 1966 patriam
1550 1928 1681 1957 reditum

981 1969 1034 2003 xii,
1051 1971 1104 2004 10,
1115 1971 1136 1998 4

1026 2009 1167 2040 Precatio
1182 2014 1287 2051 petere
1300 2010 1339 2040 ab
1354 2010 1456 2051 aliquo
1472 2010 1588 2051 aliquid
1604 2010 1680 2047 xliii,

982 2056 1013 2088 4,
1028 2055 1049 2083 4

1025 2095 1136 2125 Preces
1158 2094 1211 2129 xii,
1226 2098 1258 2130 6,
1275 2097 1315 2125 17
1338 2105 1444 2135 preces
1466 2099 1497 2125 et
1518 2095 1607 2125 minae
1634 2096 1679 2125 le-

982 2142 1119 2177 gatorum
1142 2136 1226 2172 xviii,
1242 2140 1273 2173 7,
1290 2140 1310 2168 4
1347 2147 1452 2177 preces
1473 2137 1596 2167 fratrum
1614 2148 1680 2167 mo-

981 2190 1050 2209 vere
1061 2183 1200 2209 senatum
1222 2178 1324 2215 xxxiV,
1340 2183 1372 2215 2,
1387 2182 1407 2210 8
1430 2180 1595 2209 amicorum
1612 2191 1680 2219 pre-

982 2222 1067 2252 cibus
1083 2226 1224 2251 exoratus
1246 2222 1332 2257 ix,7,
1348 2225 1379 2253 4.
1402 2221 1455 2258 xii,
1477 2225 1509 2258 6,
1532 2225 1570 2252 15
1583 2221 1678 2261 justis

982 2264 1124 2304 precibus
1138 2268 1240 2293 motus
1262 2264 1314 2299 xii,
1330 2267 1362 2299 8,
1380 2266 1420 2294 16

1027 2306 1168 2335 Premere
1191 2305 1273 2335 bello
1307 2306 1348 2340 ix,
1371 2308 1403 2341 2,
1432 2308 1460 2335 1.
1484 2305 1544 2339 xvi,
1573 2308 1601 2340 1,
1625 2309 1678 2338 19.

983 2348 1062 2383 xxvi,
1078 2351 1110 2383 2,
1126 2350 1143 2378 l
1167 2347 1289 2377 servitio
1310 2358 1359 2383 xv,
1375 2350 1407 2382 4,
1423 2350 1463 2377 14
1496 2358 1596 2388 neque
1617 2349 1676 2389 hy-

982 2390 1075 2419 berna
1089 2389 1210 2429 frigora,
1226 2399 1327 2429 neque
1342 2388 1438 2418 aestivi
1459 2389 1530 2419 solis
1555 2391 1677 2421 ardores

983 2432 1159 2472 AEgyptum
1174 2436 1315 2471 premunt
1336 2431 1370 2466 ii,
1387 2433 1417 2466 1,
1433 2434 1452 2461 7

1027 2473 1258 2504 Pretiosissimae
1272 2483 1318 2503 res
1340 2473 1373 2509 ii,
1391 2476 1442 2508 12,
1459 2476 1499 2503 16
1522 2473 1675 2513 pretiosis-

981 2515 1058 2545 sima
1071 2525 1202 2555 quaeque
1217 2515 1334 2545 auferre
1356 2515 1436 2550 xxvi,
1453 2518 1483 2549 1,
1499 2518 1518 2546 7

1023 2558 1160 2587 Pretium
1185 2557 1288 2586 auxilii
1317 2556 1455 2597 polliceri
1478 2558 1576 2592 xxxix,
1602 2561 1631 2594 1,
1655 2562 1676 2590 2

981 2600 1079 2640 pretio
1095 2600 1272 2629 submovere
1287 2600 1418 2635 hostem,
1432 2609 1490 2630 nec
1505 2601 1604 2636 armis,
1629 2601 1675 2631 in-

981 2642 1107 2682 dignum
1129 2641 1171 2676 vi,
1188 2645 1218 2676 1,
1233 2644 1254 2671 6
1278 2642 1373 2681 pretia
1387 2641 1478 2672 officii
1494 2643 1566 2672 dare
1581 2643 1675 2673 alicui

980 2684 1020 2719 ix,
1035 2687 1067 2720 2,
1082 2687 1102 2714 6
1132 2683 1202 2724 (ubi
1216 2685 1324 2723 pretia,
1340 2694 1394 2724 pro
1408 2685 1575 2724 mercede).
1605 2696 1674 2725 prc-

981 2726 1054 2755 tium
1083 2726 1247 2756 extendere
1269 2726 1309 2762 xi,
1321 2729 1353 2762 4,
1369 2729 1388 2757 8
1411 2725 1514 2755 Vorst.
1542 2729 1673 2766 pretium

980 2778 1062 2798 arma
1087 2768 1199 2808 reginae
1226 2768 1347 2807 accepit
1379 2768 1412 2803 ii,
1427 2770 1459 2804 4,
1473 2772 1514 2799 25
1542 2770 1672 2808 pretium

980 2811 1167 2850 captivarum
1197 2819 1325 2849 regnum
1352 2821 1454 2848 omne,
1483 2821 1544 2841 non
1577 2822 1671 2851 pecu-

979 2852 1061 2883 niam
1077 2853 1154 2892 petit
1176 2852 1218 2888 xi,
1233 2855 1285 2887 12,
1300 2855 1321 2883 2

1022 2895 1159 2925 Priamus
1181 2894 1252 2930 xvii,
1267 2897 1296 2929 3,
1309 2897 1330 2925 6
