2101 3419
571 347 781 383 ,JUS'riNl
817 347 910 377 LlB.
943 345 1149 376 XXXVII.
1184 345 1289 376 GAP.
1320 335 1360 375 2.
1608 333 1693 375 991

247 439 312 472 rus'
333 450 396 481 per
421 449 457 472 se
481 443 517 472 et
543 440 755 471 substantive
783 444 942 479 sumtum,

246 501 352 532 equus
369 494 442 522 est:
468 494 506 522 ut
532 500 586 530 ap.
601 490 723 530 Virgil.
740 490 871 522 AEn.11.
889 493 942 521 51.

245 547 281 572 et
297 542 415 572 Manil.
434 540 573 572 Astron.
601 550 634 570 v.
657 543 709 571 77.
729 543 802 571 348.
819 545 855 572 et
870 543 944 572 643.

245 600 287 622 ex
315 590 551 621 emendatione
577 589 766 630 Scaligeri:
794 589 818 619 f.
839 590 943 621 etiam

246 650 294 671 iv.
310 643 385 671 795.
429 639 484 670 Sic
500 638 624 669 Accius
642 639 675 669 in
688 639 834 671 Medea:
852 640 860 655 ‘
876 640 943 670 Pe-

242 692 308 722 rite
335 691 368 721 in
393 689 534 721 stabulis
557 689 743 720 immittens
763 688 877 721 frenos
895 689 944 720 fe-

243 740 310 771 ris.’
335 739 501 771 Nazarius
514 739 644 779 Paneg.
659 739 872 771 Constantia.
887 742 943 771 29.

243 790 253 807 ‘
266 790 358 822 Quos
374 789 538 820 insultans
553 788 649 820 ferus
665 789 835 830 proterit.'
879 790 943 821 Ar-

242 839 323 871 nob.
346 839 422 871 adv.
449 839 494 871 G.
521 848 572 870 1v.
597 850 631 880 p.
653 843 726 872 181.
749 842 762 859 ‘·
777 842 943 873 Saturnus

242 889 355 924 induit
377 888 518 920 formam
542 888 630 920 feri.'
675 891 766 922 Hinc
784 900 944 922 vernacu-

242 941 310 972 lum
327 947 480 973 nostrum
502 932 632 983 ξῇῗὶἴῦ
657 945 767 973 ortum
790 945 941 982 putatur.

244 993 300 1024 Ita
314 994 323 1010 ‘
337 992 465 1023 ferinus
476 992 484 1005 '
499 992 618 1032 Virgil.
635 992 710 1023 AEn.
722 1001 775 1022 XI.
790 994 864 1022 571.
879 995 944 1031 est,

245 1043 407 1084 equinus:
424 1046 460 1073 et
471 1042 585 1083 poi-itae
597 1042 720 1083 passim
734 1043 743 1058 ‘
757 1041 943 1073 semiferos’

243 1096 368 1125 vocant
382 1092 588 1124 Centauros:
605 1101 672 1123 uon
687 1091 822 1133 quidem
839 1101 859 1122 a
872 1092 880 1108 ‘
893 1091 943 1123 fe-

244 1143 365 1175 ritate'
393 1143 548 1174 vocabuli
573 1142 647 1183 ejus
664 1142 868 1184 etymologia
884 1151 942 1183 pe-

245 1195 331 1233 tita;
361 1193 421 1225 sed
446 1203 465 1224 a
488 1193 596 1224 forma
617 1193 702 1234 ipsa,
719 1195 808 1234 qua‘
823 1192 942 1233 feros,'

244 1246 276 1276 h.
306 1255 336 1277 e.
362 1254 465 1286 equos
492 1244 668 1275 dimidiata
690 1244 741 1274 sui
766 1247 864 1284 parte
891 1253 942 1274 re-

245 1301 455 1336 praesentare
468 1294 651 1335 finguntur.
675 1293 766 1326 Add.
780 1294 866 1335 quod
885 1304 944 1334 pu-

245 1347 319 1378 tida
335 1345 464 1387 phrasis
490 1346 545 1376 hic
570 1345 675 1376 fuerit
698 1355 773 1385 equo
786 1346 943 1385 equitare.-

246 1405 310 1427 uec
340 1404 420 1426 sane
444 1395 635 1426 Mithridati
656 1395 844 1435 periculum
869 1401 944 1426 erat

248 1446 291 1476 ab
320 1446 399 1487 equi
424 1444 583 1484 feritate;
621 1445 681 1476 sed
716 1444 758 1476 ab
788 1445 946 1486 imperita

247 1495 388 1535 regendi
402 1495 557 1535 pueritia.
580 1496 681 1526 Rern.

290 1547 349 1585 §5
386 1545 515 1585 Veneno,
540 1545 610 1585 ξω]
658 1546 815 1577 Lactant.
844 1555 879 1576 v.
912 1548 944 1576 9.

245 1595 256 1612 ‘
269 1595 336 1627 Qui
373 1595 493 1626 coelnm
529 1604 663 1636 qnoque
699 1596 809 1635 ipsum
846 1605 945 1626 vene-

247 1644 332 1676 ficiis
348 1645 538 1685 appetant.’
585 1646 754 1678 Helmold.
774 1655 799 1677 1.
819 1646 942 1677 Chron.

248 1695 340 1726 Slav.
363 1698 404 1726 48
427 1697 437 1712 ‘
452 1695 506 1727 Ne
524 1695 858 1737 obsidentesjaculis
886 1707 946 1738 ap-

248 1745 392 1785 petant!

290 1797 307 1836 ᾧ
332 1799 352 1826 (ἰ
376 1796 476 1836 Quod,
488 1797 556 1837 ἔγω]
580 1797 762 1828 Helinaud.
783 1807 838 1838 ap.
864 1797 945 1828 Vin-

247 1850 338 1876 cent.
362 1845 371 1862 ‘
385 1845 426 1876 In
442 1847 643 1888 quibusdam
660 1856 793 1888 quoqne
810 1847 945 1887 experi-

247 1895 372 1926 mentis
401 1896 521 1936 legisse
546 1906 599 1927 me
615 1897 752 1928 memini
769 1897 858 1938 quod
879 1897 944 1927 Mi-

248 1945 413 1977 thridates
436 1946 558 1978 timens
574 1957 616 1977 ne
627 1957 645 1978 a
658 1946 764 1978 fratre
777 1957 836 1979 suo
853 1948 945 1978 inve-

246 2000 442 2037 nenaretur,
454 2002 539 2028 rutae
551 1996 632 2028 folia
647 2007 710 2029 xx.
723 2007 799 2028 cum
814 1997 943 2028 duabus

246 2046 390 2078 nucibus
407 2050 442 2077 et
468 2047 610 2078 totidem
637 2047 771 2087 caricis,
792 2046 944 2078 admixto

248 2096 331 2137 sale,
346 2097 496 2138 quotidie
507 2098 645 2138 jejunus
671 2097 816 2129 edebat.’

289 2147 455 2187 Antidota,
479 2148 544 2188 εμπ]
590 2148 677 2179 ΡΙὶη.
709 2157 822 2179 xxm.
850 2151 882 2179 8.
908 2152 945 2180 et

247 2205 336 2229 xxv.
354 2207 405 2238 pr.
418 2200 448 2228 2.
465 2202 500 2229 et
516 2207 624 2229 xxtx.
641 2201 670 2230 1.
688 2197 712 2228 f.
736 2199 842 2238 Bong.

288 2247 444 2278 Adversus
466 2247 598 2278 insidias
621 2248 874 2287 exquisitioribus
897 2259 946 2280 re-

247 2296 358 2326 mediis
371 2296 545 2335 stagnavit]
571 2297 835 2336 Exquisitioribus
847 2303 899 2330 est
912 2300 945 2329 in

248 2345 491 2386 antiquioribus
516 2346 605 2386 typis
637 2356 733 2387 expr.
781 2348 850 2379 Pro
880 2358 946 2389 quo

250 2395 361 2435 Bong.
385 2395 502 2426 maluit
517 2395 681 2436 exquisitis
699 2397 884 2428 tutioribus.-
909 2402 947 2430 ut

249 2444 415 2484 exquisitis
439 2445 483 2476 sit
510 2446 740 2486 participium.
799 2448 868 2478 Sed
893 2452 948 2480 est

249 2493 335 2524 illud
353 2494 550 2535 plerumque
567 2505 607 2526 ex
626 2496 805 2537 participio
818 2496 946 2529 factum

250 2552 374 2574 nomen
397 2554 405 2575 x
443 2544 635 2586 diciturque
660 2547 807 2587 exempli
838 2547 947 2587 gratia

249 2593 442 2634 ‘exquisita
465 2594 540 2635 ars‚’
563 2596 751 2637 ‘exquisita
772 2596 949 2628 doct1·ina.’

251 2643 386 2675 Deinde
401 2644 411 2662 ‘
427 2644 629 2686 exquisitior
654 2645 804 2677 adulatio
816 2645 824 2659 ’
850 2645 947 2677 affer-

251 2698 308 2725 tur
324 2703 365 2725 ex
376 2695 456 2725 Tac.
474 2704 526 2727 XI.
571 2696 615 2727 Et
630 2696 774 2737 denique
795 2697 946 2737 superla-

250 2743 311 2773 tivi
328 2744 449 2783 gradus
464 2755 530 2776 vox
551 2745 867 2787 ‘exquisitissimus’
893 2751 946 2779 est

250 2793 325 2824 itid.
353 2794 433 2824 satis
461 2800 554 2826 nota.
577 2795 785 2836 ‘Stagnare'
815 2801 868 2828 est
892 2796 946 2827 hic

251 2851 324 2882 pro,
341 2842 481 2875 munire.
506 2844 587 2884 Snp.
604 2854 736 2876 xxxvi.
749 2849 779 2877 4.
791 2849 822 2877 7.
839 2846 848 2863 ‘
860 2856 947 2887 aqua

251 2891 422 2934 stagnat&
443 2893 466 2926 i.
483 2902 510 2925 e.
522 2893 657 2926 densari
671 2905 709 2926 ac
723 2894 848 2928 firmari
864 2896 946 2928 dici·

995 444 1061 472 tur.
1088 441 1190 472 Vorst.
1233 439 1349 471 Vorst.
1373 449 1416 471 ex
1446 438 1695 480 antiquioribus

995 490 1144 521 restituit
1173 490 1426 530 exquisitioribus
1454 490 1624 526 remediis‚·
1656 493 1695 521 et

995 541 1175 579 tutioribus,
1190 541 1278 582 quod
1296 541 1391 572 addit
1402 541 1511 582 Bong.
1527 551 1569 572 ex
1583 541 1696 581 glossa

994 597 1110 623 natum
1127 592 1273 623 videtur.
1298 591 1402 630 Sclief.

1036 641 1221 682 stag-navit]
1238 641 1283 672 H.
1297 651 1327 673 e.
1340 641 1495 681 munivit,
1510 646 1548 673 nt
1559 651 1694 676 XXXVI.

994 695 1022 723 3.
1053 695 1084 723 7.
1120 692 1304 723 Berneccer.
1349 692 1501 732 Legend.
1537 693 1697 724 stannavit

994 751 1057 782 pro
1071 743 1244 781 stagnat-it,
1260 741 1350 783 quod
1367 746 1419 773 est
1431 742 1465 772 in
1483 742 1566 773 Mss.
1578 743 1698 774 Solent

994 791 1083 822 enim
1099 792 1209 822 literae
1232 792 1264 823 G
1289 795 1324 822 et
1342 792 1373 822 N
1391 790 1555 822 confundi
1571 801 1592 823 a
1614 793 1696 824 scri-

994 841 1055 882 bis,
1071 845 1109 872 ut
1127 851 1183 881 ap.
1203 841 1277 872 Liv.
1302 850 1383 872 ΧΧι.
1404 843 1457 873 27.
1477 841 1511 871 in
1528 841 1596 873 Ms.
1611 842 1697 872 Vos-

994 892 1090 923 siauo
1105 891 1214 931 ignare
1229 900 1291 932 pro
1305 891 1423 923 innare.
1435 891 1587 922 Gronov.
1617 891 1696 930 Jam

995 951 1072 982 sup.
1107 941 1280 980 occurrit3
1321 941 1376 972 hic
1407 950 1482 982 pro,
1509 940 1697 983 induravit,

994 993 1218 1034 praeparavit,
1231 993 1365 1032 muniit,
1379 992 1625 1024 corroboravit.
1648 991 1696 1023 A·

994 1043 1055 1075 libi
1079 1045 1088 1060 ‘
1103 1047 1262 1084 stagnare
1277 1042 1500 1084 sanguinem,'
1524 1052 1599 1083 pro,
1616 1052 1698 1083 snp-

993 1095 1167 1135 primere;
1196 1094 1284 1126 Gall.
1309 1093 1432 1125 arv-&ter
1455 1095 1483 1124 le
1503 1102 1594 1132 sang.
1632 1093 1696 1124 Fa·

994 1143 1069 1175 ber.
1112 1144 1268 1184 Stagnari
1281 1148 1396 1184 potest
1411 1143 1479 1175 dici
1502 1152 1601 1184 aqua,
1622 1152 1697 1174 san-

994 1194 1083 1235 guis,
1107 1199 1144 1226 et
1169 1195 1294 1236 liquor,
1324 1204 1398 1226 cuin
1427 1193 1520 1235 quasi
1538 1198 1695 1233 stagnum

993 1244 1046 1277 fit.
1089 1245 1157 1277 Sed
1173 1246 1323 1286 stagnari
1338 1246 1437 1276 homo
1458 1248 1578 1276 contra
1596 1252 1697 1275 vene-

995 1305 1073 1326 num
1101 1305 1175 1336 pro,
1204 1295 1338 1335 muniri,
1368 1294 1514 1326 absurde
1543 1302 1623 1325 sane
1647 1292 1697 1323 di-

995 1349 1152 1377 ceretur:
1177 1355 1241 1376 nec
1268 1345 1445 1386 quisquam
1470 1344 1558 1375 lianc
1587 1348 1695 1374 trans-

994 1396 1155 1427 lationem
1178 1399 1237 1426 aut
1252 1405 1376 1436 capere
1401 1398 1527 1435 potest,
1543 1397 1602 1424 aut
1619 1402 1696 1434 pro-

995 1445 1089 1478 bare.
1135 1445 1312 1477 Assentior
1327 1446 1444 1487 itaque
1469 1445 1548 1476 viris
1570 1444 1696 1484 doctis,

997 1496 1053 1537 qui
1082 1496 1216 1536 legend.
1242 1500 1384 1527 censent
1409 1495 1580 1534 stannavit,
1604 1494 1636 1525 h.
1662 1504 1694 1525 e.

996 1549 1114 1586 pectus
1124 1545 1302 1585 obmuniit,
1317 1550 1351 1577 et
1368 1546 1463 1586 quasi
1479 1545 1623 1577 obduxit
1636 1554 1695 1576 an-

996 1595 1114 1626 tidotis
1142 1600 1261 1627 contra
1283 1595 1405 1627 veneni
1421 1595 1500 1627 vim.
1545 1596 1607 1626 Est
1622 1594 1695 1636 qui-

996 1644 1072 1675 dem
1085 1645 1261 1677 translatio
1277 1645 1408 1685 durior,
1422 1645 1481 1676 sed
1500 1650 1612 1676 tamen
1627 1654 1694 1676 nou

995 1695 1114 1736 inepta
1144 1701 1180 1728 et
1207 1697 1316 1727 aliena
1343 1706 1363 1727 a
1387 1705 1438 1737 re,
1457 1705 1558 1737 quam
1582 1694 1696 1736 expri-

995 1756 1087 1778 mere
1104 1747 1222 1778 voluit.
1250 1748 1360 1778 Groev.

1039 1797 1097 1836 §7
1125 1797 1193 1832 Quo
1223 1797 1294 1837 per]
1328 1797 1469 1828 Mallem
1499 1798 1696 1837 quapropter,

996 1845 1086 1888 quod
1099 1851 1152 1878 est
1167 1847 1201 1877 iu
1217 1847 1375 1888 qnibusd.
1389 1847 1500 1878 editis.
1523 1845 1629 1884 Schef.

1039 1897 1055 1937 ᾧ
1069 1899 1087 1927 8
1100 1897 1240 1937 Fugare]
1257 1897 1407 1927 Freinsh.
1417 1897 1532 1936 fugere
1547 1897 1644 1938 legit,
1656 1900 1694 1928 ut

995 1950 1187 1986 opponatur
1203 1956 1281 1977 mox
1293 1947 1476 1987 subjuncto
1491 1947 1499 1962 ‘
1512 1948 1696 1988 persequi!

994 1995 1180 2027 Berneccer.
1225 1997 1322 2028 Sicut
1347 1997 1544 2038 conjecerat
1559 1997 1697 2038 legend.

995 2054 1070 2076 esse
1087 2046 1241 2077 Freinsli.
1259 2046 1306 2077 sic
1323 2047 1401 2077 olim
1418 2046 1544 2086 legitur
1559 2046 1593 2077 in
1609 2047 1697 2087 opti-

994 2105 1049 2126 ma
1058 2095 1345 2136 Juntina‚fugere.
1361 2096 1456 2127 Nihil
1464 2096 1585 2128 verius.
1601 2096 1694 2129 Quid

995 2146 1084 2177 enim
1111 2146 1313 2178 discriminis
1342 2147 1431 2178 inter
1460 2149 1469 2164 ‘
1487 2146 1628 2187 fugare’
1659 2151 1696 2178 et

995 2196 1176 2237 ‘persequi
1187 2195 1209 2226 ?'
1236 2196 1342 2228 Groev.
1385 2196 1694 2228 AssentiorFrein-

996 2244 1136 2283 sliemio‚
1160 2246 1324 2277 scribenti
1348 2245 1474 2287 fugere,
1501 2247 1581 2288 quia
1602 2247 1696 2278 nulla

996 2296 1078 2326 alias
1096 2300 1149 2327 est
1172 2297 1352 2337 oppositio,
1381 2307 1480 2338 quam
1497 2298 1695 2339 conjunctio

995 2344 1093 2375 ‘aut’
1120 2345 1173 2376 hic
1201 2347 1373 2385 postulare
1398 2347 1545 2380 videtur.
1591 2347 1694 2386 Nam,

995 2399 1033 2426 ut
1050 2405 1122 2435 pro,
1140 2400 1187 2435 et,
1201 2397 1420 2437 accipiamus,
1440 2397 1529 2438 quod
1543 2397 1694 2438 aliquan-

995 2444 1039 2476 do
1068 2444 1120 2484 fit,
1149 2446 1240 2476 nulla
1265 2446 1351 2477 ratio
1373 2451 1437 2486 est,
1458 2456 1534 2478 curn
1555 2447 1617 2477 hoc
1635 2446 1694 2477 fiat

995 2495 1116 2525 saltem
1142 2495 1176 2525 in
1201 2494 1357 2534 diversis,
1382 2496 1497 2536 qualia
1521 2505 1587 2527 non
1613 2500 1693 2527 sunt

994 2543 1150 2585 ‘fugare'
1180 2549 1217 2575 et
1242 2545 1447 2586 ‘pei-sequi.’
1506 2546 1551 2577 Et
1570 2545 1694 2587 probat

995 2603 1126 2636 quoque
1141 2594 1163 2626 J
1168 2598 1237 2625 unt.
1260 2594 1362 2632 Sclzes.

1039 2647 1099 2686 §9
1136 2645 1285 2685 Virtutis]
1332 2645 1378 2677 H.
1408 2655 1439 2677 e.
1469 2645 1693 2678 fortitudinis.

994 2695 1095 2727 Unde
1120 2696 1209 2728 Xeu.
1235 2704 1260 2728 1.
1284 2695 1457 2737 Cyripaed.
1477 2697 1693 2729 venationem

996 2745 1201 2776 verissimam
1233 2755 1307 2777 esse
1344 2755 1457 2777 rerum
1494 2746 1692 2780 bellicarum

995 2796 1276 2827 exercitationem
1297 2797 1456 2828 ostendit.
1499 2798 1556 2829 De
1581 2798 1694 2838 Traja-

996 2855 1039 2877 no
1065 2846 1154 2878 Plin.
1179 2847 1311 2887 Paneg.
1336 2849 1390 2878 Sl.
1414 2847 1527 2879 ‘Olim
1542 2848 1617 2879 liaec
1633 2859 1691 2879 ex-

998 2896 1165 2938 perientia
1196 2897 1400 2938 juventutis,
1430 2898 1503 2931 liaec
1537 2899 1692 2941 voluptas
