2101 3419
374 337 485 379 1078
557 348 760 378 comens
795 348 843 378 m
881 348 1129 378 BlBLlo'I'H.
1164 348 1325 381 nRtrr.
1359 350 1649 384 ASSERVATL

371 446 458 493 est;
490 443 615 497 cujus
644 442 867 485 industriae
890 441 1150 497 Catalogum
1179 443 1315 485 etiam
1340 443 1545 487 codicum
1575 444 1826 489 Clarkiano-

372 522 466 550 rum
487 510 714 552 debemus.

429 576 481 618 In
503 576 715 619 Biblioth.
745 575 869 632 Corp.
900 576 1052 619 Christ.
1078 576 1184 620 Coll.
1210 577 1326 620 Mss.
1357 579 1614 633 abundanti,
1635 584 1703 622 est
1722 580 1830 622 Jus-

370 643 452 684 tini
473 644 680 698 Epitome
696 644 992 688 Historiarum
1011 646 1144 700 Trogi
1165 647 1385 702 Pompeii,
1404 648 1494 689 4to.
1509 648 1610 690 cod.
1630 649 1830 703 pulcher-

370 711 520 761 rimus,
540 713 775 754 membran.
817 713 910 755 Sub
930 714 1057 756 initio
1075 728 1085 757 ε
1107 718 1120 737 ‘
1140 715 1366 770 Incipiunt
1384 714 1577 758 Cronica
1596 716 1626 758 J
1630 716 1764 758 ustini
1784 716 1831 756 in

370 776 793 822 Abbreviationibus
813 781 948 836 Trogi
969 781 1203 837 Pompeii?

431 844 482 885 In
501 846 711 888 Biblioth.
730 846 887 904 colleg.
904 847 1010 890 Νου.
1032 850 1256 904 pretiosos
1274 850 1490 904 quosdam
1506 850 1622 892 Mss.
1641 853 1833 899 tenente,

371 911 507 965 Trogi
546 914 752 968 Pompeii
803 914 1009 970 Epitome
1059 916 1370 968 Historiarum,
1417 919 1643 960 continens
1678 917 1834 958 Libros

373 988 513 1020 Xfflv.

825 1096 991 1139 Codices
1016 1095 1387 1154 Cantabrigz‘enseS.

432 1182 484 1223 In
510 1183 715 1227 Biblioth.
750 1184 929 1227 Publica
956 1187 1016 1229 N.
1037 1187 1165 1230 2375.
1186 1187 1286 1230 cod.
1307 1188 1384 1242 qui
1404 1187 1598 1229 continet
1617 1187 1728 1228 inter
1747 1187 1836 1228 alia

383 1249 504 1303 (Art.
538 1251 631 1307 14.)
669 1253 864 1307 Trogum
895 1254 1162 1309 Pompeium
1198 1268 1330 1309 quem
1359 1255 1597 1310 exscripsit
1621 1254 1836 1297 ‚Iustinus

374 1316 543 1359 Versus
563 1322 897 1376 qualiscumque
929 1323 972 1363 in
1005 1321 1228 1376 principio
1260 1322 1388 1364 libri:

489 1389 501 1406 ‘
524 1386 576 1426 Iu
600 1388 736 1442 Trogi
758 1390 955 1443 sequitur
973 1389 1003 1431 J
1006 1390 1142 1432 ustini
1163 1389 1408 1444 Epithoma
1429 1389 1657 1432 Libellus!

432 1452 486 1493 In
510 1452 718 1497 Biblioth.
756 1454 873 1498 Trite.
911 1455 1018 1497 Call.
1052 1456 1148 1498 cod.
1182 1459 1447 1507 asservatur,
1479 1457 1569 1511 qui,
1591 1469 1691 1498 cum
1721 1456 1836 1508 aliis,

375 1520 574 1562 continet
612 1522 858 1564 Historiam
900 1524 1145 1575 Ptolemaei,
1179 1536 1280 1579 quae
1313 1524 1484 1566 videtur
1523 1537 1621 1567 esse
1665 1523 1839 1566 Justini

374 1585 673 1631 Abbreviatio.
697 1589 941 1634 Membran.
963 1604 1069 1634 saec.
1089 1601 1204 1634 xm.

915 1703 1051 1746 Codex
1074 1702 1303 1747 Edinensz's.

435 1792 489 1834 In
517 1793 725 1835 Biblioth.
757 1793 1103 1846 Advocatorum,
1127 1793 1334 1836 Justinus
1364 1793 1650 1836 Historicus:
1684 1792 1840 1836 Histo-

378 1860 542 1902 riarum
565 1861 916 1915 Philippicarum
935 1875 990 1902 ex
1011 1862 1155 1916 Trogo
1177 1861 1401 1916 Pompeio
1424 1862 1546 1902 Libri
1567 1872 1705 1902 XMV.
1728 1861 1839 1904 Cod.

382 1927 470 1967 ΜΞ.
491 1928 580 1969 Alto.
642 1928 749 1978 Hic,
769 1928 813 1968 ni
830 1928 1035 1978 fallimur,
1056 1941 1167 1969 unus
1190 1933 1261 1970 est
1279 1941 1338 1970 ex
1356 1929 1507 1970 multis
1530 1929 1584 1970 iis
1604 1928 1839 1971 codicibus

381 2008 492 2048 quos
527 1995 703 2048 collegit
737 1995 802 2036 vir
834 1996 952 2049 apud
988 1997 1144 2037 Scotos
1165 1995 1265 2050 jure
1301 1996 1616 2046 celeberrimus,
1637 1997 1840 2039 Jacobus

381 2063 579 2113 Balsour,
604 2063 749 2104 Baron
772 2063 825 2104 de
850 2063 1078 2105 Kinnaird.
1118 2062 1330 2105 Memoria
1363 2063 1661 2115 Baffouriana,
1683 2063 1838 2106 Edinb.

383 2130 508 2172 1699.
531 2144 574 2185 p.
595 2131 664 2172 21.

442 2396 512 2437 De
535 2394 782 2437 Codicibus
804 2396 847 2437 in
867 2395 1031 2437 exteris
1053 2394 1354 2437 Bibliothecis
1374 2393 1616 2437 asservatis
1635 2391 1843 2436 consulat

384 2466 523 2507 lector
544 2463 758 2506 Gronovii
784 2464 919 2506 Praef.
950 2477 1083 2519 supra
1103 2478 1147 2519 p.
1166 2463 1209 2506 3.
1229 2476 1328 2518 sqq.
