2101 3419
392 372 536 415 xxviii

437 482 638 521 Compescere
655 479 854 521 petulantiam
867 478 996 521 alicujus
1009 479 1085 511 ferro

392 524 445 556 vii.
463 527 494 560 3,
508 528 530 554 6

438 566 621 605 Competere
643 564 716 604 (pro
732 564 819 595 simul
836 569 950 605 petere,
971 570 1003 595 et
1015 565 1087 596 hine

397 614 404 625 ¹
423 607 637 648 competitores
653 607 680 646 ³)
695 607 759 643 xiii,
774 610 807 643 2,
824 611 839 639 1
865 607 1001 638 Freinsh.

439 650 644 690 Conrpingere
658 650 690 679 in
704 650 827 680 vincula
842 650 904 685 xvi,
919 652 951 685 4,
968 653 1008 681 17

439 692 615 733 Complecti
637 692 738 723 animo
753 692 917 734 conjugem
931 698 964 723 et
979 693 1088 724 liberos

395 737 450 771 xii,
466 738 496 770 3,
513 738 534 766 2

439 778 472 807 in
488 777 660 817 Complexu
674 776 777 807 matris
792 775 915 813 xxxviii,
931 780 962 813 8,
977 779 998 808 4

441 819 722 860 Complorationem
737 820 827 850 edere
841 819 882 856 xi,
898 823 930 856 9,
946 822 986 851 13

441 862 657 903 Compluribus
672 861 747 892 locis
762 862 804 898 iv,
821 865 850 898 l,
866 864 887 893 4

441 906 636 945 Componere
669 904 740 945 (pro
774 905 893 935 diversa
920 903 1092 944 colligere),

398 949 490 978 Praef.
527 951 546 979 3
583 947 739 977 historiam
773 947 846 988 (pro
875 947 1094 987 conscribere),

399 992 493 1023 Praef.
508 993 525 1022 1
541 989 667 1020 insidias
677 989 710 1020 in
722 990 877 1020 montibus
888 989 910 1025 i,
922 993 954 1025 8,
967 992 1006 1020 11
1031 1000 1094 1020 non

400 1033 602 1074 compositum
617 1033 677 1064 hoc
692 1033 780 1062 estin
796 1032 992 1062 dulcedinem
1007 1033 1096 1062 fabu-

402 1076 439 1104 lz²
455 1077 493 1105 ab
508 1075 641 1115 antiquis
657 1073 729 1115 (pro
744 1074 928 1115 confictum)
949 1075 990 1110 iv,
1006 1077 1036 1110 1,
1055 1078 1096 1106 17

401 1117 504 1148 Vorst.
528 1117 704 1157 compositis
717 1116 926 1157 ordinatisque
946 1117 1097 1147 Macedo-

402 1161 462 1190 niae
475 1161 563 1191 rebus
578 1160 642 1196 viii,
654 1162 686 1196 6,
697 1163 716 1191 3
740 1169 924 1199 componere
939 1159 1033 1200 leges,
1050 1170 1097 1190 se-

403 1208 520 1238 natum,
548 1212 666 1232 annuos
690 1202 893 1242 magistratus,
920 1202 1097 1243 reipublicae

405 1247 532 1275 sormam
556 1244 627 1281 xvii,
652 1247 684 1280 3,
700 1247 741 1275 12
771 1254 877 1285 pacem
901 1254 972 1275 cum
993 1245 1098 1286 aliquo

405 1288 489 1322 xviii,
504 1290 535 1322 2,
551 1290 572 1318 6

449 1329 719 1370 Comprehendere
733 1328 878 1369 epistolas
891 1329 963 1369 (pro
979 1329 1102 1360 interci-

406 1371 496 1411 pere)
521 1383 570 1408 xx,
586 1376 618 1408 5,
636 1375 675 1403 12
697 1372 834 1402 Freinsh.
862 1373 1099 1412 comprehensus

407 1415 510 1445 morbo
527 1420 591 1444 toto
607 1424 734 1455 corpore
748 1414 831 1452 xxiii,
848 1418 881 1452 2,
896 1418 917 1447 4
940 1414 990 1445 lue
1006 1415 1101 1456 pesti-

406 1459 467 1488 sera
485 1458 576 1492 xxxii,
591 1460 623 1493 3,
638 1460 659 1488 9

451 1500 659 1540 Comprimere
673 1498 786 1529 bellum
802 1509 832 1534 v,
847 1501 900 1534 10,
917 1502 938 1530 6

451 1543 583 1574 Comum
598 1541 708 1578 Italiae,
733 1541 892 1572 Gallorum
908 1541 1031 1572 colonia
1054 1552 1101 1578 xx,

408 1590 439 1623 5,
457 1588 476 1616 8

453 1628 613 1659 Conantur
634 1636 785 1667 occupare
802 1625 963 1666 imperium
986 1636 1055 1661 xxx,
1070 1629 1102 1663 2,

410 1675 431 1702 5
454 1671 557 1700 omnia
570 1670 680 1700 frustra
693 1669 797 1700 conari
812 1669 934 1705 xxxviii,
951 1671 1004 1704 10,
1020 1671 1059 1700 11

455 1713 592 1744 Conatus
607 1712 718 1743 fallunt
733 1712 843 1747 xxxvii,
855 1715 887 1747 2,
900 1715 918 1742 5
942 1711 1105 1742 conatibus

411 1756 533 1786 alterius
549 1755 668 1785 obviam
683 1755 724 1785 ire
741 1755 772 1790 ii,
789 1758 841 1790 15,
858 1757 900 1785 16

456 1799 634 1830 Concedere
650 1798 753 1838 aliquo
769 1798 845 1837 (hoc
861 1801 918 1832 est,
933 1795 1105 1837 proficisci)

413 1841 458 1876 iii,
475 1845 506 1877 4,
524 1844 574 1872 12.
597 1852 626 1876 v,
642 1843 674 1877 6,
691 1844 742 1872 10.
770 1840 824 1876 xii,
839 1842 890 1874 13,
907 1841 938 1870 4.
967 1839 1058 1874 xxxii,
1075 1842 1107 1875 3,

415 1887 453 1914 15
478 1885 508 1913 in
525 1883 683 1924 imperium
700 1881 829 1922 alicujus
842 1883 917 1919 (hoc
931 1888 988 1916 est,
1006 1882 1108 1912 venire

413 1926 444 1955 in
461 1926 662 1966 potestatem)
685 1925 726 1962 iv,
741 1929 773 1961 2,
790 1928 809 1956 3
833 1924 969 1954 Freinsh.
998 1934 1109 1955 conce-

415 1970 487 1998 dere
513 1969 603 1999 alicui
625 1969 729 2005 vitam,
756 1966 932 2008 patrimonii
955 1972 1056 2006 partes
1078 1972 1110 1996 et

414 2011 519 2041 urbem
544 2011 678 2051 aliquam
701 2010 722 2047 i,
742 2013 774 2045 7,
790 2012 808 2040 7
839 2008 931 2039 alicui
951 2009 1109 2039 victoriam

416 2064 465 2087 xv.
481 2057 512 2089 2,
528 2056 548 2084 6
578 2053 745 2083 concedere
760 2051 791 2082 in
807 2051 1031 2081 matrimonium
1055 2052 1110 2081 ali-

417 2095 505 2135 cujus
541 2095 622 2131 xxiv,
651 2098 682 2130 2,
715 2098 755 2126 10
800 2094 831 2124 in
867 2094 980 2124 lectum
1015 2093 1109 2124 alicu-

413 2138 467 2177 jus
501 2138 581 2173 xxvi,
605 2141 636 2172 3,
658 2140 678 2169 7
716 2137 907 2167 concedebat
935 2136 1050 2166 adduci
1079 2147 1110 2167 se

417 2191 508 2220 posse
523 2186 558 2210 ut
572 2180 720 2210 Romanis
736 2184 841 2220 pareat
864 2190 932 2215 xxx,
948 2181 980 2214 3,
994 2181 1014 2209 9
1037 2189 1111 2208 con-

418 2223 526 2253 cedere
548 2223 739 2253 vacationem
761 2220 964 2263 quinquennii
987 2221 1111 2258 xxxviii,

419 2268 450 2300 3.
465 2268 486 2296 9

463 2307 636 2347 Conceptio
660 2317 714 2347 per
738 2306 839 2347 plures
856 2306 934 2336 viros
957 2304 1112 2341 maturior,

419 2361 455 2379 ex
470 2351 622 2380 sententia
633 2350 848 2390 Spartanorum
861 2349 905 2384 iii,
917 2351 948 2384 4,
961 2352 982 2379 6
1005 2348 1114 2389 (Adde

419 2393 598 2422 Strabonem
614 2393 665 2422 lib.
683 2392 723 2422 vi.
738 2402 809 2432 pag.
836 2394 915 2430 193)
948 2390 1085 2421 Freinslr.

463 2435 636 2467 Conciliare
647 2436 719 2475 (pro
730 2433 852 2474 parare)
865 2445 894 2468 v,
904 2437 936 2470 2,
946 2436 964 2465 7
979 2433 1114 2464 Freinsh.

421 2478 565 2508 conciliat
577 2478 709 2518 aliquem
721 2476 812 2507 alicui
828 2477 971 2517 cognatio
985 2475 1115 2516 alicujus

420 2521 474 2556 vii,
491 2523 521 2555 4,
539 2524 555 2551 1
586 2520 748 2551 conciliare
766 2520 898 2550 savorem
923 2519 1116 2559 popularium

422 2563 521 2599 xxxix,
536 2566 565 2598 1,
578 2567 598 2594 (3
621 2562 797 2593 conciliavit
807 2562 864 2592 sibi
877 2567 995 2591 tantum
1006 2561 1116 2591 favoris

423 2607 507 2645 apud
533 2616 638 2635 omnes
666 2604 707 2641 xi,
736 2608 766 2640 1,
791 2608 830 2636 10
867 2614 927 2645 pax
954 2604 1117 2643 Agathocli

423 2648 604 2678 conciliatur
627 2647 700 2683 xxii,
715 2650 747 2683 2,
761 2651 780 2679 7
811 2647 949 2688 pueritiae
972 2646 1045 2677 flore
1060 2647 1117 2677 sibi

424 2691 606 2722 conciliatus
620 2691 683 2725 xlii,
701 2693 731 2726 l,
748 2692 767 2721 3

468 2734 640 2764 Concilium
657 2732 783 2763 Graeciae
800 2731 863 2767 viii,
878 2734 909 2768 1,
924 2734 944 2763 4
968 2741 986 2761 a
999 2731 1117 2772 Philip-

426 2786 468 2815 po
486 2776 596 2806 lectum
612 2776 652 2812 ix,
669 2779 700 2812 5,
717 2778 736 2806 2

471 2818 588 2850 Concio
610 2819 682 2859 (pro
698 2822 789 2852 coetu,
809 2816 1032 2857 Versanaung)
1047 2816 1117 2852 xxii,

428 2863 462 2894 7.
492 2864 529 2892 ll
577 2871 632 2901 pro
662 2860 850 2890 auditoribus
893 2859 926 2896 ii,
956 2862 988 2894 8,
1017 2862 1047 2890 8.
1085 2859 1119 2894 ii,

428 2906 481 2936 15,
505 2905 537 2933 9.
572 2904 614 2939 jv,
639 2907 671 2939 4,
695 2907 725 2934 1.
758 2902 799 2937 xi,
822 2905 854 2937 2,
877 2904 908 2933 8.
941 2901 994 2937 xii,
1021 2904 1072 2937 ιι,
1099 2904 1119 2932 8

427 2945 564 2981 Freinah.
588 2946 626 2977 ad
642 2945 820 2977 concionem
835 2954 942 2976 vocare
956 2943 1017 2981 xiv,
1033 2947 1065 2981 1,
1080 2946 1120 2978 10

1033 380 1194 413 mnnx

1133 479 1166 510 in
1181 478 1361 510 concionem
1376 489 1484 511 vocare
1499 480 1560 518 xvi,
1577 483 1607 518 l,
1622 483 1644 513 9
1666 481 1831 513 conciones

1136 523 1260 552 directae
1275 522 1397 558 xxxviii,
1412 526 1443 558 3,
1461 526 1499 554 ll

1180 563 1364 595 Concionari
1380 565 1453 602 xxii,
1467 568 1499 602 7,
1514 567 1535 596 9

1181 606 1353 647 Concipere
1368 607 1442 638 iram
1457 607 1565 638 animis
1581 618 1609 643 v,
1626 609 1678 645 10,
1695 611 1734 640 13
1757 619 1832 640 con-

1138 649 1222 689 cepit
1235 649 1398 690 Olympias
1409 650 1619 680 Alexandrum
1629 660 1694 681 non
1708 662 1745 682 ex
1765 651 1834 682 Phi-

1139 692 1236 732 lippo,
1252 692 1305 722 sed
1320 702 1357 721 ex
1371 698 1512 733 serpente
1527 691 1568 728 xi,
1583 695 1636 728 11,
1651 696 1671 724 3

1184 734 1348 765 concitare
1371 735 1504 776 aliquem
1527 735 1587 770 xxi,
1609 737 1642 770 4,
1663 738 1684 766 7
1714 735 1835 766 servitia

1140 777 1203 812 xxi,
1219 779 1251 812 4,
1268 779 1288 807 6
1310 777 1483 808 concitatus
1499 777 1547 808 leo
1562 787 1612 813 xv,
1627 780 1659 813 3,
1675 780 1695 809 8

1183 819 1331 850 Concitor
1345 820 1418 850 belli
1440 820 1474 856 ii,
1490 823 1522 856 9,
1538 822 1578 851 21
1606 820 1668 861 (ita
1688 823 1698 837 ⁴
1714 819 1836 851 concire

1142 861 1264 891 milites'
1289 861 1394 892 Livius
1409 862 1453 898 iii,
1469 865 1522 898 53,
1536 864 1567 893 4.
1590 863 1728 902 quamvis
1742 862 1774 892 in
1789 874 1836 894 re-

1143 904 1234 944 liquis
1263 903 1390 934 edition.
1423 909 1432 922 ‘
1443 905 1613 935 concitator
1624 904 1632 917 ’
1661 905 1837 945 reperiatur,

1144 946 1325 987 proximiore
1349 948 1389 977 ad
1414 948 1432 978 J
1438 947 1530 977 ustini
1551 946 1674 989 genium
1696 947 1837 984 formula,

1145 994 1179 1019 ut
1194 995 1225 1019 et
1239 999 1268 1025 v,
1286 991 1315 1024 1,
1332 989 1368 1029 1)
1390 989 1527 1020 Freinsh-

1189 1031 1384 1062 Concordare
1405 1031 1427 1068 i,
1451 1035 1504 1068 10,
1529 1035 1557 1062 1.
1585 1032 1678 1069 xxvii,
1701 1035 1733 1069 3,
1754 1035 1775 1064 6
1804 1031 1839 1073 (a

1146 1073 1268 1104 Musica
1284 1073 1381 1113 petita
1394 1075 1564 1110 translatio,
1586 1075 1666 1105 sicut
1685 1075 1768 1116 apud
1784 1086 1839 1105 nos

1150 1115 1446 1156 Ubereinstimmen)
1469 1116 1606 1148 Freinsh.

1191 1158 1372 1189 Concordiae
1387 1159 1465 1190 vires
1479 1159 1540 1195 xvi,
1556 1162 1588 1195 2,
1605 1162 1634 1190 1.
1656 1159 1758 1195 xxxiv,
1773 1162 1805 1195 1,
1823 1162 1837 1191 1

1147 1201 1344 1231 concordiam
1369 1201 1500 1242 alicujus
1526 1202 1684 1242 deprecari
1707 1201 1757 1244 (id
1783 1208 1840 1238 est,

1147 1245 1347 1285 consensum)
1362 1243 1436 1280 xvii,
1450 1248 1482 1279 2,
1498 1248 1518 1276 9
1541 1245 1644 1275 Vorst.

1192 1285 1328 1317 Concors
1343 1286 1461 1317 animus
1477 1287 1509 1323 ii,
1526 1290 1578 1323 10,
1592 1290 1613 1318 9

1192 1329 1345 1360 Concreta
1359 1330 1411 1359 nix
1426 1329 1496 1370 gelu
1511 1330 1592 1366 xxiv,
1608 1332 1640 1365 8,
1656 1332 1697 1361 14
1720 1339 1843 1361 concre-

1151 1375 1190 1402 tae
1206 1381 1351 1412 aquarum
1367 1372 1461 1403 moles
1476 1373 1556 1409 xxxi,
1571 1376 1603 1408 5,
1618 1375 1637 1403 7

1195 1413 1356 1444 Concubia
1370 1425 1430 1445 nox
1446 1415 1516 1450 xxii,
1532 1418 1563 1451 8,
1581 1417 1600 1446 8

1195 1456 1371 1487 Concubitu
1384 1458 1552 1488 redemtum
1568 1467 1694 1498 regnum
1708 1456 1763 1494 xii,
1777 1460 1810 1493 7,
1823 1460 1846 1488 9

1152 1509 1189 1530 ex
1204 1499 1370 1530 concubitu
1385 1500 1548 1539 concipere
1563 1511 1612 1535 xv,
1628 1502 1660 1535 4,
1677 1502 1695 1530 3

1197 1541 1423 1582 Concupiscere
1447 1542 1523 1572 nihil
1550 1542 1683 1572 alienum
1712 1541 1745 1577 ii,
1769 1543 1801 1577 2,
1825 1544 1846 1573 9

1152 1584 1227 1614 nihil
1254 1584 1383 1615 victores
1405 1590 1513 1626 praeter
1535 1584 1662 1626 gloriam
1684 1583 1848 1625 coucupis-

1154 1632 1229 1658 cunt
1243 1627 1276 1663 ii,
1292 1630 1323 1663 3,
1340 1630 1360 1659 7

1198 1669 1385 1700 Concurrere
1407 1668 1450 1706 iii,
1467 1673 1498 1706 5,
1516 1672 1566 1701 14.
1596 1669 1676 1705 xxix,
1692 1672 1724 1705 3,
1738 1672 1758 1700 2
1781 1674 1814 1699 et
1827 1673 1845 1700 5

1154 1711 1293 1752 (proprie
1315 1717 1362 1742 est
1381 1716 1389 1730 ‘
1409 1712 1546 1752 praelium
1569 1712 1742 1752 auspicari,'
1763 1714 1848 1752 quod

1154 1765 1244 1785 cursu
1255 1755 1317 1785 sere
1328 1755 1393 1785 fieri
1404 1755 1533 1790 solebat,
1546 1760 1581 1785 ut
1592 1755 1720 1786 telorum
1729 1754 1849 1795 jactum

1155 1803 1390 1833 anteverterent,
1413 1803 1447 1827 ut
1468 1797 1501 1833 ii,
1517 1800 1549 1834 9,
1567 1800 1604 1829 ll
1635 1797 1726 1838 quale
1746 1807 1849 1828 exem-
1877 1812 1880 1813 ⁷

1156 1840 1240 1880 plum
1253 1845 1336 1870 extat
1352 1841 1383 1870 in
1397 1840 1496 1870 Tacit.
1510 1840 1550 1870 A.
1565 1841 1607 1877 vi,
1623 1843 1654 1876 3,
1667 1844 1699 1871 5.
1711 1838 1849 1880 Appian.

1155 1883 1195 1913 de
1212 1882 1292 1912 Bell.
1309 1883 1413 1913 Parth.
1429 1893 1499 1924 pag.
1515 1886 1587 1914 159.
1602 1886 1634 1914 2.
1656 1888 1688 1913 et
1702 1882 1779 1912 aliis.
1801 1883 1850 1913 vel

1156 1925 1333 1965 aliquando,
1350 1930 1358 1942 ⁸
1373 1931 1405 1955 ut
1415 1926 1504 1956 citius
1514 1926 1552 1956 ad
1564 1925 1692 1966 gladios,
1704 1930 1850 1966 tanquam

1157 1968 1294 2002 certiora,
1332 1968 1529 2008 gravioraque
1559 1968 1620 1998 tela
1649 1967 1850 2004 devenirent,'

1157 2020 1226 2049 quae
1245 2011 1334 2040 verba
1348 2010 1411 2040 fere
1426 2016 1496 2040 sunt
1509 2010 1619 2045 Taciti,
1641 2010 1849 2050 alio,quodarn

1158 2052 1237 2082 loco.
1279 2052 1381 2082 Tertia
1410 2053 1486 2082 ratio
1515 2059 1562 2083 est
1588 2052 1729 2093 Appiani
1756 2052 1788 2082 in
1810 2053 1849 2082 de

1158 2094 1237 2124 Bell.
1254 2094 1347 2125 Civil.
1363 2095 1414 2125 lib.
1430 2094 1461 2126 ii.
1477 2105 1548 2136 pag.
1561 2098 1637 2127 477.
1653 2096 1681 2125 1).
1697 2094 1756 2131 vel,
1773 2105 1851 2135 quo-

1158 2137 1239 2166 niam
1250 2147 1393 2177 procursu
1405 2137 1566 2178 plurimum
1577 2138 1769 2168 concitantur
1779 2137 1852 2173 tela,

1159 2185 1236 2209 teste
1251 2179 1338 2209 Livio
1360 2180 1460 2215 xxxiv,
1484 2183 1537 2216 38,
1554 2181 1591 2221 3)
1614 2179 1750 2210 Freinsh.
1778 2189 1853 2210 con-

1158 2232 1276 2252 currere
1291 2223 1330 2252 ad
1346 2232 1424 2252 arma
1448 2222 1492 2258 iii,
1508 2227 1539 2257 5,
1554 2226 1585 2254 3.
1614 2222 1665 2256 xii,
1682 2226 1713 2258 1,
1729 2225 1750 2254 6
1778 2232 1852 2253 con-

1160 2270 1284 2295 currunt
1298 2265 1374 2294 vires
1390 2264 1482 2294 totius
1495 2265 1630 2295 Orientis
1645 2265 1683 2294 ad
1700 2275 1791 2295 unam
1804 2275 1854 2295 ur-

1162 2307 1229 2337 bem
1252 2308 1483 2347 opprimendam
1515 2319 1546 2344 v,
1570 2311 1600 2343 1,
1621 2311 1642 2339 9
1671 2312 1855 2338 concurrunt

1161 2349 1264 2379 omnia
1274 2360 1366 2389 regna
1379 2350 1508 2380 Graeciae
1520 2351 1559 2380 ad
1574 2360 1736 2381 commune
1748 2350 1856 2380 incen-

1162 2392 1246 2421 dium
1270 2392 1510 2433 extinguendum
1535 2403 1564 2427 v,
1584 2396 1613 2429 1,
1629 2397 1646 2424 5
1677 2403 1855 2423 concurrere

1162 2434 1240 2464 inter
1255 2445 1286 2464 sc
1303 2436 1374 2475 (pro
1391 2435 1537 2475 praeliari)
1557 2436 1621 2471 xiii,
1638 2439 1668 2470 1,
1686 2438 1725 2466 15
1748 2435 1856 2476 populi

1162 2483 1346 2507 concurrunt
1356 2478 1394 2507 ad
1406 2477 1537 2518 aliquem
1551 2478 1599 2517 (id
1612 2483 1668 2513 est,
1681 2478 1857 2513 decurrunt,

1163 2530 1253 2560 opem
1278 2519 1458 2560 implorant)
1482 2521 1543 2555 xix,
1561 2524 1590 2556 l,
1605 2524 1626 2552 9
1655 2519 1760 2561 praelio
1783 2530 1857 2551 con-

1164 2572 1282 2593 currere
1299 2573 1367 2599 xxx,
1384 2565 1415 2597 4,
1434 2566 1472 2594 15
1497 2563 1602 2593 Vorst.

1208 2604 1368 2636 Concursu
1406 2606 1607 2636 Barbarorum
1636 2604 1859 2635 interficiuntur

1164 2646 1339 2678 Amazones
1361 2648 1392 2683 ii,
1409 2650 1441 2684 4,
1458 2651 1498 2679 16
1526 2658 1674 2679 concursu
1695 2647 1859 2678 satellitum

1165 2696 1300 2719 servatur
1323 2690 1375 2726 xii,
1392 2693 1421 2726 8,
1437 2693 1456 2722 4
1486 2701 1633 2722 concursu
1657 2689 1861 2721 multitudini·

1165 2732 1344 2763 interfectus
1359 2744 1427 2769 xxv,
1443 2736 1474 2769 4,
1491 2736 1512 2764 9

1209 2775 1373 2806 Concussit
1396 2775 1534 2806 civitates
1557 2779 1642 2806 terrae
1665 2780 1765 2806 motus
1788 2785 1858 2810 xxx,

1165 2820 1197 2853 4,
1221 2820 1239 2848 3
1277 2818 1416 2848 concussi
1441 2818 1592 2858 principio
1617 2818 1768 2848 adventus
1793 2818 1859 2858 opi-

1166 2860 1267 2889 nionis
1281 2860 1348 2900 ejus
1363 2860 1446 2895 xxiii,
1462 2863 1493 2896 2,
1512 2863 1527 2892 l

1210 2902 1352 2933 Condere
1377 2903 1449 2943 (pro
1477 2901 1647 2942 occultare)
1675 2902 1755 2938 xxiv,
1781 2904 1814 2937 6,
1840 2904 1859 2932 3

1166 2943 1227 2987 (ita
1238 2944 1384 2988 Virgilius
1397 2946 1472 2978 AEn.
1484 2945 1524 2983 iv,
1539 2947 1611 2977 177.
1636 2954 1690 2986 pro
1704 2942 1861 2986 sepelire).
