2101 3419
414 336 500 378 951

414 440 649 482 noscepllalas.
694 440 773 473 vid.
792 442 869 474 Liv.
890 450 1027 474 xxxin.
1041 445 1070 474 7.
1089 445 1120 475 3.

414 490 511 522 Plut.
523 491 558 522 in
572 491 645 523 Titi
661 492 844 524 Flaminini
860 494 942 525 Vita
958 497 1011 525 ll.
1026 494 1118 526 Flor.

412 550 454 573 ιι.
472 545 523 574 15.
542 544 594 574 17.
622 543 681 584 qui
706 543 819 575 locum
844 543 940 575 illum
965 544 1118 585 Cynoce-

413 594 532 635 phalas
572 599 692 626 vocat:
752 595 857 627 Paus.
895 596 930 626 in
967 595 1044 628 Att.
1083 601 1119 628 et

412 644 590 685 Achaicis,
607 652 642 678 et
657 646 773 679 Strab.
786 656 839 679 tx.
856 651 925 678 ext.
948 648 1054 687 Bong-

458 697 533 737 §17
559 697 694 728 Groecioe
707 697 848 738 urbibus]
872 698 1032 730 Debetur
1045 698 1118 730 haec

410 747 493 780 lect.
524 748 643 780 Codici
670 749 876 790 Cujaciauo:
901 759 977 781 nam
1010 751 1119 782 ceteri

412 798 553 838 optimae
570 804 660 830 notae
676 800 829 839 leracioe,
846 806 966 832 contra
981 800 1117 832 histori-

411 857 476 879 am.
522 849 620 881 Plut.
651 850 683 880 iu
706 851 894 882 Flaminino
921 854 953 882 4.
986 851 1048 888 Τὴν
1063 850 1119 887 μὲν

409 899 622 936 Μακεδονικὴν
656 900 812 931 ἀπέδωκεν
838 901 919 940 αὐτῷ
945 902 1117 938 βασιλείαν·

407 950 465 986 τῆς
489 949 522 981 δὲ
548 950 700 984 Ἑλλάδος
724 950 912 993 προσέταξεν
933 953 1117 990 ἀποστῆναι.

409 999 508 1033 Idem.

854 347 999 379 NOTAE
1033 348 1301 382 vARloRUM
1338 351 1388 382 1N

1218 445 1235 485 ᾧ
1261 448 1301 477 18
1322 446 1461 486 Legatos
1483 447 1524 478 ad
1540 446 1744 489 Antiochum]
1782 446 1880 480 Asia-

1175 495 1281 528 ticum
1319 497 1448 529 bellum
1494 498 1658 530 Romanis
1697 498 1882 532 suscitavit

1172 548 1286 580 Thoas
1302 549 1436 580 AEtoliae
1463 550 1639 592 princeps,
1666 555 1704 583 et
1718 549 1883 584 Annibal.

1175 599 1265 631 Flor.
1283 609 1322 631 11.
1339 603 1370 632 8.
1386 603 1418 631 6.
1444 601 1545 632 Idem.

1215 649 1403 682 Adulatione
1424 651 1667 692 magnitudinis]
1703 651 1800 684 Curt.
1821 660 1880 683 111.

1174 703 1205 732 2.
1222 703 1251 732 1.
1275 702 1284 718 ‘
1301 701 1487 742 Purpurati
1500 702 1600 733 solita
1617 701 1769 733 vanitate
1781 702 1880 733 Darii

1174 761 1271 792 spem
1294 750 1438 783 inflant.'
1483 752 1562 783 Sen.
1593 751 1717 784 Beuef.
1744 762 1794 784 vt.
1822 754 1877 785 30.

1172 802 1181 817 ⁴
1195 801 1392 842 Principes,
1409 801 1488 833 dum
1504 802 1665 843 ignorant
1681 803 1770 834 vires
1787 812 1879 844 suas,

1173 856 1208 883 et
1224 851 1304 882 dum
1321 861 1355 882 se
1369 857 1437 882 tam
1448 861 1598 893 magnos,
1609 862 1708 894 quam
1722 852 1878 893 audiunt,

1173 901 1332 941 credunt,
1363 907 1539 934 attraxere
1562 913 1775 944 supervacua
1790 904 1875 935 etin

1172 953 1352 985 discrimen
1369 954 1518 985 omnium
1531 958 1742 995 perventura
1764 953 1878 986 bella.’

1171 1003 1272 1034 Bern.

898 1204 1118 1252 LIBER
1147 1202 1369 1251 XXXI.

457 1305 545 1337 CAP.
564 1316 588 1337 1.
613 1307 630 1347 ξ
656 1309 671 1338 l
687 1307 812 1338 Mortuo
827 1307 1009 1348 Ptolemoeo]
1022 1308 1110 1339 Haec

404 1357 561 1398 latiuslet
582 1358 774 1389 accuratius
803 1360 1022 1401 persequitur
1039 1358 1110 1401 Ap-

404 1407 494 1448 pian.
513 1408 662 1448 Syriaca.
686 1409 791 1449 Bong.

448 1460 689 1500 Contemptaque
700 1461 825 1501 part-uli
841 1461 952 1502 aetaee]
998 1462 1110 1494 Prout

402 1514 493 1540 amat
509 1508 596 1540 fieri.
641 1510 716 1542 Qua
740 1521 843 1543 causa
866 1513 874 1528 ‘
890 1512 1034 1543 Romani
1051 1522 1109 1543 au-

400 1559 474 1591 dita
498 1564 608 1592 morte
626 1561 800 1602 Hieronis,
827 1562 917 1593 anxii
945 1572 987 1594 ne
1015 1563 1109 1605 quid,

400 1619 443 1641 ex
460 1615 661 1652 contemptu
680 1613 791 1643 a‘tatis
809 1613 920 1644 relicti
934 1614 1042 1654 pueri,
1056 1623 1106 1645 re-

399 1670 473 1691 rum
496 1670 658 1693 novarum
683 1669 879 1695 moveretur
905 1664 1104 1706 Syracusis‚’

404 1714 469 1742 ἃς.
515 1712 639 1753 Polyb.
659 1714 833 1755 Excerpto
843 1715 967 1755 Legat.
986 1716 1102 1757 primo.

399 1763 608 1795 Consulatur
623 1765 707 1797 Sall.
723 1766 780 1798 Ju.
794 1769 826 1798 6.
843 1770 873 1798 7.
898 1768 988 1800 Flor.
1006 1778 1055 1800 iv.
1070 1771 1102 1800 4.

397 1817 428 1846 3.
446 1815 569 1855 Polyb.
588 1824 621 1846 v.
639 1818 692 1848 34.
720 1822 756 1848 et
772 1820 826 1848 41.
860 1818 1050 1851 Herodian.
1077 1830 1100 1852 i.

397 1869 429 1897 7.
449 1866 573 1897 Zonar.
591 1871 672 1898 tom.
691 1876 747 1898 ιιι.
773 1869 834 1900 sub
853 1869 997 1910 imperio
1013 1871 1101 1902 Con-

396 1917 540 1948 stantini
569 1917 692 1948 Leonis
708 1917 779 1949 tilii.
824 1919 916 1950 Hinc
942 1920 1101 1960 intelligi-

397 1971 464 2006 tur,
480 1972 644 2008 quantum
658 1967 775 1999 laudet
791 1968 988 2000 stiliconem
1002 1970 1100 2001 Clau-

396 2015 488 2047 dian.
506 2026 546 2048 11.
559 2020 612 2048 64.
637 2018 645 2034 ‘
665 2018 821 2059 Vitaeque
838 2023 873 2049 et
890 2019 974 2050 lucis
994 2019 1027 2050 in
1050 2020 1100 2060 ip-

397 2076 434 2097 so
452 2067 578 2098 Limite
606 2072 823 2108 contemptus
841 2078 1024 2110 nunquam,
1040 2069 1100 2100 dat

388 2117 472 2158 jura
486 2119 636 2150 subactis
653 2119 837 2160 Gentibus,
850 2125 885 2152 et
895 2130 1008 2152 secum
1025 2131 1100 2152 sen-

392 2169 437 2200 tit
452 2171 601 2202 crevisse
619 2171 834 2212 triumphos!
858 2173 990 2205 Bernec.
1014 2174 1097 2214 Leg.

390 2224 543 2252 contemta
556 2221 751 2264 parrulifilii
767 2223 831 2261 ejus
845 2226 952 2255 aetate.
975 2224 1098 2256 Sc.an-

393 2275 532 2313 tequam
551 2272 699 2312 Lepidus
720 2273 864 2305 veniret.
894 2274 997 2305 Gron.

436 2321 567 2361 Proeda]
593 2321 809 2353 Praetulerim
824 2325 952 2363 proedoe,
971 2324 1060 2366 quod
1077 2334 1096 2355 e

390 2372 459 2404 Ms.
478 2372 684 2413 Bongarsius
701 2372 790 2404 inter
806 2373 976 2404 variantes
1004 2380 1096 2406 retu-

388 2424 440 2455 lit.
487 2424 543 2454 Ita
559 2423 634 2454 Liv.
658 2424 667 2440 ‘
686 2424 819 2454 Praedae
840 2423 956 2456 futura
983 2426 1096 2466 legio.'

387 2474 470 2505 Sall.
499 2474 575 2505 Cat.
604 2477 657 2505 21.
686 2478 718 2504 5.
752 2474 760 2490 ‘
792 2475 922 2508 Quibus
954 2476 1097 2508 victoria

389 2524 515 2566 praedae
531 2524 668 2556 suerat!
686 2525 819 2556 Ber-nec.
864 2526 946 2558 Mss.
970 2529 1096 2569 proeda’,

388 2585 471 2618 quos
498 2576 620 2607 merito
648 2581 767 2607 censet
794 2577 985 2618 sequendos
1010 2578 1093 2610 Ber-

386 2636 484 2658 necc.
510 2627 618 2658 Gra'v.
663 2627 789 2657 Proedoe
806 2632 858 2659 est
875 2629 906 2659 in
927 2629 1010 2660 Mss.
1028 2639 1093 2661 non

382 2678 502 2717 praeda,
533 2677 672 2717 optime.
708 2678 821 2710 Faber.
879 2679 989 2711 Codd.
1021 2681 1092 2722 qui-

385 2727 463 2758 dam
489 2727 573 2758 Mss.
596 2737 678 2768 quos
703 2728 814 2769 Bong.
840 2729 940 2770 vidit,
963 2733 1091 2771 proeclae.

385 2778 453 2809 Sed
486 2784 669 2820 utrumque
711 2778 847 2810 videtur
877 2785 971 2812 recte
1011 2781 1090 2814 dici.

393 2828 465 2859 Ver.

428 2879 445 2918 ς
475 2880 495 2909 2
532 2878 724 2918 Phoenicem]
763 2878 913 2919 Legend.
951 2880 1086 2912 omniuo

385 2928 564 2970 Pkoenicen,
586 2928 733 2967 Φοινίκην.
779 2930 957 2964 Phoem'cem
981 2937 1033 2964 cst
1058 2942 1088 2975 a,

1166 1307 1321 1340 Phoenix.
1367 1307 1424 1339 Sic
1442 1312 1555 1340 autem
1581 1317 1752 1350 nunquam
1777 1308 1872 1341 dicta

1164 1357 1229 1389 fuit
1250 1359 1357 1398 regio.
1405 1358 1481 1390 Hoc
1500 1359 1631 1398 vitium,
1656 1359 1698 1390 ab
1715 1360 1871 1392 omnibus

1165 1408 1354 1440 editoribus
1395 1409 1676 1449 praetermissum,
1714 1410 1870 1451 superius

1163 1469 1298 1501 quoque
1315 1460 1459 1491 correxi.
1503 1460 1627 1491 Statim
1642 1459 1814 1492 scribend.
1831 1465 1871 1492 ut

1166 1509 1282 1542 Sclief.
1301 1511 1441 1549 monuit,
1455 1510 1541 1549 juris
1555 1510 1714 1552 AEgyptii.
1739 1510 1857 1542 Graev.

1207 1562 1300 1592 Juris
1324 1561 1474 1602 AEgypti]
1501 1563 1592 1593 Puto
1616 1561 1764 1602 AEgyptii
1786 1564 1869 1594 scri-

1162 1612 1322 1651 bendum,
1356 1613 1524 1653 quomodo
1563 1623 1617 1655 ap.
1651 1612 1726 1645 Cic.
1763 1614 1774 1631 ‘
1805 1623 1868 1645 rex

1159 1663 1359 1704 AEgyptins’
1393 1663 1554 1695 occurrit.
1603 1663 1754 1704 Vulgata
1784 1663 1866 1695 inde

1159 1714 1205 1745 ita
1222 1724 1297 1746 sese
1313 1714 1432 1753 habet,
1457 1714 1615 1755 quoniam
1629 1714 1661 1745 in
1674 1714 1759 1746 Mss.
1773 1713 1868 1746 litte-

1159 1765 1224 1795 rai
1240 1765 1359 1796 ultima
1375 1763 1442 1795 fuit
1459 1765 1573 1804 longa,
1597 1765 1619 1795 i.
1637 1773 1667 1795 e.
1683 1763 1751 1795 duo
1767 1769 1866 1796 nota-

1159 1816 1219 1855 vit,
1237 1816 1324 1858 quod
1342 1815 1453 1847 scriba
1469 1815 1655 1847 transmisit
1670 1815 1866 1848 inobserva-

1157 1871 1241 1898 tum.
1267 1866 1374 1905 Sches.

1199 1919 1258 1959 §5
1294 1918 1398 1948 Nabis
1425 1916 1592 1958 tyrannus]
1627 1916 1701 1949 Liv.
1733 1925 1862 1950 xxxw.

1157 1969 1251 2000 Plut.
1292 1968 1325 1999 in
1369 1968 1560 1999 Flaminino
1592 1973 1628 1999 et
1658 1968 1861 2010 Philopoem.

1155 2019 1258 2051 Paus.
1276 2019 1309 2049 in
1324 2019 1471 2050 Messen.
1500 2018 1642 2051 Achaic.
1668 2023 1704 2050 et
1730 2018 1859 2052 Arcad.

1155 2069 1261 2107 Bong.

1197 2120 1215 2159 ἕ
1234 2122 1254 2149 6
1279 2119 1522 2160 Detinerenlur]
1543 2119 1725 2151 Scribend.
1748 2120 1856 2152 distin.

1153 2169 1208 2200 hic
1224 2169 1328 2200 etiam
1346 2174 1383 2200 ut
1399 2170 1564 2209 superius.
1592 2170 1701 2201 Groev.

1196 2221 1214 2260 ς
1245 2223 1264 2250 7
1302 2219 1480 2260 Annibalis]
1512 2219 1664 2260 Appian.
1701 2224 1738 2252 et
1779 2220 1854 2253 Liv.

1152 2279 1288 2302 xxxlv.
1312 2271 1417 2309 Bong.

1197 2321 1335 2352 Occultis
1348 2319 1519 2360 mandatis]
1533 2320 1619 2352 Haec
1636 2321 1854 2354 currentibus

1152 2371 1274 2402 litteris
1301 2370 1420 2410 edunt,
1450 2380 1489 2401 ac
1519 2371 1545 2401 si
1573 2376 1733 2412 regantur
1761 2382 1780 2404 a
1805 2382 1857 2404 se-

1151 2423 1292 2464 quenti‘
1323 2422 1424 2453 inisse
1456 2421 1679 2454 societatem!
1723 2422 1772 2454 At
1797 2433 1853 2455 res

1150 2475 1247 2506 aliter
1274 2483 1309 2505 se
1336 2473 1459 2511 habct;
1493 2473 1667 2512 pertinent
1692 2473 1783 2505 enim
1810 2475 1855 2506 ad

1152 2526 1290 2557 verbum
1305 2525 1314 2541 ‘
1331 2523 1622 2555 criminabantur!
1659 2524 1737 2556 Hoc
1749 2525 1851 2558 dicit:

1151 2575 1425 2608 criminabantur
1457 2574 1601 2605 occultis
1625 2575 1808 2616 mandatis,
1827 2587 1853 2609 s.

1148 2637 1210 2668 per
1226 2627 1360 2659 occulta
1374 2624 1547 2663 mandata,
1571 2624 1609 2655 iis
1632 2634 1755 2666 nempe
1786 2631 1852 2658 tra.

1147 2678 1230 2718 dita,
1254 2677 1310 2719 qui
1340 2677 1399 2707 lias
1424 2675 1678 2706 criminationes
1705 2686 1759 2717 ap.
1786 2677 1851 2709 Ro.

1147 2739 1263 2761 manos
1295 2727 1467 2759 debebant
1496 2735 1697 2767 proponere.
1744 2727 1849 2760 Certe

1144 2781 1321 2811 societatem
1337 2779 1419 2809 inire
1433 2777 1590 2808 mandatis
1601 2777 1729 2809 nullum
1742 2778 1848 2811 habet

1144 2841 1290 2863 sensum.
1312 2828 1417 2867 Scltes.

1187 2883 1204 2922 ς
1226 2884 1245 2911 8
1268 2881 1432 2913 Assuetum
1447 2877 1592 2919 imperio]
1616 2878 1672 2910 Ita
1698 2879 1773 2912 Liv.
1801 2889 1843 2912 n.

1142 2935 1173 2964 2.
1190 2935 1220 2964 4.
1244 2932 1254 2950 ‘
1273 2930 1422 2964 Nimium
1438 2928 1639 2971 Tarquinios
1666 2938 1773 2971 reguo
1794 2939 1842 2963 as-
