2174 3424
478 366 564 407 740

481 471 616 503 theatra
631 473 724 502 eunt.
762 470 833 502 Cic.
850 480 911 512 pro
926 471 1018 502 Mur.
1035 471 1045 489 ⁴
1061 470 1090 502 A
1106 471 1177 512 qui-

481 521 544 553 bus
559 521 583 552 si
602 521 716 551 domus
735 526 851 552 nostra
877 522 1083 560 celebratur,
1106 522 1178 552 dili-

481 576 604 613 genter
618 572 704 603 adiri
718 572 894 603 videmur!
938 573 984 603 Et
1007 583 1068 613 pro
1082 573 1179 604 Sext.

478 622 489 639 ‘
507 623 580 652 Viae
596 622 813 653 multitudine
826 624 1015 663 legatorum
1032 623 1180 664 undique

480 671 660 703 missorum
677 672 962 704 celebrabantur)
986 673 1043 704 Sic
1055 677 1091 704 et
1107 676 1181 704 ‘ce-

481 722 587 753 lebris
613 723 691 761 via‚'
718 726 726 741 ⁵
743 723 888 754 celebris
909 723 1028 763 loeus‚'
1053 733 1180 765 proque

481 781 524 804 eo
540 774 549 790 ‘
567 773 759 804 celebritas'
777 773 908 804 dicunt.
938 773 1012 804 Vor.

530 822 819 864 VerszJficatoresque
840 822 994 862 meliores]
1018 822 1045 854 Ι.
1067 831 1095 853 e.
1123 822 1180 863 qui

480 873 637 904 meliores
671 873 922 904 versificatores
948 883 1047 914 quam
1076 873 1181 904 duces

481 928 608 955 essent.
636 923 735 954 Idem.

525 974 543 1014 ᾧ
567 977 585 1004 5
614 974 692 1004 Cum
708 973 824 1004 urbano
847 974 955 1014 populo
978 972 1095 1013 dividi]
1122 972 1184 1004 Se-

480 1023 546 1056 bis.
582 1024 698 1055 urbano
737 1025 848 1065 populo
887 1024 998 1064 dividi,
1033 1024 1067 1055 in
1103 1034 1184 1054 casu

481 1074 598 1106 dandi.
622 1076 728 1106 Bene.
753 1076 823 1106 Cic.
837 1075 879 1106 ad
893 1075 999 1107 Attic.
1013 1084 1039 1106 1.
1056 1076 1065 1092 ‘
1079 1075 1185 1106 Num-

481 1135 554 1156 mos
571 1126 664 1156 vobis
680 1126 831 1156 dividere
847 1125 1000 1166 solebat‚’
1017 1126 1050 1156 h.
1067 1135 1098 1157 e.
1119 1125 1184 1156 dis-

481 1176 647 1207 tribuere.
684 1175 864 1215 Διενέμοντο
891 1176 930 1207 τὰ
956 1175 1113 1217 χρήματα,
1137 1176 1186 1206 in-

483 1226 558 1267 quit
575 1226 693 1257 Liban.
716 1227 749 1257 in
774 1228 874 1258 modo
897 1227 1004 1258 citato
1023 1227 1098 1257 loco
1114 1226 1184 1256 De-

482 1278 607 1308 mosth.
640 1278 696 1308 Sic
712 1278 773 1309 inf.
790 1287 858 1310 ΧΠ.
882 1282 910 1310 1.
929 1282 958 1310 1.
987 1283 1023 1309 et
1050 1287 1126 1308 Χιν.
1150 1279 1182 1308 4.

481 1329 536 1358 20.
559 1327 741 1359 Βιήπεεσεν.
785 1328 875 1359 Illud
892 1327 1075 1359 frustillum
1092 1327 1184 1358 vocis

481 1387 552 1408 cum
577 1378 711 1410 delend.
735 1388 806 1409 esse
838 1384 937 1418 putat
962 1379 1070 1410 Sebis.
1094 1378 1184 1408 idem

482 1432 519 1458 et
541 1427 614 1467 ipse
639 1433 732 1468 puto.
777 1428 947 1469 Intelligit
963 1432 1076 1458 autem
1091 1428 1184 1459 Just.

483 1477 574 1518 quod
595 1478 729 1518 popello
754 1477 902 1508 dabatur
925 1487 967 1508 ex
994 1477 1115 1508 aerario
1142 1476 1185 1507 ad

483 1528 656 1558 cicercula
679 1528 780 1568 frixa,
807 1538 924 1568 nuces,
949 1528 1033 1559 ficus
1063 1527 1186 1567 aridas,

483 1581 520 1608 et
548 1578 615 1608 alia
644 1578 678 1609 id
710 1589 816 1619 genus
845 1579 1055 1619 obrodenda,
1083 1582 1121 1609 ut
1150 1578 1185 1608 in

483 1627 631 1659 aedilitiis
662 1629 749 1660 ludis
780 1629 853 1660 fieri
894 1630 1010 1661 Romae
1041 1629 1182 1660 solebat.

484 1678 608 1709 Horat.
626 1679 698 1710 Cic.
721 1683 758 1711 et
779 1680 873 1710 Plut.
896 1679 930 1710 in
945 1679 1028 1709 Vita
1043 1678 1185 1710 Catonis

483 1729 668 1768 Uticensis,
694 1732 755 1761 ἃς.
789 1730 904 1762 Faber.
955 1729 1066 1761 Sebis.
1091 1728 1187 1760 malit

933 376 1075 407 NOTAE
1108 377 1371 408 VARIORUM

1407 378 1458 408 IN

1230 472 1344 503 urbano
1356 474 1478 513 populo,
1494 483 1575 505 casu
1589 473 1704 505 tertio.
1727 473 1837 514 quue
1852 483 1928 514 pro-

1231 523 1289 553 bat
1305 524 1470 555 Bernecc.
1485 529 1520 554 et
1536 524 1627 555 aliud
1643 524 1737 555 verbi
1755 534 1831 555 cum
1847 534 1929 555 casu

1232 574 1335 604 tertio
1357 574 1546 605 constructi
1569 575 1761 614 exemplum
1787 572 1928 614 profert.

1233 624 1359 654 Verum
1385 624 1467 655 nihil
1488 625 1640 656 mutand.
1676 625 1820 655 Minime
1842 624 1930 655 inso-

1233 674 1305 704 lens
1322 679 1374 705 est
1390 675 1527 705 dividere
1539 685 1607 705 cum
1622 675 1735 715 aliquo.
1759 673 1828 706 Inf.
1841 682 1930 706 xxv.

1233 727 1263 755 2.
1281 728 1332 755 11.
1356 726 1365 742 ‘
1385 725 1539 765 Regnum
1561 734 1636 755 cum
1659 734 1698 755 eo
1715 723 1931 755 diviserunt!

1234 776 1280 806 Et
1293 784 1436 806 xxxvn.
1451 778 1484 806 4.
1500 778 1532 806 3.
1547 776 1556 792 ‘
1571 774 1837 815 Paphlagoniam
1854 784 1932 805 cum

1233 824 1325 855 socio
1349 823 1494 855 dividit?
1537 824 1592 855 Sic
1620 828 1656 854 et
1680 824 1797 864 partiri
1816 825 1932 864 aliquid

1232 883 1300 904 cum
1314 874 1414 914 aliquo
1429 873 1558 904 dicunt.
1581 874 1658 904 val.
1674 874 1725 904 M.
1742 882 1791 904 1v.
1802 877 1834 904 7.
1851 875 1932 906 Ext.

1233 927 1265 956 2.
1281 925 1290 940 ⁴
1303 924 1387 955 Tam
1405 925 1523 964 paucis
1539 923 1652 954 verbis
1668 933 1703 954 se
1714 933 1790 954 cum
1807 924 1933 955 comite

1234 984 1293 1005 suo
1310 974 1455 1014 partitus
1469 973 1543 1006 est.'
1585 974 1665 1005 Vid.
1683 978 1718 1005 et
1734 974 1873 1005 Librum
1889 975 1933 1006 de

1234 1024 1411 1055 Latinitat.
1434 1023 1522 1055 falso
1550 1033 1640 1064 susp.
1670 1033 1704 1064 p.
1728 1027 1804 1055 233.
1841 1024 1934 1057 Quid

1233 1075 1321 1116 quod
1347 1075 1447 1115 plane
1476 1074 1566 1104 aliud
1595 1078 1647 1105 est
1671 1074 1680 1090 ‘
1699 1073 1854 1105 dividere
1876 1084 1936 1114 po-

1235 1124 1340 1165 pulo‚'
1364 1124 1454 1155 aliud
1477 1126 1487 1141 ‘
1502 1124 1655 1155 dividere
1676 1134 1753 1155 cum
1774 1125 1899 1165 populo
1909 1124 1934 1155 ?’

1235 1175 1327 1206 Illud
1344 1175 1481 1215 dicitur,
1495 1174 1521 1205 si
1534 1175 1677 1215 populus
1692 1174 1728 1205 id
1745 1174 1833 1215 quod
1850 1174 1936 1206 divi-

1238 1226 1329 1257 ditur
1340 1226 1454 1266 capiat
1472 1230 1602 1257 totum:
1627 1225 1691 1256 hoc
1708 1234 1800 1266 vero,
1821 1225 1848 1256 si
1863 1225 1935 1266 ejus

1238 1276 1336 1307 modo
1364 1280 1495 1316 partem
1525 1276 1649 1315 capiat.
1685 1275 1788 1307 Vorst.
1831 1275 1934 1315 Angl.

1236 1330 1281 1357 est
1296 1336 1361 1356 non
1378 1325 1525 1357 exhibet.
1563 1326 1609 1356 Et
1626 1325 1724 1357 abest
1736 1326 1936 1366 elegantius,

1238 1376 1395 1416 quoniam
1432 1385 1510 1406 mox
1546 1375 1712 1415 sequitur,
1747 1375 1756 1392 ‘
1774 1373 1935 1406 effectum

1237 1424 1313 1456 est.’
1338 1424 1442 1462 Schef.
1487 1424 1544 1455 Sic
1559 1429 1595 1455 et
1609 1424 1705 1456 Junt.
1740 1424 1847 1456 Graev.

1281 1475 1297 1514 ξ
1314 1476 1332 1504 7
1351 1474 1516 1514 Philippus
1527 1473 1624 1513 obses]
1639 1474 1762 1505 Thebis
1777 1474 1818 1505 ab
1831 1473 1936 1505 Alex-

1237 1524 1344 1555 andro
1360 1523 1467 1555 fratre
1481 1524 1590 1556 datus.
1604 1525 1705 1555 Oros.
1721 1533 1777 1555 111.
1788 1527 1841 1555 12.
1858 1525 1937 1556 Ber.

1282 1573 1521 1614 Epaminondae]
1543 1573 1647 1605 Diod.
1665 1582 1741 1606 xvl.
1756 1577 1788 1606 2.
1824 1573 1938 1606 Aliter

1238 1625 1333 1656 Plut.
1350 1625 1383 1655 in
1401 1625 1521 1664 Pelop.
1537 1634 1612 1665 cap.
1627 1627 1681 1657 47.
1713 1625 1810 1657 Idem.

1282 1676 1369 1707 Asioe
1383 1675 1565 1716 cervicibus]
1588 1676 1644 1708 Ita
1666 1676 1762 1708 Curt.
1779 1685 1844 1709 vn.
1861 1679 1894 1708 7.
1909 1679 1939 1708 l.

1240 1727 1338 1758 Idem.

1027 2010 1246 2060 LIBER
1285 2010 1404 2057 vll.

532 2139 619 2171 CAP.
643 2148 668 2170 1.
715 2140 731 2179 ξ
759 2142 775 2170 1
801 2138 999 2179 Macedonia]
1034 2139 1141 2169 Dicta
1166 2149 1186 2169 a

487 2189 682 2220 Macedone
700 2189 847 2220 Osiridis
863 2189 909 2219 fil.
934 2188 1037 2219 Diod.
1055 2197 1079 2218 1.
1104 2188 1185 2218 alias

486 2239 585 2272 Jovis
614 2238 685 2270 filio
727 2244 762 2270 et
800 2239 1018 2270 Deucalionis
1046 2243 1185 2278 nepote.

487 2290 606 2330 Steph.
629 2289 671 2321 de
689 2289 772 2321 Urb.
810 2290 915 2320 Solin.
939 2298 1014 2329 cap.
1036 2291 1086 2319 14.
1120 2289 1187 2318 Eu—

486 2341 586 2371 stath.
606 2340 639 2370 in
656 2340 797 2380 Dionys.
814 2350 868 2380 ap.
892 2350 992 2381 quem
1015 2344 1050 2369 et
1079 2339 1187 2378 Hesy-

488 2391 602 2422 chium
619 2392 627 2408 ‘
643 2390 813 2422 Macetia’
828 2391 965 2429 dicitur,
978 2395 1013 2420 et
1027 2389 1186 2420 Maccab.

488 2450 515 2472 1.
543 2445 570 2473 1.
598 2446 627 2473 l.
653 2443 771 2473 ‘terra
798 2441 954 2473 Cetliim!
998 2441 1058 2471 Est
1076 2445 1188 2471 autem

489 2492 623 2523 Cethim
650 2492 775 2529 Geues.
793 2501 827 2522 x.
846 2494 873 2522 4.
900 2491 988 2521 filius
1013 2491 1133 2529 Javm»,
1156 2494 1191 2520 et

489 2542 640 2573 Danielis
657 2551 706 2573 Χῐ.
731 2552 792 2583 per
819 2543 827 2559 ‘
845 2541 977 2575 Javau‘
1002 2541 1116 2573 Graeci
1142 2541 1190 2571 iu-

488 2594 700 2633 telliguntur.
757 2592 842 2623 Inde
882 2594 891 2608 ⁴
908 2591 1075 2623 Macetae'
1114 2595 1192 2622 sunt

488 2643 710 2674 Macedones.
766 2642 892 2673 Ausou.
924 2643 956 2672 in
987 2643 1077 2673 Clar.
1107 2641 1193 2672 Urb.

486 2693 496 2709 ‘
515 2694 759 2733 Macetumque
773 2692 919 2723 attollite
935 2690 1082 2722 nomen.’
1109 2692 1193 2722 Bon-

488 2753 576 2782 gars.
612 2742 826 2773 Macedoniae
843 2741 1109 2782 descriptionem
1125 2751 1193 2771 am-

491 2795 636 2835 pliorem
667 2793 734 2824 vid.
766 2803 821 2834 up.
852 2793 1000 2824 Plinium
1030 2802 1078 2824 lv.
1108 2792 1190 2823 Nat.

490 2845 586 2875 Hist.
605 2848 654 2875 10.
679 2854 744 2885 quo
766 2849 905 2875 auctore
929 2844 984 2875 illa
1007 2844 1085 2874 olim
1103 2853 1191 2874 com-

491 2894 593 2934 plexa
620 2893 686 2924 fuit
709 2894 851 2934 populos
880 2897 951 2926 150.
997 2893 1088 2925 Add.
1116 2893 1188 2925 Liv.

493 2953 574 2975 xcv.
592 2948 643 2976 29.
673 2945 770 2976 Bern.

1282 2137 1366 2168 Ante
1389 2135 1527 2176 nomine]
1561 2135 1646 2167 Mss.
1671 2138 1762 2167 antea
1786 2146 1818 2167 n.
1849 2135 1940 2178 quod

1240 2187 1346 2218 Sebis.
1362 2192 1454 2218 recte
1469 2186 1610 2217 dividit:
1637 2190 1709 2217 unte
1722 2197 1741 2217 a
1755 2196 1786 2217 n.
1820 2186 1929 2218 Idem.

1270 2238 1415 2278 Nomine]
1425 2236 1575 2277 Legend.
1587 2236 1610 2268 f.
1622 2247 1639 2267 α
1652 2247 1732 2268 nom.
1742 2237 1796 2267 vel
1809 2246 1847 2267 ea:
1859 2247 1940 2268 nom.

1241 2288 1356 2320 Vorst.
1382 2288 1504 2319 Posses
1522 2288 1634 2327 legere
1650 2291 1724 2318 ante
1736 2297 1751 2318 e
1766 2297 1846 2318 nom.
1864 2298 1940 2318 cum

1241 2349 1257 2370 e
1295 2339 1450 2369 videatur
1480 2338 1658 2377 absumpta
1697 2347 1757 2378 per
1791 2338 1941 2368 litteram

1241 2389 1388 2430 praeced.
1424 2388 1527 2424 Scltef.
1579 2387 1683 2427 Angli
1712 2392 1784 2418 ante
1813 2398 1832 2418 a
1860 2398 1940 2419 nom.

1243 2439 1375 2469 rectiss.
1413 2438 1500 2468 Nam
1524 2438 1549 2468 si
1566 2438 1638 2478 ipso
1656 2437 1866 2469 Emathiouis
1884 2447 1943 2469 no-

1244 2489 1333 2519 mine
1363 2487 1480 2518 fuisset
1512 2487 1616 2526 dicta,
1643 2496 1709 2517 non
1736 2488 1745 2504 ‘
1764 2487 1945 2527 Ematliia,’

1245 2540 1303 2570 sed
1321 2540 1329 2556 ‘
1348 2538 1549 2577 Ematliion,'
1571 2537 1745 2569 debuisset
1767 2538 1944 2570 nominari.

1247 2590 1345 2621 Idem.

1291 2638 1504 2678 Ematlzionis]
1538 2638 1593 2669 Ita
1620 2638 1751 2669 Probus
1778 2639 1811 2669 in
1840 2648 1864 2670 1.
1897 2638 1942 2670 G.

1247 2690 1401 2729 Virgilii:
1439 2690 1447 2706 ‘
1465 2688 1676 2719 Emathium’
1705 2694 1807 2720 vocat
1835 2690 1942 2722 Solin.

1247 2751 1321 2781 cap.
1335 2744 1365 2771 9.
1382 2749 1479 2780 quem
1496 2738 1579 2770 facit
1594 2742 1602 2755 ‘
1620 2739 1800 2778 genuinum
1819 2740 1944 2779 terrae,’

1245 2792 1267 2822 i.
1285 2801 1315 2822 e.
1334 2789 1514 2828 αὐτόχθονα.
1545 2790 1649 2828 Bong.

1292 2841 1452 2880 Emathia]
1481 2840 1640 2870 Antonin.
1666 2839 1815 2870 Liberal.
1839 2843 1869 2870 9.
1898 2850 1942 2871 ex

1246 2891 1439 2922 Nicandro:
1464 2889 1538 2920 Ὑπὸ
1560 2888 1591 2920 δὲ
1620 2888 1675 2920 τὸν
1701 2889 1812 2929 χρόνον
1834 2891 1945 2920 τοῦτον

1245 2941 1427 2976 ἐβασίλευσε
1458 2940 1562 2981 Πίερος
1600 2939 1757 2980 αὐτόχθων
1790 2939 1943 2980 Ἧμαθίας.
