2101 3419
344 341 429 384 922

344 450 461 477 narrat
489 444 606 476 AElian.
640 453 725 476 xur.
760 443 841 475 Nat.
870 442 981 474 Anim.
1011 445 1040 473 l.

347 496 483 527 Saresb.
500 505 525 527 1.
544 498 596 527 13.
620 495 629 512 ‘
648 494 755 525 Hiero
771 494 904 525 Siculus
929 493 1043 523 litera-

347 547 434 577 torio
461 546 618 577 insistens
640 544 719 576 ludo
741 545 831 575 inter
854 543 1042 584 coaequales

347 598 437 638 stylo
453 606 588 637 operam
611 595 735 626 dabat:
760 594 857 635 eique
883 594 983 633 lupus
1009 593 1043 622 in

349 647 451 678 turba
475 655 656 687 puerorum
679 648 821 684 repente
844 646 1044 682 conspectus

349 697 507 728 tabellam
538 694 675 735 eripuit,
704 702 877 725 successus
908 691 1048 722 hominis

351 746 489 777 firmans
505 745 656 776 inaudita
671 742 777 775 forma
793 740 961 783 prodigii!

397 798 486 829 Inter
499 795 679 836 coaequales]
701 804 738 826 x.
764 797 796 825 6.
822 796 854 825 6.
876 793 987 832 Bong.
1012 795 1050 822 et

351 849 518 880 Bernecc.
535 847 675 878 edidere
692 846 835 886 oequales.
868 843 968 877 Quod
985 843 1051 873 ele-

352 899 488 939 gantius
504 897 639 939 quidem
657 901 728 935 est;
751 896 809 927 sed
825 899 861 926 et
875 895 921 925 ibi
937 898 1049 925 tamen

353 948 512 979 Becharii
541 948 683 988 aliaeque
711 950 796 978 vett.
822 944 900 977 edd.
926 943 1053 975 habent

355 1000 527 1039 cooequales.
548 999 631 1029 Vor.

399 1049 439 1080 ln
464 1048 571 1088 turba]
594 1048 679 1078 Mss.
707 1045 835 1077 habent
863 1044 897 1075 in
923 1043 1055 1083 turbam,

358 1098 449 1139 quod
466 1097 644 1129 locutionis
661 1105 764 1137 genus
779 1095 882 1126 etiam
905 1093 984 1124 alibi
1000 1103 1056 1123 ex-

357 1148 480 1179 hibent
496 1148 529 1179 in
545 1146 720 1185 similibus,
744 1144 912 1184 sicutjam
930 1143 1054 1184 aliquo-

358 1199 424 1229 ties
442 1208 462 1229 a
477 1208 528 1229 me
545 1200 741 1228 annotatum
758 1199 821 1226 est.
845 1192 949 1230 Sches.

404 1249 542 1289 Repente
570 1245 759 1287 conspectus]
790 1246 868 1276 Non
897 1243 1057 1274 videntur

359 1298 426 1329 ista
441 1299 522 1329 satis
540 1296 775 1328 convenientia
790 1299 826 1325 et
841 1303 934 1325 sana.
967 1292 1059 1324 Quid

362 1348 451 1378 enim
466 1347 529 1377 sibi
547 1347 620 1377 vult
642 1346 706 1376 hoc
729 1347 853 1385 repente
874 1346 1059 1382 conspectus,

362 1402 399 1428 et
424 1406 489 1438 quo
512 1396 579 1427 fine
603 1395 775 1427 adfertur?
818 1394 976 1433 Suspicor
1001 1402 1060 1433 po-

361 1446 429 1477 tius
446 1446 622 1486 scripsisse
637 1445 728 1476 Just.
753 1447 876 1484 repente
892 1453 907 1474 e
922 1452 1060 1482 conspec-

363 1499 412 1536 tu,
434 1495 494 1526 sed
520 1495 599 1536 quia
624 1494 706 1525 illud
729 1504 744 1525 e
760 1493 922 1525 absumsit
944 1493 1061 1523 littera

363 1546 517 1587 proxime
533 1544 749 1586 praeceden5‚
772 1542 899 1573 factum
924 1551 998 1573 esse
1014 1541 1059 1580 id,

363 1597 454 1638 quod
471 1596 595 1636 legitur
610 1595 644 1625 in
660 1593 818 1633 vulgatis.
844 1593 892 1624 Id.

408 1647 483 1687 §10
507 1646 620 1676 Prima
644 1643 735 1683 bella]
761 1643 828 1673 Hic
855 1650 989 1682 quoque
1015 1641 1062 1672 vi-

367 1695 468 1727 dend.
485 1705 525 1726 an
544 1704 607 1725 non
634 1693 752 1724 melius
777 1692 896 1732 fuerit,
923 1692 951 1722 si
976 1691 1062 1732 lega-

365 1755 437 1776 mus
451 1745 552 1785 primo
567 1744 643 1774 bella
658 1743 793 1773 ineunte.
817 1741 870 1773 Id.

412 1795 535 1826 Noctua
560 1795 592 1824 z'n
614 1792 718 1832 hasta]
741 1792 863 1823 Potest
888 1792 952 1822 hoc
978 1791 1065 1822 acci-

366 1844 472 1884 disse,
489 1854 565 1875 cum
583 1842 802 1882 Agathocles,
815 1841 905 1872 bello
921 1841 1066 1880 Punico,

368 1899 512 1924 noctuas
529 1892 757 1933 compluribus
775 1900 836 1931 per
856 1895 967 1922 castra
982 1891 1066 1921 locis

368 1945 454 1974 clam
487 1943 610 1982 emisit,
634 1951 709 1982 quae
739 1949 799 1981 per
836 1951 956 1981 agmen
989 1940 1068 1970 voli-

373 1998 498 2035 tantes,
520 1992 600 2024 dum
631 1991 761 2032 clypeis
792 1991 965 2031 galeisque
992 1990 1071 2020 insi-

853 2250 1070 2299 LIBER

420 2387 505 2417 CAP.
515 2394 538 2416 1.
552 2386 568 2425 ξ
583 2387 596 2415 l
620 2382 853 2414 Dissidentibus
864 2382 946 2413 inter
956 2392 986 2413 se
999 2382 1074 2414 bello

379 2436 548 2467 Ptolemoeo
567 2435 720 2472 Cerauno,
735 2436 764 2463 et
781 2433 943 2472 Antiocho,
964 2436 994 2463 et
1011 2433 1076 2463 An-

378 2485 500 2525 tigono]
524 2484 677 2523 Vestigia
703 2482 772 2523 huj.
795 2482 874 2513 belli
895 2482 967 2522 jam
985 2491 1076 2513 xvn.

381 2539 413 2566 2.
432 2538 482 2566 10.
508 2537 750 2575 apparuerunt.
781 2531 914 2562 videsis
930 2532 951 2563 l.
964 2532 1078 2571 istum,

379 2586 479 2627 inque
497 2584 598 2616 Notis
614 2581 887 2614 emendationem
908 2582 993 2622 ejus.
1038 2582 1078 2612 In

380 2641 480 2668 textu
510 2643 689 2676 perperam
723 2632 882 2664 omissum
922 2631 1020 2663 video
1050 2635 1080 2663 et

384 2687 555 2724 Antigono.
578 2685 661 2715 Vor-

424 2738 441 2777 ἦ
455 2740 473 2767 2
497 2736 547 2766 Aa
561 2744 655 2775 spem,
670 2731 739 2773 Bra]
761 2732 851 2763 Saxo
870 2741 943 2763 xvr.
960 2742 992 2773 p.
1005 2735 1079 2764 375.

385 2792 439 2820 30.
467 2790 476 2805 ⁴
494 2788 569 2820 Quo
595 2785 752 2825 exemplo
782 2784 887 2816 ceteri
915 2784 955 2815 ad
986 2794 1080 2825 spem

383 2839 493 2870 veniae
509 2835 639 2876 erecti‚’
657 2837 720 2866 διο.

426 2890 443 2928 ξ
473 2890 491 2918 3
528 2887 657 2926 Causas,
683 2884 752 2925 Era]
786 2885 864 2915 Tac.
894 2893 933 2916 11.
964 2883 1005 2915 Α.
1031 2887 1082 2915 59.

798 349 939 381 NOTAE
973 347 1235 379 VARIORUM
1269 347 1319 378 IN

1094 440 1188 480 dent,
1211 440 1337 471 animos
1363 438 1504 471 militum
1530 435 1787 475 confirmabant,

1096 501 1156 531 pro
1185 490 1276 522 felici
1302 490 1336 521 id
1370 489 1512 529 augurio
1541 485 1788 527 accipientibus

1095 541 1245 580 singulis,
1278 544 1461 581 propterea
1501 537 1590 579 quod
1621 536 1789 567 Minervae

1095 600 1223 622 sacrum
1241 590 1274 621 id
1289 589 1409 620 animal
1427 588 1577 619 habetur.
1608 585 1713 617 Diod.
1727 594 1790 616 xx.

1097 643 1148 672 ll.
1192 640 1360 671 Videatur
1382 639 1537 679 adagium
1558 638 1567 654 ‘
1586 637 1721 668 Noctua
1735 644 1792 666 vo-

1097 690 1169 722 lat!
1193 691 1291 722 Bern-

1141 742 1159 781 ᾧ
1177 743 1215 772 11
1241 741 1341 771 Manu
1361 739 1425 779 pru]
1449 738 1538 770 Saxo
1565 746 1646 768 vm.
1668 746 1703 776 p.
1721 737 1794 767 144.

1098 792 1152 820 53.
1185 790 1195 807 ‘
1218 799 1319 820 manu
1345 787 1490 829 promti!
1536 786 1726 826 Hegesipp.
1745 793 1795 815 vr.

1101 843 1154 871 10.
1172 844 1208 871 et
1223 843 1274 872 19.
1296 840 1306 857 ‘
1322 848 1421 869 mann
1439 836 1614 878 promtus!

1146 890 1163 929 ς
1182 892 1219 920 14
1247 889 1336 920 Vires
1351 897 1463 929 quoque
1479 888 1512 917 in
1528 886 1646 916 homine
1663 884 1799 915 admira-

1103 939 1192 979 bites]
1215 939 1306 970 Hinc
1336 938 1465 969 excidit
1490 940 1538 976 ut,
1567 934 1657 977 quod
1684 934 1720 973 ii,
1741 933 1798 974 qni

1104 994 1242 1020 acutum
1272 986 1469 1019 Latinitatis
1500 996 1633 1018 sensum
1657 985 1799 1023 habent,

1104 1049 1171 1070 non
1199 1038 1297 1069 inviti
1327 1037 1525 1068 concedent.
1581 1037 1664 1075 Leg.
1698 1034 1800 1074 igitur

1105 1089 1186 1119 vires
1199 1097 1326 1128 quoque,
1347 1091 1382 1118 ut
1398 1087 1430 1117 z‘n
1441 1086 1572 1125 homine,
1587 1085 1680 1116 admi.
1690 1083 1802 1122 fuere‚·

1106 1138 1129 1169 i.
1147 1147 1177 1170 e.
1194 1142 1299 1168 tantae
1327 1138 1360 1167 in
1385 1138 1444 1168 illo
1460 1137 1549 1167 vires
1565 1140 1674 1176 erant,
1699 1144 1803 1176 quan-

1109 1192 1154 1219 tae
1177 1187 1331 1218 maximae
1348 1187 1383 1217 in
1396 1187 1529 1217 homine
1554 1196 1628 1217 esse
1649 1189 1802 1227 possunt.

1112 1237 1225 1268 Faber.
1271 1237 1416 1267 Notator
1431 1235 1638 1275 Anglicanus
1653 1235 1757 1267 verba
1772 1235 1806 1265 in

1111 1286 1230 1316 homine
1246 1284 1352 1316 delet.
1397 1285 1507 1316 Faber
1521 1285 1639 1316 scribit
1657 1288 1691 1316 ut
1706 1285 1738 1315 in
1753 1284 1805 1315 ho-

1111 1336 1202 1366 mine.
1247 1335 1386 1365 Mallem
1412 1335 1507 1375 sequi
1523 1335 1681 1374 Fabrum,
1704 1344 1808 1375 quan-

1112 1397 1210 1428 quam
1241 1386 1391 1417 dubitem
1419 1385 1510 1418 Just.
1542 1385 1590 1417 sic
1621 1385 1806 1426 scripsisse.

1112 1438 1217 1476 Sches.

1160 1490 1204 1520 Ut
1220 1488 1298 1520 nihil
1319 1488 1348 1519 ei
1370 1488 1504 1528 regium,
1528 1487 1596 1529 δῖα]
1619 1488 1671 1519 Ex
1696 1487 1759 1518 hoc
1785 1487 1810 1518 l.

1114 1540 1327 1571 doctissimus
1356 1539 1638 1570 Adversariorum
1665 1539 1810 1579 scriptor

1117 1598 1216 1621 XLvr.
1233 1592 1264 1620 7.
1289 1589 1439 1630 explicat
1462 1588 1544 1619 illud
1566 1589 1705 1620 Senecae
1728 1588 1813 1628 'rhy-

1116 1646 1180 1671 est.
1194 1642 1266 1671 470.
1289 1640 1298 1656 ‘
1312 1639 1464 1670 Immane
1478 1649 1618 1679 regnum
1633 1643 1696 1679 est,
1712 1647 1812 1679 posse

1117 1690 1191 1720 sine
1207 1698 1310 1730 regno
1326 1688 1424 1730 pati!
1467 1688 1606 1720 Rectius
1625 1688 1814 1720 admirandi

1112 1740 1234 1780 judicii
1261 1740 1312 1770 vir
1343 1739 1387 1770 H.
1405 1739 1545 1771 Grotius
1561 1740 1602 1770 ad
1628 1740 1755 1771 Lucan.
1777 1748 1813 1770 v.

1118 1793 1191 1821 314.
1223 1790 1354 1820 Bernec.
1412 1790 1550 1830 Septem
1581 1789 1676 1821 annis
1709 1789 1815 1821 Hiero

1118 1840 1352 1880 magistratum
1381 1841 1484 1880 gessit
1513 1840 1699 1880 Syracusis,
1721 1843 1816 1870 ante-

1120 1900 1217 1931 quam
1242 1900 1301 1920 rex
1329 1894 1514 1929 crearetur,
1536 1890 1585 1920 uti
1610 1890 1757 1921 Casaub.
1781 1890 1815 1920 in

1121 1940 1370 1971 Commentario
1397 1939 1430 1970 in
1457 1939 1580 1980 Polyb.
1597 1939 1816 1971 demonstrat.

1127 1989 1201 2021 Vor.

1118 2249 1324 2298 XXIV.

1126 2383 1137 2400 ‘
1155 2383 1377 2414 Germanicus
1393 2382 1576 2423 AEgyptum
1598 2381 1823 2422 proficiscitur

1129 2433 1376 2473 cognoscendae
1400 2432 1637 2473 antiquitatis:
1661 2432 1719 2462 sed
1743 2442 1824 2463 cura

1130 2483 1313 2524 provinciae
1349 2482 1652 2523 praetendebatur)
1711 2482 1825 2522 Hege-

1131 2535 1219 2574 sipp.
1244 2544 1268 2564 1.
1292 2536 1344 2564 41.
1377 2533 1386 2549 ‘
1409 2533 1453 2564 Et
1480 2531 1563 2564 facti
1589 2533 1825 2573 poenitentiam

1133 2582 1392 2625 praetendebat)

1176 2634 1193 2674 ξ
1210 2636 1229 2664 4
1244 2633 1396 2663 Cirroeum
1405 2631 1557 2671 campum]
1581 2632 1635 2662 De
1649 2641 1713 2672 quo
1725 2632 1826 2665 Paus.

1136 2683 1168 2714 in
1194 2682 1360 2713 Phocicis.
1394 2680 1498 2712 Diod.
1518 2689 1595 2711 xvr.
1612 2684 1647 2711 et
1669 2682 1757 2711 Plin.
1775 2691 1827 2712 iv.

1134 2736 1166 2764 3.
1192 2733 1346 2772 Bongars.
1391 2730 1508 2761 Scribe
1531 2730 1716 2761 Cirrhaeum.
1738 2732 1830 2762 Mar-

1136 2784 1208 2814 tial.
1240 2792 1263 2814 1.
1302 2783 1366 2821 Ep.
1393 2784 1447 2811 77.
1499 2780 1509 2798 ‘
1539 2780 1630 2813 Quid
1661 2780 1722 2812 tibi
1752 2791 1828 2812 cum

1135 2832 1276 2871 Cirrlia‚'
1290 2834 1354 2863 &iz
1382 2831 1467 2862 siat.
1484 2831 1580 2871 Epic.
1595 2831 1627 2861 in
1642 2831 1779 2863 Patrem
1794 2842 1829 2863 v.

1136 2884 1195 2916 Sil.
1211 2887 1241 2915 3.
1260 2886 1291 2914 1¹.
1322 2883 1330 2899 ‘
1346 2883 1421 2914 Nec
1438 2881 1569 2913 solitam
1584 2880 1634 2913 sas
1650 2886 1702 2914 est
1716 2882 1831 2924 impel-
