2174 3424
605 329 801 361 Jusrmr
836 331 930 362 mu.
967 333 1016 362 ιι.
1048 335 1152 364 CAP.
1183 326 1225 365 4.

190 425 355 456 Bernecc.
377 423 420 455 ad
443 423 583 464 alternis,
607 434 669 465 pro
692 434 757 466 quo
775 426 884 466 Bong.

189 476 307 506 alterno
327 474 450 514 edidit,
465 475 686 506 subaudiend.
703 485 789 516 esse,
804 476 884 507 vici—

190 525 264 556 bus.
306 523 374 555 Sed
391 524 518 555 diserte
534 524 580 555 id.
597 525 679 556 illud
704 525 757 556 hic
782 535 885 566 appa-

189 578 256 614 ret,
273 579 309 606 et
323 573 422 605 modo
438 575 615 616 trajectum
631 575 775 607 videtur.
792 576 883 609 Quid

189 625 217 656 si
233 634 312 665 ergo
324 625 488 665 legamus,
508 626 652 656 Alternis
666 626 783 657 vicibus
795 636 884 666 gere-

186 676 260 707 bant
272 675 372 709 bella?
394 677 462 707 Pro
488 678 560 707 soloe
580 677 614 708 in
639 677 883 718 antiquioribus

187 726 266 758 edd.
293 729 346 757 est
374 726 514 757 sollicita:
542 731 601 758 aut
628 727 768 760 sollicite.
813 728 883 759 Sed

187 775 340 807 Freinsh.
368 777 515 817 conjecit
547 786 610 817 pro
640 777 712 808 solae
745 778 881 818 legend.

185 836 272 866 esse,
299 827 369 866 soli,
396 827 417 857 i.
444 836 474 857 e.
499 826 654 867 regionis,
673 829 819 858 terminos
831 829 882 859 de-

179 875 353 915 fendentes.
374 877 491 908 Vorst.

228 928 245 967 ξ
271 930 309 958 13
336 927 378 958 Et
392 937 430 957 ne
444 926 644 967 successibus]
668 927 754 958 Inde
766 932 880 960 votum

185 974 372 1007 Alexandri
388 986 441 1017 ap.
454 976 550 1008 Curt.
566 985 646 1008 vul.
661 980 692 1008 8.
708 979 760 1008 28.
783 979 791 994 ‘
805 978 882 1009 Uti-

183 1035 261 1057 nam
273 1025 352 1057 Indi
365 1036 497 1068 quoque
520 1027 634 1058 Deum
651 1037 725 1059 esse
741 1037 795 1059 rue
811 1039 882 1060 cre-

185 1076 279 1108 dant.
323 1078 427 1108 Fama
452 1078 540 1108 euim
574 1077 664 1109 bella
696 1079 880 1119 constant‚'

184 1129 249 1159 διο.
285 1127 342 1158 De
369 1129 415 1159 D.
440 1128 595 1168 Augusto
617 1128 717 1160 Philo
738 1129 878 1162 Judaeus

183 1176 242 1208 nb.
268 1177 310 1209 de
326 1178 511 1219 Legatione
528 1178 568 1209 ad
586 1179 722 1211 Caium:
744 1180 752 1195 ‘
769 1178 879 1210 Accea

183 1226 235 1267 pit
245 1226 375 1259 divinos
389 1229 545 1267 honores,
560 1239 628 1260 non
651 1230 740 1271 quod
756 1230 879 1270 proba-

181 1281 256 1308 ret:
281 1277 341 1309 sed
366 1278 445 1319 quia
470 1278 649 1310 videbatur
674 1280 737 1311 hoc
764 1284 879 1320 postu-

182 1325 251 1357 lare
282 1328 469 1368 amplitudo
495 1328 639 1370 imperii,
665 1330 879 1362 cui-venera-

182 1378 231 1409 tio
260 1378 412 1419 qnaedam
443 1379 627 1419 parabatur
653 1380 704 1411 his
728 1381 879 1412 artibus?

182 1427 358 1460 Videndus
381 1430 514 1460 omnino
526 1430 572 1461 D.
587 1429 729 1471 August.
747 1431 819 1462 Civ.
833 1433 877 1464 D.

181 1486 238 1508 111.
273 1481 306 1510 4.
334 1479 390 1509 ubi
426 1479 469 1510 de
503 1480 675 1512 sententia
703 1482 878 1521 Varronis,

181 1527 290 1559 ‘utile
319 1538 407 1567 esse,
433 1532 471 1559 ut
501 1538 538 1559 se
560 1529 711 1561 homines
734 1540 776 1562 ex
801 1532 878 1564 Diis

182 1579 313 1620 genitos
326 1579 556 1610 mentiantur?
579 1581 677 1612 Bern.

227 1629 359 1660 Genitas
372 1638 403 1660 se
423 1630 545 1670 Marte]
572 1630 625 1661 De
653 1641 719 1662 una
745 1636 875 1665 tantum

181 1679 216 1710 id
248 1686 362 1712 narrat
389 1681 493 1713 Diod.
527 1683 625 1723 cujus
662 1693 782 1716 nomen
812 1695 878 1717 non

182 1731 362 1771 exprimit:
392 1736 426 1763 et
452 1732 654 1773 Apollonius
670 1743 709 1766 11.
737 1734 878 1767 Amazo-

178 1791 239 1812 nas
270 1782 391 1814 Martis
429 1787 465 1814 et
501 1783 696 1816 Harmoniae
733 1786 875 1818 Naiadis

179 1841 283 1873 genus
309 1841 382 1863 esse
397 1833 513 1864 tradit.
559 1835 643 1867 Quae
659 1835 713 1866 hic
730 1837 874 1868 Marthe-

176 1883 225 1914 sia
241 1882 378 1924 dicitur,
399 1893 472 1915 eam
495 1884 658 1917 Jornand.
684 1886 874 1928 ‘Marpesi-

176 1933 248 1964 am'
264 1938 374 1965 vocat.
397 1935 554 1974 Bongars.
589 1934 716 1976 Hygin.
731 1947 806 1978 cap.
821 1941 873 1970 30.

177 1983 449 2025 Hippolyten‚et
465 1995 495 2017 c.
512 1988 585 2017 112.
607 1986 874 2029 Penthesileam,

176 2034 300 2066 Martis
316 2039 351 2066 et
368 2035 504 2067 Otrerae
526 2035 631 2067 filiam
646 2035 743 2068 facit.
772 2038 873 2071 Vorst.

218 2086 236 2126 ᾗ
261 2088 301 2116 14
324 2086 447 2125 IlIaJ‘ore
472 2090 563 2126 parte
600 2086 749 2127 Europae]
785 2087 872 2120 Inde

177 2140 244 2175 est,
274 2135 389 2175 cred0,
418 2136 509 2177 quod
531 2136 651 2168 Poetae
682 2137 870 2170 Amazonas

173 2189 385 2220 ‘Threicias’
406 2193 542 2230 vocant,
569 2194 605 2221 et
628 2189 771 2230 sagittas
788 2189 870 2222 item

175 2239 185 2256 ‘
199 2239 386 2271 Threicias'
402 2240 465 2271 illis
480 2240 645 2271 tribuunt.
670 2241 721 2271 Id.

216 2289 316 2330 Asiae]
337 2291 433 2322 Suet.
448 2291 533 2322 Caes.
546 2294 598 2322 22.
614 2294 646 2323 4.
670 2291 679 2307 ‘
694 2290 870 2331 Magnam’

173 2339 283 2381 inquit
312 2340 424 2372 ‘Asiae
453 2346 586 2381 partem
604 2340 790 2373 Amazonas
820 2347 869 2373 te-

174 2391 286 2423 nuisse
303 2392 494 2433 quondam!
536 2392 652 2424 Asiam
668 2394 787 2435 accipe
803 2394 869 2424 Mi-

173 2450 303 2481 norem,
332 2451 399 2473 nou
423 2443 528 2482 illam,
546 2452 621 2484 quae
658 2443 761 2475 tertia
791 2453 868 2484 pars

174 2491 279 2524 Orbis
293 2492 449 2524 habetur.
473 2493 656 2524 Berneccer.
703 2492 792 2525 Asiae
803 2494 869 2525 Mi-

173 2542 265 2574 noris
278 2546 380 2583 puta:
400 2543 432 2573 in
443 2553 522 2584 qua,
532 2547 570 2574 ut
585 2543 749 2584 sequitur,
764 2553 868 2576 novas

173 2601 306 2634 quoque
322 2592 480 2624 civitates
495 2593 690 2624 condidere.
720 2594 795 2626 Vor.

213 2643 230 2683 ξ
255 2645 292 2673 15
318 2642 372 2673 Ibi
402 2643 523 2683 Epheso
552 2643 715 2684 multisque
742 2644 868 2676 urbibus

171 2692 317 2732 conditis]
339 2694 348 2710 ‘
362 2692 530 2724 Otriram'
547 2692 727 2732 Amazona,
742 2694 868 2726 Martis

174 2753 323 2784 uxorem,
347 2744 511 2784 templum
532 2744 649 2774 Dianae
676 2744 868 2776 condidisse

173 2794 325 2835 prodidit
356 2794 483 2835 Hygiu.
521 2803 595 2836 cap.
627 2797 700 2826 223.
728 2799 763 2826 et
791 2798 866 2828 225.

178 2844 250 2876 Ver.

1547 328 1634 370 663

981 428 1172 470 Dimittunt]
1209 430 1298 462 Edd.
1338 435 1421 463 vett.
1457 433 1632 465 remittunt.

936 479 1020 509 Vor.

979 530 995 569 ξ
1021 531 1059 560 l?
1086 530 1236 570 Orithyn]
1259 530 1315 561 Sic
1340 535 1393 562 est
1423 532 1455 562 in
1480 533 1632 565 omnibus

935 572 1071 611 scriptt.
1108 573 1165 603 lib.
1203 579 1238 604 et
1276 574 1448 614 impressis
1479 576 1633 615 quibusd.

935 621 1046 661 Vulgo
1077 622 1216 652 Otrera:
1252 628 1288 653 et
1323 633 1376 662 ap.
1414 624 1631 664 Apollonium

934 669 994 702 Hb.
1010 680 1050 702 11.
1073 671 1277 711 Ἀμαζονίδων
1299 672 1467 713 βασίλειαι,
1485 674 1632 716 Ὀτρήρη-

933 732 969 751 τε
998 721 1048 752 καὶ
1076 721 1230 760 Ἀντιόπη.
1274 723 1340 754 Sed
1364 724 1397 754 iu
1414 723 1475 754 hac
1492 725 1632 757 historia

934 772 1020 802 mire
1058 773 1191 804 variant
1216 780 1382 804 auctores.
1427 774 1506 806 vid.
1536 776 1629 808 Plut.

934 821 967 852 in
984 823 1128 861 Theseo,
1144 828 1179 854 et
1193 823 1294 854 Diod.
1310 833 1351 854 11.
1368 827 1403 854 et
1417 832 1466 855 lv.
1481 825 1630 856 Pausan.

933 870 967 901 in
999 871 1136 904 Atticis.
1164 874 1317 912 Bongars.
1360 873 1540 906 Amazonis
1570 876 1630 907 hoc

933 929 1054 952 nomeu
1072 924 1285 963 transpositis
1307 924 1428 955 litteris
1445 927 1630 967 corrumpi-

933 975 1000 1003 tur.
1045 973 1219 1004 Scribend.
1233 974 1319 1004 euim
1339 975 1463 1005 Otriria
1476 985 1536 1016 pro
1556 977 1629 1007 Ori-

932 1021 1018 1062 tleya.
1064 1023 1225 1054 Graecum
1255 1029 1307 1055 est
1331 1023 1464 1064 Ὀτρήρη
1494 1025 1630 1066 Apollo-

931 1074 1000 1114 nio,
1026 1085 1087 1115 pro
1104 1085 1170 1117 quo
1186 1076 1243 1106 alii
1263 1076 1380 1106 dixere
1405 1075 1575 1117 Ὀτρήρεια,
1591 1083 1630 1109 ut

932 1124 1108 1164 Καλλιόπη,
1138 1125 1339 1157 Καλλιόπεια.
1384 1127 1471 1158 Inde
1498 1128 1628 1159 Otreria

933 1176 986 1206 vel
1005 1176 1128 1206 Ocriria
1151 1177 1273 1216 Trogo.
1320 1177 1462 1208 Grotius
1477 1178 1539 1208 hoc
1556 1188 1629 1209 cer-

931 1225 1094 1257 tissimum
1109 1226 1224 1258 habet.
1271 1227 1359 1258 Nam
1386 1228 1522 1269 orithya
1537 1228 1628 1260 Atti-

931 1285 1005 1307 cum
1019 1286 1139 1307 nomen
1153 1281 1216 1308 est.
1241 1277 1309 1308 Sul.

975 1328 1060 1360 Filia
1083 1329 1148 1367 ejus
1164 1330 1277 1361 Otrere
1295 1339 1391 1369 regno
1413 1330 1561 1371 succedit]
1585 1331 1627 1362 In

931 1378 998 1409 Ms.
1014 1388 1106 1420 supr.
1117 1380 1281 1419 scriptum
1295 1385 1381 1421 erat,
1392 1381 1523 1421 legend.
1540 1392 1627 1422 esse,

930 1428 1053 1469 Sinope.
1096 1430 1142 1460 Et
1170 1430 1218 1461 sic
1242 1441 1374 1472 quoque
1401 1432 1556 1472 legerunt
1579 1442 1629 1463 se-

931 1479 1055 1519 quioris
1071 1480 1134 1510 aevi
1161 1480 1357 1520 scriptores,
1379 1482 1448 1521 huj.
1464 1483 1625 1523 compila-

930 1532 1034 1560 tores.
1092 1529 1240 1570 Sinopen
1279 1530 1485 1562 Amazonum
1523 1542 1624 1564 unam

928 1577 1042 1619 fuisse,
1058 1584 1093 1610 et
1116 1579 1156 1610 ab
1173 1590 1211 1611 ea
1229 1580 1345 1611 urbem
1362 1581 1497 1620 dictam,
1522 1588 1625 1613 testa-

928 1634 984 1660 tur
1013 1630 1151 1661 Andron
1179 1641 1233 1671 ap.
1259 1632 1482 1671 Etymologici
1506 1633 1624 1673 Magni

926 1684 1112 1719 auctorem,
1130 1681 1162 1711 iu
1187 1691 1270 1711 voce
1287 1681 1417 1718 Σινώπη·
1451 1682 1488 1713 ‘O
1502 1682 1533 1713 δὲ
1551 1682 1625 1713 '‘Av-

925 1730 999 1770 δρων
1026 1730 1131 1769 φησὶν,
1146 1730 1217 1768 μίαν
1236 1733 1297 1762 τῶν
1321 1731 1495 1772 Ἀμαζόνων
1510 1733 1624 1771 φυγοῦ-

925 1790 985 1811 σαν
1009 1780 1050 1812 εἷς
1078 1780 1197 1812 Πόντον
1225 1782 1306 1822 παρὰ
1329 1782 1383 1813 τὸν
1409 1783 1543 1818 βασιλέα
1569 1785 1623 1814 τοῦ

924 1830 1031 1870 τόπου,
1055 1830 1202 1862 πίνουσάν
1212 1844 1249 1862 τε
1264 1833 1412 1863 πλεῖστον
1423 1832 1513 1872 οἶνον7
1529 1845 1622 1873 προσ-

925 1883 1121 1922 αγορευθῆναι
1146 1882 1295 1920 Σινώπην.
1352 1882 1547 1923 Μεταφράσει
1589 1884 1622 1915 δὲ

922 1933 1013 1963 τοῦτο
1029 1933 1166 1971 σημαίνει
1178 1933 1237 1971 τὴν
1250 1933 1356 1964 πολλὰ
1366 1933 1522 1966 πίνουσαν.
1558 1934 1621 1965 At-

923 1983 980 2024 qui
1009 1993 1075 2015 non
1100 1983 1219 2021 Σινώπη
1242 1984 1412 2024 significat
1435 1984 1492 2021 τὴν
1517 1985 1622 2017 πολλὰ

922 2033 1080 2075 πίνουσαν,
1091 2035 1149 2066 sed
1166 2034 1304 2073 Σανάπη,
1319 2035 1484 2076 quomodo
1497 2036 1528 2066 ei
1540 2037 1621 2066 scri-

922 2085 1025 2116 bend.
1041 2085 1164 2117 fuerat.
1209 2085 1558 2117 AuctorScholioriun
1577 2086 1619 2117 ad

922 2145 963 2167 11.
991 2135 1163 2176 Apollonii
1189 2137 1332 2168 librum:
1359 2136 1443 2167 Ἐπεὶ
1467 2136 1499 2167 δὲ
1523 2138 1550 2167 οἱ
1565 2137 1617 2175 μέ-

921 2189 1004 2217 θυσοι
1033 2185 1163 2218 σανιίπαι
1192 2184 1340 2225 λέγονται
1364 2187 1445 2227 παρὰ
1466 2187 1619 2229 Θραξὶν,ᾗ

920 2236 1071 2276 διαλέκτῳ
1093 2240 1226 2278 χρῶνται
1258 2237 1310 2268 καὶ
1336 2237 1515 2278 Ἀμάζονες,
1545 2246 1619 2277 κλη-

919 2289 1005 2326 Θῆναι
1031 2289 1090 2325 τὴν
1113 2288 1204 2319 πόλιν
1224 2287 1378 2326 Σανάπην.
1405 2288 1511 2320 ἔπειτα
1540 2291 1618 2322 κατὰ

918 2338 1032 2379 φθορὰν
1055 2339 1186 2376 Σινώπη.
1237 2339 1290 2371 Sic
1327 2339 1498 2371 scribend.
1548 2341 1618 2371 He-

918 2393 1010 2433 sych.
1037 2390 1182 2429 Σανάπην
1201 2390 1260 2428 τὴν
1280 2390 1384 2428 οἶνώδη
1406 2389 1525 2422 Σκύθαι.
1560 2391 1616 2423 Sic

917 2443 1006 2482 lege.
1037 2443 1149 2482 Vulgo
1174 2442 1264 2473 enim
1279 2442 1615 2481 conspurcafissimus

917 2493 1014 2524 locus
1043 2493 1109 2523 iste
1138 2492 1313 2533 Hesychii.
1357 2492 1440 2523 Voss.
1502 2492 1614 2523 Recte

917 2543 1005 2574 vidit
1020 2543 1127 2582 Bong.
1142 2541 1277 2581 legend.
1293 2542 1412 2572 Otrere.
1446 2542 1615 2583 Corrupte

918 2602 973 2633 ap.
990 2592 1117 2633 Hygin.
1130 2591 1214 2623 Fab.
1230 2600 1354 2623 cnxm.
1400 2592 1550 2632 Othrepte
1566 2592 1615 2623 di-

918 2643 1018 2674 citur.
1043 2642 1150 2672 Groev.

965 2693 1045 2723 Filia
1061 2692 1126 2730 ejus
1141 2690 1290 2731 Orithya]
1312 2691 1416 2722 Bech.
1430 2691 1538 2724 edidit
1552 2694 1609 2724 Ot-

917 2746 1005 2773 tera:
1039 2747 1075 2773 et
1102 2742 1229 2772 rectius
1259 2740 1348 2772 Sich.
1378 2741 1503 2774 Otrera.
1562 2742 1611 2774 At

917 2793 1025 2833 Bong.
1043 2793 1076 2823 in
1091 2791 1191 2823 codd.
1206 2790 1273 2822 suis
1291 2791 1373 2822 Mss.
1393 2792 1520 2832 reperit
1536 2793 1610 2823 Ori-

915 2844 1002 2884 thya,
1030 2843 1131 2884 idque
1159 2851 1221 2883 pro
1247 2842 1354 2873 altero
1381 2842 1608 2877 substituend.
