2174 3424
572 322 767 354 JUS'rlNI
804 323 896 353 Lm.
929 323 980 351 11.
1011 324 1116 353 ων.
1147 315 1186 353 (i.

159 421 370 449 ΧΗΔΔΔΔΠ.
424 416 538 456 Raria,
562 416 594 446 iu
621 427 688 457 qua
713 417 855 456 primum

158 468 385 507 Triptolemus
397 466 577 497 seminasse
593 466 645 497 hic
660 466 795 504 dicitur,
805 470 858 496 est

160 526 299 556 campus
325 519 360 546 in
387 516 557 547 Eleusine.
599 516 718 556 Stepli.
743 514 858 555 Ῥάριον

158 566 259 597 πεδίον
284 566 316 596 ἐν
341 567 503 607 Ἐλευσῖνι,
530 566 580 597 κα),
603 566 707 607 Ῥαρία
730 568 786 605 Ὑῆ,
808 565 858 596 καὶ

157 615 284 656 Papias,
297 615 317 653 ἡ
330 615 488 656 Δημήτηρ.
533 616 626 647 Male
639 626 691 657 ap.
706 616 856 656 Hesycli.

158 665 282 707 Ῥάριον,
310 666 439 706 παιδίον,
465 677 527 707 pro
553 666 666 698 πέδιον.
722 667 856 697 Nomen

158 717 224 748 hoc
251 717 395 748 inditum
418 723 491 748 erat
513 718 560 748 illi
587 727 706 758 campo
723 728 742 748 a
758 722 857 758 patre

160 769 285 801 Rharo.
321 769 472 810 Hesych.
501 767 617 809 Ῥάρος,
646 769 783 810 ἰσχυρὸς,
809 769 858 800 καὶ

159 817 255 857 ὄνομα.
277 819 332 849 τοῦ
357 818 562 859 Τριπτολέμου
584 818 710 859 πατρός.
755 819 857 849 Filius

158 868 212 899 hic
236 872 311 899 erat
340 869 472 904 Cranai,
506 874 544 900 ut
567 869 612 899 id.
638 869 739 907 alihi3
776 873 858 909 Κρα-

160 917 233 948 ναοῦ
261 917 323 949 υἱὸς
351 916 466 958 Ῥάρος.
511 918 552 949 In
580 919 642 949 hae
672 924 785 949 tamen
808 919 857 949 in-

161 968 346 1008 scriptione
374 968 616 1008 Triptolemus,
645 977 712 998 non
740 968 858 1008 Rhari,

159 1019 220 1051 sed
242 1020 350 1059 Celei,
366 1019 412 1051 fil.
431 1019 536 1050 fuisse
563 1020 700 1051 dicitur.
746 1021 792 1051 Et
808 1020 856 1051 sic

160 1080 292 1112 quoque
308 1070 411 1102 Paus.
438 1069 505 1101 Alii
521 1075 633 1101 autem
651 1071 788 1101 Celeum
806 1079 857 1101 re·

161 1131 237 1161 gem
274 1121 441 1151 Eleusinis
467 1119 608 1161 faciunt,
645 1120 857 1160 Triptolemo

161 1181 334 1210 coaevum3
372 1171 429 1202 alii
459 1181 645 1212 pauperem
679 1171 857 1202 hominem.

160 1222 286 1253 Similis
316 1231 452 1263 quoque
490 1221 631 1252 variatio
659 1221 692 1251 in
721 1220 857 1252 nomine

161 1271 293 1311 matris,
315 1281 388 1313 quae
413 1271 467 1302 hic
484 1271 611 1302 Neaera
628 1271 764 1310 dicitur,
781 1281 857 1302 clim

162 1321 235 1352 aliis
261 1331 394 1362 quoque
410 1320 597 1359 Metanira,
612 1320 800 1361 Polymnia,
822 1324 858 1351 et

162 1371 297 1412 Deiope
314 1375 466 1402 vocetur.
495 1371 581 1402 Voss.

207 1422 322 1452 Noctes
334 1420 513 1460 Initiorum]
539 1420 650 1457 Quod,
665 1424 702 1451 ut
715 1430 754 1450 ex
772 1430 859 1460 prae-

163 1471 262 1503 cedd.
286 1471 502 1511 intelligitur,
527 1480 581 1510 ap.
610 1471 749 1501 Eleusin
778 1471 860 1501 illud

164 1520 294 1553 factum
311 1521 387 1558 fuit,
405 1522 414 1538 ‘
432 1521 591 1551 Eleusina
607 1521 721 1551 sacra'
746 1520 805 1552 inf.
824 1531 862 1552 ιι.

164 1575 195 1603 8.
212 1575 243 1602 1.
260 1571 431 1602 dicuntur.
475 1571 640 1612 Quodque
654 1571 685 1601 iu
702 1572 862 1602 honorem

166 1622 299 1653 Cereris
315 1622 443 1662 agitata
458 1620 565 1658 fuere,
591 1623 600 1638 ‘
620 1623 779 1662 mysteria
800 1623 862 1654 Ce-

166 1671 269 1702 reris’
285 1671 344 1702 inf.
361 1681 394 1702 v.
413 1674 443 1702 1.
459 1674 488 1702 1.
505 1676 540 1702 et
555 1672 564 1688 ‘
584 1672 737 1702 Cerealia
751 1675 862 1704 sacra'

164 1722 253 1752 Vell.
271 1724 301 1752 1.
313 1725 345 1753 4.
362 1724 391 1753 3.
406 1723 632 1762 appellantur.
663 1723 734 1753 Vor.

211 1772 288 1801 Cum
319 1772 412 1802 IlIedo
439 1771 528 1813 filio]
569 1772 644 1803 Vid.
676 1772 736 1804 inf.
773 1782 862 1806 XLH.

164 1821 253 1852 Boni
278 1821 354 1852 libri
378 1822 495 1852 Medio.
532 1823 696 1862 Bongars.
750 1824 860 1864 Bong.

164 1871 270 1902 Medo.
326 1871 394 1902 Sed
421 1872 618 1903 retinuimus
648 1874 727 1904 lect.
761 1883 861 1914 quam

161 1922 236 1963 ipso
267 1922 376 1962 Bong.
407 1926 496 1954 teste
524 1924 606 1954 Mss.
635 1923 734 1954 bonae
772 1928 860 1956 notae

163 1977 364 2012 agnoscunt,
377 1982 519 2013 quaeque
534 1973 638 2004 etiam
655 1983 747 2004 XLu.
762 1977 794 2005 2.
811 1977 861 2007 16.

162 2027 286 2054 exstat.
339 2022 395 2054 Sic
425 2024 540 2054 Medea
568 2024 649 2055 Mss.
678 2025 781 2055 etiam
808 2029 861 2056 est

162 2074 284 2104 IlIedia.
319 2073 465 2104 Bernec.
520 2074 739 2116 Antiquiores
769 2076 860 2116 typis

164 2122 317 2164 expressi
342 2124 457 2154 Medo.-
489 2124 580 2166 quod
595 2130 629 2156 et
645 2125 756 2166 Bong.
778 2125 859 2156 reti-

164 2177 295 2205 nuerat.
340 2174 510 2206 Bernecc.
528 2180 638 2206 tamen
655 2176 774 2206 maluit
789 2176 859 2206 Me-

163 2224 238 2261 112'0;
273 2224 427 2265 quoniam
455 2225 488 2256 in
515 2225 600 2256 Mss.
628 2226 781 2266 quibusd.
813 2227 860 2258 sic

165 2286 239 2307 esse
262 2281 408 2308 testatur
421 2277 528 2317 Bong.
543 2281 577 2308 et
593 2277 672 2318 quia
693 2276 752 2309 inf.
769 2286 860 2308 xnn.

164 2329 197 2358 2.
219 2330 271 2358 16.
294 2328 343 2358 ita
357 2327 491 2368 legitur.
535 2327 729 2368 Reputand.
747 2332 861 2358 tamen

165 2382 240 2409 erat
279 2378 368 2418 quod
391 2377 607 2417 Strabonem,
640 2377 863 2418 Stephanum,

164 2432 266 2469 atque
282 2429 498 2459 Eustathium
512 2429 522 2445 ‘
538 2427 696 2459 Medum'
714 2438 790 2458 enm
807 2437 862 2459 vo-

165 2488 260 2511 casse
276 2479 485 2520 Bongarsius
499 2479 637 2510 monuit.
666 2479 740 2510 Vor.

208 2531 227 2571 §
251 2533 289 2561 15
314 2530 509 2571 Demophoon
530 2530 582 2570 qui
604 2528 770 2568 auxilium]
794 2528 862 2560 Hic

163 2579 275 2611 variat
297 2581 447 2611 historia.
490 2579 663 2610 Mnesthei
679 2578 863 2609 Athenien-

166 2631 248 2662 sium
274 2631 361 2671 regis
377 2640 463 2661 anno
485 2639 592 2661 xvuI.
620 2633 754 2669 captam
778 2629 863 2660 Tro-

161 2681 235 2722 jam
258 2686 375 2712 auctor
390 2685 443 2712 est
458 2680 581 2711 Euseb.
597 2685 632 2710 at
648 2679 816 2710 Homerus
829 2679 863 2710 in

168 2731 278 2762 Catal.
291 2731 379 2763 Nav.
396 2731 436 2761 Il.
448 2740 488 2762 11.
502 2733 577 2761 552.
593 2735 628 2761 et
643 2729 748 2761 Diod.
766 2730 820 2762 lib.
837 2739 863 2763 1.

169 2781 270 2813 eund.
295 2779 427 2812 faciunt
451 2780 710 2811 Atheniensium
733 2780 863 2812 ducem.

169 2831 365 2863 Collocatur
388 2836 501 2863 autem
525 2831 616 2861 inter
636 2831 805 2863 Theseum
828 2835 864 2863 et

169 2881 472 2923 Demophoontem.
497 2881 602 2920 Bong.

1520 313 1603 354 671

952 418 968 457 ξ
994 419 1033 447 16
1056 417 1238 458 Dorienses]
1260 417 1391 448 Herod.
1409 426 1442 448 v.
1457 420 1509 448 76.
1525 417 1604 448 Vid.

907 470 942 497 et
961 466 1037 497 Val.
1061 467 1111 496 M.
1129 476 1164 497 v.
1181 470 1212 497 6.
1229 472 1264 497 et
1291 466 1435 506 August.
1460 467 1531 498 Civ.
1560 468 1605 498 D.

908 526 1014 547 xvnr.
1043 520 1092 548 18.
1128 517 1317 547 Pausanias
1346 516 1471 547 Atticis
1497 522 1532 548 et
1560 517 1606 548 A-

906 567 1043 605 chalcis,
1059 566 1199 597 Orosius
1223 576 1247 597 1.
1274 570 1327 598 18.
1348 568 1357 583 ‘
1372 567 1607 607 Peloponnen·

907 616 980 647 ses'
998 621 1133 656 vocant,
1155 621 1190 647 et
1213 617 1338 647 Euseb.
1357 617 1388 646 in
1406 617 1604 648 Chronicis:

905 667 993 698 Vell.
1026 676 1052 698 1.
1081 669 1112 698 2.
1149 666 1158 683 ‘
1187 666 1464 697 Lacedaemonios
1478 667 1498 697 :²
1531 677 1606 707 quae

906 717 982 748 ead.
1007 722 1095 748 sunt.
1142 716 1220 747 Fuit
1243 723 1354 747 autem
1381 717 1509 747 Codrus
1535 717 1608 747 Me-

907 766 1012 798 lanthi
1034 767 1158 797 exsulis
1174 766 1280 797 filius:
1306 766 1400 796 Plut.
1418 766 1460 796 de
1476 767 1608 798 Exsilio

907 827 936 848 c.
963 819 1016 848 24.
1050 817 1162 847 Strab.
1189 815 1247 847 lib.
1268 825 1319 847 1x.
1366 816 1467 847 Hunc
1496 817 1608 848 locum

908 866 1127 906 transcripsit
1140 865 1313 897 Saresber.
1338 866 1499 896 Policrat.
1515 875 1564 897 ιν.
1578 869 1608 898 3.

908 917 1065 955 Bongars.
1111 916 1276 955 Historia,
1301 921 1426 956 praeter
1451 920 1608 947 auctores

907 966 1042 1006 citatos,
1057 976 1097 997 ex
1113 966 1163 996 his
1180 974 1315 1007 quoque
1338 965 1506 1005 petenda:
1533 966 1608 997 Cic.

906 1017 1006 1047 Tusc.
1025 1026 1049 1047 1.
1065 1019 1116 1047 48.
1146 1015 1338 1046 Marcellin.
1356 1024 1447 1046 xxn.
1464 1018 1516 1047 13.
1541 1016 1609 1047 Po-

907 1067 1009 1107 lyaen.
1025 1067 1174 1107 Strateg.
1192 1075 1214 1096 1.
1237 1066 1348 1096 Tzetz.
1372 1065 1458 1097 Chil.
1476 1075 1497 1097 1.
1514 1066 1609 1097 Hist.

907 1120 940 1148 4.
967 1119 1124 1149 Lactant.
1157 1126 1212 1149 111.
1239 1119 1292 1148 12.
1329 1116 1425 1148 Serv.
1456 1116 1498 1147 ad
1534 1117 1609 1149 Ecl.

907 1169 1004 1209 Virg.
1020 1178 1070 1200 1v.
1093 1169 1191 1199 Bern.

951 1220 1001 1250 De
1015 1222 1122 1251 eventu
1133 1218 1234 1259 proelz'z'
1246 1218 1369 1249 oracula
1379 1218 1608 1259 consuluerunt]

908 1270 960 1301 De
976 1273 1084 1301 eventu
1098 1269 1167 1300 belli
1184 1268 1252 1307 alii,
1266 1267 1354 1309 quod
1372 1268 1499 1308 probo:
1518 1268 1608 1299 aliud

909 1321 998 1351 enim
1015 1321 1111 1360 longe
1133 1325 1184 1350 est
1201 1320 1210 1336 ‘
1230 1319 1362 1349 vincere
1387 1318 1500 1357 be110,’
1517 1318 1608 1349 aliud

909 1373 918 1389 ‘
937 1372 1069 1402 vincere
1087 1369 1237 1410 proelio?
1270 1368 1418 1408 illudque
1446 1369 1538 1408 prins
1556 1373 1610 1400 est

910 1421 953 1452 de
983 1431 1049 1462 quo
1074 1420 1147 1451 fere
1170 1419 1306 1451 oracula
1332 1418 1458 1449 consuli
1486 1419 1610 1457 solent,

911 1473 1010 1503 cum‘
1041 1471 1149 1501 victus
1172 1468 1308 1510 proelio’
1331 1477 1421 1508 saepe
1443 1469 1609 1500 victorem

913 1526 1032 1562 postea
1045 1522 1172 1556 vincat,
1188 1523 1196 1537 ‘
1215 1520 1322 1549 victus
1335 1517 1423 1549 bello
1435 1517 1442 1530 ’
1454 1518 1487 1548 in
1504 1518 1609 1549 victo-

913 1571 958 1602 ris
975 1571 1019 1601 sit
1036 1574 1216 1611 potestate.
1242 1570 1329 1602 Mod.

956 1622 973 1661 ξ
997 1624 1036 1652 17
1061 1621 1262 1661 Responsum,
1279 1620 1346 1660 ξω]
1367 1619 1499 1650 Saresb.
1515 1620 1524 1637 ‘
1546 1619 1610 1650 Re-

913 1680 1069 1711 sponsum
1086 1675 1138 1701 est
1152 1671 1342 1710 superiores
1358 1670 1443 1709 fore,
1459 1670 1521 1700 nisi
1537 1670 1574 1700 r.'

956 1723 972 1762 ς
999 1724 1038 1752 19
1063 1721 1126 1757 Qui
1152 1725 1194 1760 et,
1214 1721 1284 1761 ξω]
1306 1721 1441 1751 Saresb.
1475 1721 1484 1737 ‘
1499 1720 1565 1752 Qui
1581 1729 1609 1751 r.

912 1773 955 1803 D.
975 1777 1009 1803 et
1026 1782 1058 1812 p.
1076 1772 1106 1802 h.
1121 1781 1152 1802 c.
1178 1777 1310 1802 mutato
1335 1781 1360 1801 r.
1387 1770 1418 1802 h.
1439 1775 1610 1801 sarmenta

911 1833 941 1854 c.
957 1822 1003 1863 g.’

954 1873 1129 1913 Pannosus]
1158 1873 1275 1904 Sumta
1301 1876 1397 1904 veste
1421 1871 1612 1912 lignatoris,

913 1927 950 1954 ut
979 1924 1051 1954 vult
1075 1924 1228 1964 Polyaen.
1258 1922 1417 1963 pastoris,
1451 1926 1490 1952 ut
1519 1921 1610 1953 Vell.

913 1974 922 1990 ‘
936 1974 1149 2004 Famularem
1166 1976 1314 2004 vestem’
1329 1978 1428 2004 vocat
1444 1972 1515 2004 Cic.
1531 1981 1611 2013 quo·

911 2024 1011 2055 modo
1039 2029 1074 2055 et
1099 2024 1133 2054 in
1158 2023 1295 2054 Valerio
1320 2022 1456 2063 legend.
1493 2026 1612 2053 censet

911 2074 1007 2106 Mod.
1024 2074 1296 2115 prosumilz'arem.
1321 2074 1425 2104 Bern.

953 2124 1134 2164 Sarmenta]
1168 2124 1275 2157 Quasi
1297 2123 1513 2164 sarpimenta.
1536 2121 1611 2153 Liv.

912 2183 963 2206 Vl.
989 2177 1040 2205 10.
1073 2175 1082 2191 ‘
1102 2173 1261 2205 Fascibus
1289 2177 1539 2204 sarmentorum
1567 2181 1610 2202 cx

913 2233 994 2264 agro
1016 2223 1193 2254 collectis!
1226 2224 1327 2254 Varr.
1355 2232 1379 2253 1.
1407 2224 1448 2253 R.
1481 2223 1520 2253 R.
1555 2225 1609 2253 31.

912 2278 921 2292 ‘
937 2274 986 2305 Ut
1010 2274 1088 2305 vitis
1110 2273 1259 2304 firmiore
1279 2278 1452 2304 sarmento
1477 2282 1496 2303 e
1518 2277 1611 2303 terra

914 2325 1040 2357 exeat!
1075 2325 1146 2356 Cic.
1167 2333 1208 2354 11.
1233 2324 1274 2354 de
1300 2325 1345 2354 N.
1361 2324 1402 2354 D.
1428 2326 1481 2354 21.
1504 2323 1513 2340 ‘
1532 2323 1610 2353 Sar-

913 2380 1029 2406 menta
1065 2374 1206 2406 vitium!
1250 2374 1395 2414 Dionys.
1429 2382 1495 2403 vu.
1529 2372 1610 2404 Ant.

913 2428 1010 2458 Rom.
1036 2430 1087 2458 10.
1118 2425 1317 2465 Σφακέλλους
1343 2423 1504 2465 φρυγάνων
1526 2425 1610 2463 κομί-

913 2476 985 2516 ζων.
1042 2478 1088 2507 Et
1116 2477 1271 2516 Polyaen.
1308 2485 1333 2507 1.
1368 2476 1518 2515 Stratag.
1556 2477 1610 2507 24.

913 2529 1026 2566 Σχῆμα
1046 2527 1288 2566 φρυγανιστῆρος
1308 2525 1425 2561 λαβών.
1457 2525 1610 2565 Thucyd.

912 2587 972 2609 ΠΙ.
982 2588 1014 2618 p.
1025 2581 1097 2608 119.
1107 2576 1297 2616 Ἐξελθόντες
1307 2576 1355 2606 ἐπὶ
1362 2574 1553 2614 λαχανισμὸν
1560 2574 1610 2605 καὶ

912 2627 1073 2669 φρυγάνων
1084 2626 1250 2667 ξυλλογὴν.
1294 2628 1434 2658 Festus:
1458 2628 1466 2643 ‘
1485 2627 1610 2666 Sarpta

912 2679 1041 2717 vineta,
1065 2682 1197 2718 putata,
1222 2676 1312 2707 unde
1336 2680 1372 2706 et
1398 2675 1534 2715 virgulae
1555 2674 1611 2705 ab·

913 2729 1025 2760 scissae
1040 2727 1233 2759 sarmenta!
1256 2727 1347 2758 Hinc
1361 2730 1504 2767 apparet
1517 2734 1613 2756 error

913 2779 1111 2818 Becmanni,
1135 2779 1192 2819 qui
1220 2786 1398 2818 perperam
1429 2777 1437 2793 ‘
1462 2785 1611 2807 sarmen-

914 2828 1005 2860 tum'
1034 2829 1077 2859 ab
1107 2828 1116 2845 ‘
1140 2827 1282 2858 sarrire'
1318 2826 1467 2866 deducit,
1494 2826 1548 2856 cui
1574 2829 1610 2856 et

913 2880 921 2896 ‘
950 2880 1138 2911 sarmenta'
1164 2883 1240 2910 sunt
1271 2876 1460 2920 quisquiliae
1498 2877 1608 2917 scopis
