2174 3424
0 1858 1 1863 Α
0 1753 16 1835 ᾈᾉμη
14 1683 16 1693 a

0 2280 14 3424 ff.ffiN-—Q—QW=Qwstxv——v
8 2231 14 2263 2⁴.-
8 2188 13 2204 a
6 2024 15 2169 «au-⁶..

62 3015 69 3023 x

657 361 855 395 JUSTINI
891 361 984 391 mu.
1018 360 1089 391 ix.
1119 361 1224 391 cAP.
1254 351 1296 391 4.
1626 347 1711 388 763

262 462 330 502 leg.
347 458 517 501 fatigant.'

307 512 504 543 Communem
519 507 651 548 hos-tem]
686 506 838 548 Thucyd.
863 515 912 538 Vl.
927 509 960 538 6.

265 564 318 592 12.
337 565 373 592 et
389 563 441 591 13.
463 561 472 577 ‘
488 559 578 590 Belli
605 558 759 598 pericula
786 567 862 588 cum
879 556 961 587 vici-

264 611 317 642 nis
347 608 536 642 communia
565 607 661 639 nobis
693 611 792 639 sunt:
831 612 868 638 et
898 616 960 647 pro

261 664 358 692 certo
375 659 565 690 habendum
577 662 641 698 est,
650 658 678 689 si
693 668 754 689 nos
769 657 870 689 vicini
881 666 961 698 neg-

260 709 381 749 ligant,
397 708 583 749 extemplo,
600 713 779 749 postquam
802 717 863 738 nos
882 716 962 738 con-

261 758 530 800 flagraverimus,
552 758 594 789 ad
621 767 681 789 eos
705 758 740 788 id
765 756 962 788 incendium

260 808 510 851 trajectarum!
540 809 624 840 Tac.
641 808 709 848 Ag.
726 817 756 838 c.
768 811 821 838 29.
837 808 847 824 ‘
862 807 961 838 Com-

262 869 363 891 mune
392 859 582 900 periculum
611 857 795 890 concordia
824 857 961 898 propul-

262 907 431 940 sandum.’
453 909 552 939 Ber-n.
611 908 700 938 Saxo
718 916 796 939 xxv.
825 917 859 947 p.
885 909 960 939 263.

262 960 314 988 38.
339 958 348 974 ‘
363 957 542 988 Publicnm
557 955 714 987 ruborem
729 955 960 987 communibus

263 1007 364 1038 armis
380 1006 655 1038 summovendum
673 1004 895 1044 existimans!

312 1057 330 1097 ξ
347 1059 367 1087 8
389 1055 642 1096 Atheniensibus,
654 1055 722 1095 &ej
774 1056 862 1086 Saxo
881 1064 957 1087 ΧΠ.

262 1117 296 1148 p.
311 1110 386 1138 256.
405 1110 436 1138 l.
460 1107 470 1124 ‘
492 1106 726 1137 Waldemarus
749 1106 894 1137 Suenoni
923 1115 960 1136 se

256 1157 374 1198 jungit
387 1156 410 1188 :'
432 1160 468 1188 et
483 1166 517 1197 p.
535 1159 611 1188 277.
628 1159 681 1187 45.
705 1156 714 1173 ‘
726 1157 778 1187 Ex
793 1155 959 1186 Suenonis

261 1207 382 1238 militia
397 1207 587 1248 complures
602 1205 818 1237 Waldemaro
835 1216 870 1237 se
879 1206 960 1247 jun-

264 1257 372 1298 gunt!

307 1308 362 1347 §9
386 1307 502 1338 Praelio
526 1307 698 1347 commisso]
742 1306 799 1338 Ad
825 1307 961 1338 Chaero-

261 1367 375 1396 neam,
399 1368 465 1398 quo
489 1357 600 1388 victor
623 1358 804 1399 Philippus
824 1357 961 1396 κατέστη

260 1409 319 1445 τῆς
346 1407 498 1439 Ἑλλάδος
527 1407 636 1448 κύριος.
695 1409 827 1439 Praeter
856 1408 961 1439 Diod.

265 1466 344 1490 xvi.
361 1461 413 1490 87.
440 1463 475 1489 et
499 1459 591 1490 Plut.
618 1459 651 1489 in
675 1457 776 1490 Alex.
801 1468 831 1490 c.
846 1461 898 1489 14.
921 1468 961 1489 ac

262 1507 408 1539 Gemist.
426 1509 492 1540 vid.
507 1509 617 1540 Strab.
631 1518 683 1539 rx.
707 1509 811 1540 Pans.
838 1509 962 1540 Achai-

263 1558 312 1589 cis
335 1562 371 1589 et
387 1558 562 1590 Boeoticis.
600 1558 721 1589 AElian.
746 1558 786 1588 V.
804 1558 849 1589 H.
864 1567 914 1589 w.
932 1561 961 1589 1.

263 1609 422 1648 Bongars.
460 1609 536 1640 Hac
552 1608 650 1640 clade
667 1609 814 1650 cognita,
830 1608 960 1639 Isocra-

262 1664 315 1690 tes
333 1659 445 1690 inedia
461 1660 631 1700 quatridui
658 1669 694 1690 se
718 1660 792 1700 ipse
809 1659 959 1699 necavit,

264 1718 340 1740 cum
356 1708 508 1740 Athenas
525 1714 681 1750 quartum
695 1709 737 1740 ab
752 1710 848 1740 hoste
864 1719 962 1740 occu-

263 1763 362 1799 patas
400 1759 577 1799 adspicere
613 1769 648 1791 se
679 1769 777 1800 posse
807 1766 962 1801 negaret.

264 1808 361 1839 Plut.
378 1808 411 1839 in
427 1809 499 1840 Vit.
516 1808 621 1840 Rhet.
647 1809 747 1840 Bern.

306 1859 406 1889 Bellis
419 1859 566 1889 indurata
580 1858 713 1898 virtute]
737 1858 793 1890 Ita
820 1857 863 1889 de
887 1858 962 1889 ead.

264 1918 379 1949 pugna
403 1909 559 1940 Frontin.
585 1918 626 1942 11.
643 1912 672 1941 1.
688 1913 720 1940 9.
767 1909 897 1940 Noster
913 1919 962 1941 vr.

260 1964 293 1992 4.
308 1963 362 1992 13.
377 1965 412 1992 et
427 1970 493 1992 vn.
509 1964 541 1992 2.
557 1963 590 1992 6.
634 1962 724 1992 Flor.
742 1970 782 1992 11.
807 1964 837 1993 3.
855 1965 887 1992 5.
911 1962 962 1993 Id.

306 2011 324 2051 ξ
348 2013 388 2041 10
409 2011 559 2042 Adversis
573 2011 763 2051 vulneribus]
786 2011 869 2042 Sall.
883 2012 960 2043 Cat.

261 2063 313 2092 61.
328 2063 358 2091 3.
404 2061 531 2092 Lucan.
558 2070 608 2092 vr.
632 2064 705 2092 132.
747 2062 828 2094 Tac.
845 2062 892 2093 H.
906 2071 962 2094 111.

260 2114 312 2143 84.
328 2114 358 2143 7.
402 2111 463 2142 Sil.
476 2121 512 2142 v.
527 2114 601 2142 669.
627 2111 676 2144 Id.

306 2163 324 2202 ς
349 2164 386 2192 ll
412 2162 478 2192 Hic
490 2162 567 2201 dies,
577 2162 645 2201 &cd
676 2162 823 2203 Elegans
837 2163 891 2194 hic
908 2167 962 2195 est

260 2211 422 2252 loquendi
437 2211 568 2251 modus,
589 2222 654 2253 quo
682 2213 690 2229 ‘
706 2211 797 2244 dies’
823 2223 962 2254 usurpa-

262 2266 318 2294 tur
334 2272 394 2302 pro
410 2272 459 2301 re,
472 2272 546 2303 quae
562 2263 619 2293 illo
633 2262 687 2294 die
702 2262 796 2294 facta
810 2269 878 2295 est:
899 2273 962 2296 nec

264 2312 366 2343 aliter
381 2312 473 2353 loqui
489 2313 577 2343 solet
591 2313 660 2344 Cic.
675 2317 712 2344 ut
725 2323 748 2344 1.
762 2314 804 2344 ad
821 2314 895 2346 Att.
912 2317 962 2346 14.

258 2363 268 2379 ‘
284 2362 352 2394 Hie
368 2363 439 2394 dies
454 2373 507 2394 me
524 2363 622 2394 valde
639 2364 760 2395 Crasso
781 2364 961 2405 adjunxit!

261 2413 309 2444 Et
335 2421 372 2444 x.
401 2414 493 2444 Fam.
514 2416 568 2444 28.
591 2414 601 2430 ‘
616 2413 683 2444 Hic
710 2414 795 2454 dies,
819 2424 961 2455 meaque

261 2464 450 2503 contentio,
477 2468 580 2504 atque
597 2465 684 2495 actio
701 2474 795 2505 spem
816 2465 961 2505 primum

260 2514 387 2554 populo
415 2514 569 2544 Romano
594 2515 709 2546 attulit
727 2515 894 2547 libertatis
911 2526 959 2548 re-

263 2565 468 2605 cuperandae
481 2564 502 2596 :'
538 2570 574 2596 et
610 2566 689 2597 Tac.
724 2575 795 2598 xn.
832 2566 874 2598 A.
907 2570 960 2599 34.

261 2614 272 2631 ‘
285 2615 466 2645 Enimvero
495 2615 702 2646 Caractacus
726 2616 790 2647 huc
809 2616 888 2648 illuc
909 2627 961 2648 vo-

259 2662 375 2702 litans,
392 2664 485 2694 illum
501 2663 602 2703 diem,
613 2664 704 2696 illam
720 2666 839 2706 aciem,
856 2671 960 2698 testa-

265 2712 386 2744 batur.’
411 2714 512 2744 Gron.

307 2763 394 2794 CAP.
410 2772 460 2794 1v.
504 2764 522 2804 ξ
547 2766 562 2793 l
596 2763 805 2796 Dissimulata
831 2765 959 2806 loetz‘tia]

265 2811 346 2851 Leg.
361 2813 480 2843 AElian.
496 2813 538 2845 V.
555 2813 600 2844 H.
616 2823 697 2845 vm.
716 2817 766 2846 15.
800 2815 958 2854 Bougars.

263 2861 321 2892 Sic
334 2862 594 2902 Epaminondas,
621 2864 801 2896 Leuctrica
817 2866 959 2896 victoria

263 2912 406 2952 potitus,
422 2913 588 2953 postridie
604 2915 772 2954 processit
788 2916 958 2956 squalidus

1007 457 1043 486 et
1056 453 1191 485 humilis
1206 464 1215 493 3
1232 453 1320 495 quod
1333 452 1478 492 diceret,
1489 450 1656 492 castigare
1673 460 1711 481 se

1007 503 1269 535 immoderatum
1300 513 1341 534 ex
1368 503 1514 534 victoria
1541 502 1712 543 gaudium.

1008 554 1102 585 Plut.
1128 553 1265 594 Apoph.
1283 563 1312 584 c.
1330 556 1383 584 97.
1401 553 1456 593 qui
1481 563 1544 584 nec
1569 552 1713 583 dissimi-

1009 604 1055 635 lia
1083 603 1125 634 de
1146 603 1313 634 Annibale
1337 604 1370 633 in
1392 603 1474 634 Vita
1497 603 1655 633 Marcelli
1683 612 1712 633 c.

1009 656 1063 685 53.
1079 652 1199 684 refert.
1232 653 1399 693 Praecipit
1414 653 1500 683 hanc
1514 653 1715 684 moderatio-

1009 713 1087 734 nem
1098 702 1300 734 Onosander
1311 703 1460 742 Strateg.
1473 712 1550 742 cap.
1564 703 1623 734 ult.
1635 703 1710 733 Ber.

1052 752 1212 793 Denique]
1235 753 1295 783 Τοῦ
1315 753 1324 769 ‘
1338 751 1518 793 Denique'
1547 761 1626 782 usus
1645 762 1714 782 non

1009 803 1180 844 vulgaris:
1205 807 1245 834 ut
1277 802 1368 834 idem
1399 803 1443 833 sit
1470 802 1573 842 quod,
1603 802 1714 832 brevi-

1009 856 1074 884 ter.
1093 853 1174 884 Vid.
1190 853 1310 884 1nd.in
1323 853 1414 893 Nep.
1424 853 1516 883 Flor.
1527 852 1623 883 Curt.
1641 852 1713 883 Vor.

1054 904 1128 935 Non
1155 914 1282 935 coronas
1310 906 1363 934 aut
1401 905 1559 942 unguenta
1586 900 1713 940 sumsit]

1009 954 1067 985 Ita
1082 953 1236 985 disertim
1259 954 1386 985 habent
1410 954 1496 984 Mss.
1517 952 1636 991 nostri,
1651 952 1714 983 sic-

1010 1013 1075 1045 que
1091 1003 1231 1035 indubie
1248 1003 1450 1043 legendum:
1469 1002 1558 1043 quod
1574 1002 1662 1032 enim
1679 1001 1714 1032 in

1010 1053 1167 1094 quibusd.
1183 1058 1247 1093 est,
1270 1063 1330 1084 non
1354 1062 1497 1083 coronam
1511 1061 1598 1082 suam
1612 1055 1666 1082 ant
1681 1062 1714 1083 u.

1008 1113 1034 1134 s.
1051 1102 1142 1143 fugit
1156 1102 1234 1133 illos
1250 1103 1348 1141 ratio,
1371 1108 1491 1143 estque
1508 1112 1549 1133 ea
1563 1104 1714 1142 interpo-

1008 1153 1091 1184 latio
1120 1153 1200 1184 boni
1234 1153 1342 1193 patris
1376 1153 1530 1193 alicujus,
1561 1153 1619 1194 qui
1648 1153 1714 1184 boc

1009 1205 1118 1235 solnm
1147 1203 1299 1243 videbat,
1335 1203 1403 1234 dici
1439 1204 1514 1234 haec
1548 1203 1591 1234 de
1619 1213 1713 1244 rege.

1010 1255 1182 1286 Caeterum
1209 1264 1348 1286 coronas
1363 1264 1420 1285 eas
1437 1254 1534 1293 dicit,
1551 1264 1632 1296 quas
1648 1264 1715 1286 nou

1010 1310 1142 1336 tautum
1168 1305 1273 1345 capiti
1289 1305 1380 1336 inter
1394 1305 1473 1336 vina
1488 1306 1585 1336 Vett.
1607 1305 1714 1346 impo-

1009 1355 1149 1395 nebant,
1173 1355 1232 1386 sed
1254 1355 1415 1387 bibebant
1431 1355 1547 1395 etiam,
1563 1360 1602 1386 ut
1624 1356 1715 1387 locu-

1010 1405 1084 1446 ples
1113 1405 1212 1436 testiS
1243 1406 1323 1436 mihi
1349 1406 1493 1447 Plinius,
1515 1407 1610 1447 cujus
1634 1410 1715 1438 sunt

1009 1456 1084 1487 haec
1111 1465 1154 1486 ex
1184 1457 1229 1487 N.
1262 1456 1308 1487 H.
1339 1465 1420 1488 xm.
1448 1459 1479 1487 3.
1513 1457 1583 1488 ‘Et
1623 1457 1713 1497 apud

1012 1505 1154 1537 Graecos
1167 1505 1326 1546 quidem,’
1349 1507 1470 1547 inquit,
1499 1506 1508 1523 ‘
1523 1506 1565 1536 de
1581 1507 1713 1537 coronis

1010 1555 1171 1596 privatim
1193 1555 1361 1595 scripsere
1385 1556 1588 1587 Mnestheus
1610 1562 1714 1596 atque

1012 1605 1237 1636 Callimachus
1267 1605 1403 1645 medici,
1442 1616 1516 1647 quae
1551 1611 1714 1638 nocerent

1012 1655 1130 1696 capiti,
1159 1655 1315 1696 quoniam
1342 1661 1376 1687 et
1401 1656 1434 1686 in
1454 1656 1517 1687 hoc
1532 1661 1585 1687 est
1600 1656 1715 1697 aliqua

1012 1705 1215 1736 valetudinis
1238 1706 1366 1745 portio,
1389 1706 1422 1736 in
1438 1711 1522 1746 potu
1544 1711 1647 1748 atque
1665 1706 1714 1737 hi-

1012 1757 1152 1788 laritate
1180 1757 1354 1798 praecipue
1375 1757 1514 1788 odorum
1544 1758 1575 1788 vi
1603 1767 1714 1788 surre-

1011 1811 1116 1847 pente
1132 1805 1312 1847 fallaciter,
1331 1808 1497 1839 scelerata
1520 1809 1713 1849 Cleopatrae

1011 1856 1159 1888 solertia.
1199 1858 1356 1899 Namque
1371 1863 1538 1899 apparatu
1552 1859 1631 1890 belli
1645 1859 1714 1890 Ac-

1013 1908 1092 1940 tiaci
1123 1909 1405 1949 gratificationem
1441 1910 1546 1949 ipsius
1584 1910 1712 1950 reginae

1011 1957 1160 1989 Antonio
1176 1959 1330 1998 timente,
1346 1969 1410 1990 nec
1437 1959 1502 1990 nisi
1526 1964 1715 2000 praegnsta-

1012 2012 1065 2040 tos
1081 2009 1176 2041 cibos
1190 2014 1358 2050 sumente,
1372 2008 1483 2040 fertur
1499 2019 1623 2050 pavore
1641 2010 1713 2050 ejus

1011 2059 1142 2099 lusisse,
1168 2060 1329 2090 extremis
1349 2069 1482 2091 coronae
1498 2058 1638 2090 floribus
1657 2069 1713 2090 ve-

1011 2120 1098 2141 neno
1114 2110 1223 2150 illitis,
1253 2111 1394 2151 ipsaque
1421 2110 1527 2150 capiti
1541 2110 1712 2150 imposita,

1010 2171 1088 2192 mox
1117 2161 1329 2201 procedente
1360 2160 1532 2191 hilaritate
1553 2160 1713 2191 invitavit

1011 2211 1211 2249 Antonium,
1227 2216 1263 2242 ut
1279 2220 1419 2242 coronas
1435 2210 1601 2242 biberent.
1628 2211 1713 2244 Quis

1010 2261 1060 2292 ita
1076 2262 1214 2292 timeret
1229 2261 1393 2292 insidias?
1442 2261 1531 2301 Ergo
1547 2270 1711 2301 concerp-

1013 2316 1048 2343 ta
1063 2311 1094 2342 in
1116 2312 1278 2352 scyphum
1302 2311 1477 2351 incipienti
1501 2311 1636 2342 haurire
1653 2321 1712 2351 op-

1011 2362 1125 2403 posita
1140 2372 1253 2401 manu,
1270 2361 1320 2392 En
1336 2371 1398 2402 ego
1414 2371 1500 2401 sum,
1517 2362 1627 2402 inquit
1641 2361 1711 2400 illa,

1012 2422 1091 2444 care
1117 2411 1258 2451 Antoni,
1283 2422 1382 2453 quam
1408 2416 1445 2443 tu
1460 2422 1547 2443 nova
1562 2422 1712 2453 praegus-

1012 2463 1156 2494 tantium
1173 2462 1350 2502 diligentia
1367 2472 1488 2494 caves:
1513 2463 1598 2494 adeo
1619 2462 1710 2501 mihi,

1013 2513 1041 2544 si
1057 2512 1180 2553 possim
1197 2512 1269 2543 sine
1295 2517 1330 2543 te
1356 2513 1484 2551 vivere,
1502 2513 1636 2544 occasio
1653 2517 1711 2543 aut

1011 2563 1099 2594 ratio
1116 2562 1225 2594 deest.
1268 2563 1355 2593 Inde
1379 2563 1539 2594 eductum
1555 2563 1711 2594 custodia

1011 2615 1129 2646 bibere
1157 2614 1272 2655 jussit,
1302 2615 1393 2645 illico
1425 2624 1465 2645 eo
1495 2613 1712 2655 exspirante.²

1013 2666 1103 2696 Mod.

1058 2714 1210 2754 Coronas]
1246 2714 1447 2745 Convivales
1474 2714 1638 2754 intellige,
1666 2714 1708 2746 de

1011 2765 1133 2806 quibus
1161 2765 1238 2795 Car.
1254 2764 1408 2795 Paschal.
1426 2764 1546 2795 Coron.
1563 2773 1603 2795 11.
1621 2767 1651 2795 3.
1674 2769 1709 2796 et

1011 2815 1147 2855 passim.
1190 2814 1280 2845 Nam
1296 2813 1385 2855 quod
1400 2813 1434 2843 in
1450 2814 1536 2844 Mss.
1553 2814 1708 2855 quibusd.

1011 2868 1121 2902 extat,
1147 2874 1289 2895 coronam
1315 2873 1413 2903 suum,
1439 2863 1526 2894 haud
1555 2864 1657 2895 dubie
1689 2876 1708 2896 a

1009 2924 1110 2946 manu
1138 2913 1390 2955 interpolatoris
1416 2918 1480 2953 est,
1509 2915 1563 2955 qni
1584 2917 1707 2949 veteris
