2101 3419
537 353 730 384 Jus‘rffil
765 354 857 385 ΜΒ.
889 355 1053 385 xxvu.
1087 357 1192 386 CAP.
1220 347 1262 387 3.

192 446 372 478 Berneccer.
418 446 509 487 Lego
538 445 697 485 naufragi,
721 446 742 477 i.
773 456 802 477 e.
827 447 884 488 qui

190 495 400 535 naufragium
414 505 530 536 passus
542 494 663 526 fuerat.
677 495 789 527 Faber.
817 496 885 526 Pu-

190 548 227 575 to
237 545 326 577 Just.
339 545 487 584 naufragi
498 545 686 585 scripsisse.
711 545 800 576 Nam
813 546 885 576 vul-

190 599 306 634 gatum
319 594 433 625 durius
450 598 512 625 est.
535 594 639 632 Schef.

233 645 251 685 ξ
273 648 293 676 4
326 645 463 675 Damnis
486 644 597 684 ditior]
642 644 699 676 Ita
731 644 884 676 ‘Marius

191 694 291 725 clade
317 693 456 735 major?
488 695 577 726 Flor.
598 703 654 725 ιιι.
675 697 726 725 21.
755 697 806 726 16.
830 696 884 725 De

190 743 393 775 Mithridate
408 743 531 775 similia
546 744 674 775 Noster
690 753 836 776 xxxvu.
855 748 884 776 1.

192 795 222 824 8.
247 794 346 824 Bern.

233 845 250 884 ξ
273 848 292 874 5
318 844 429 883 Quasi,
448 845 515 885 isin]
549 845 636 876 Saxo
659 854 793 885 X111.p.
809 848 882 876 247.

192 896 224 925 1.
245 895 254 911 ‘
267 894 442 936 Tanquam
461 895 502 925 ad
518 896 541 926 l.
555 894 578 926 f.
595 895 811 926 reservatus!

236 944 436 984 comitatior]
456 945 509 976 Id.
526 954 594 975 vn.
611 955 644 985 p.
660 948 732 976 143.
747 949 776 976 5.
788 946 797 962 ‘
809 946 884 978 Quo

129 995 132 999 '
191 993 315 1026 inferos
338 1003 368 1024 c.
395 995 552 1034 peteret!
579 1003 654 1025 xw.
681 1005 714 1034 p.
739 997 812 1026 314.
834 998 885 1026 39.

190 1045 200 1061 ‘
214 1044 297 1075 Cum
322 1044 480 1083 Erlingus
507 1053 573 1074 uno
593 1053 623 1074 c.
639 1042 824 1075 affuisset?
849 1048 884 1074 et

191 1093 294 1134 paulo
310 1098 405 1134 post:
430 1095 438 1110 ‘
454 1093 618 1124 Condicto
634 1092 674 1124 c.'

234 1145 251 1184 ξ
274 1147 295 1174 6
318 1144 406 1175 Inter
408 1144 492 1184 fines
507 1143 601 1174 Tauri
612 1143 738 1182 montis]
759 1142 886 1174 Omnes

191 1197 298 1236 Bong.
315 1197 398 1228 Mss.
410 1196 648 1237 habeutfinem,
661 1205 771 1236 neque
785 1196 884 1227 video

192 1256 294 1287 quare
310 1246 457 1277 debebat
476 1246 657 1286 repudiari,
672 1255 746 1276 cum
764 1246 805 1277 de
820 1256 885 1276 uno

190 1296 300 1327 Tauro
328 1300 442 1327 monte
474 1296 529 1327 hic
567 1296 611 1326 sit
639 1306 759 1327 sermo.
804 1298 884 1328 Tac.

194 1355 271 1378 xvx.
285 1350 336 1377 15.
350 1347 359 1363 ‘
372 1346 529 1377 Ostorius
544 1347 733 1388 longinquis
748 1348 781 1378 in
798 1349 886 1387 agris

193 1395 283 1436 apud
292 1395 390 1426 finem
402 1395 560 1436 Ligurum
573 1396 607 1426 id
621 1397 781 1436 temporis
793 1397 888 1428 erat.’

194 1445 284 1476 Add.
303 1445 390 1476 Livii
405 1445 480 1476 loca
496 1455 515 1475 a
531 1446 693 1477 Rhenano
710 1446 755 1476 ibi
772 1447 888 1477 lauda-

196 1499 244 1527 ta.
267 1495 369 1533 Schef.

238 1548 254 1587 ξ
279 1549 298 1577 8
326 1546 496 1586 Accipio-is
511 1546 576 1577 ritu
591 1547 623 1577 in
638 1546 746 1577 alienis
760 1547 889 1587 eripien-

195 1596 244 1627 dis
259 1597 366 1634 vitam,
388 1596 455 1636 ism]
493 1596 668 1636 Corruptae
686 1607 786 1627 voces
804 1598 889 1627 inte-

197 1655 257 1686 gro
274 1655 384 1676 sensu.
430 1645 520 1677 Quid
546 1650 598 1676 est
621 1646 708 1675 enim
733 1646 890 1685 accipitris

195 1697 262 1726 ritu
278 1696 309 1726 in
325 1695 434 1726 alienis
451 1695 614 1735 eripiendis
636 1695 733 1725 vitam
753 1693 889 1728 secturi?

195 1746 258 1776 nisi
272 1746 334 1776 hoc
352 1754 423 1786 pro,
439 1750 641 1783 sustentare,
658 1746 815 1786 tolerare,
832 1755 888 1784 po-

196 1797 297 1828 situm
311 1797 364 1828 sit.
407 1797 444 1828 F.
469 1797 537 1837 legi
563 1802 676 1837 posset
698 1798 793 1829 ritum
816 1799 889 1829 alie-

194 1848 244 1878 nis
266 1848 343 1887 erip.
375 1847 499 1887 sectari,
522 1851 559 1878 ut
581 1848 677 1878 vitam
701 1849 888 1881 omittatur.

197 1897 340 1929 Freinsh.
382 1897 553 1937 Accipitris
585 1898 650 1928 ritu
683 1897 821 1939 dictum,
851 1904 889 1930 ut

193 1947 203 1964 ‘
218 1947 383 1986 pecudum
400 1947 486 1978 ritu'
503 1948 628 1988 abipso
641 1948 711 1980 Cic.
726 1950 757 1980 in
773 1951 888 1983 Laelio.

196 1997 235 2027 In
252 1997 362 2028 alienis
377 1997 541 2037 eripiendis
564 1997 689 2029 dictum
711 2000 810 2039 plene
828 2010 888 2040 pro

195 2056 235 2078 eo
249 2048 337 2089 quod
360 2048 528 2088 usitatius,
552 2049 668 2080 alienis
688 2051 888 2091 eripiendis,

195 2104 230 2130 et
245 2099 308 2130 hoc
323 2108 422 2139 porro
436 2108 509 2139 pro,
522 2099 631 2130 aliena
643 2101 838 2141 eripiendo:
853 2108 889 2134 ut

196 2148 371 2189 ‘legendis
395 2148 534 2179 nostris'
557 2159 576 2179 a
598 2150 669 2182 Cic.
687 2161 711 2182 1.
729 2150 798 2182 Off.
816 2163 890 2193 pro,

193 2198 338 2238 legendo
368 2202 495 2229 nostra.
534 2199 642 2231 Porro
664 2201 760 2231 vitam
775 2203 890 2233 sectari

195 2247 347 2279 Gronov.
375 2257 448 2279 esse
465 2253 564 2288 putat
586 2259 658 2290 pro,
673 2250 801 2282 victum
818 2261 889 2283 sec-

197 2299 281 2329 tari:
306 2298 470 2339 quomodo
500 2299 627 2330 Ennius
655 2300 759 2337 dicat,
775 2301 890 2332 ‘Nau-

197 2349 306 2390 tisque
332 2349 416 2380 mari
438 2351 668 2391 quaerenthus
695 2351 795 2382 vitam
811 2352 830 2390 ;'
856 2358 891 2384 et

198 2399 341 2430 Plautus
369 2399 482 2430 Sticho
504 2400 545 2430 de
568 2401 713 2431 mustela
730 2411 805 2441 quae
820 2411 890 2432 mu-

199 2459 268 2481 rem
284 2451 389 2490 cepit,
412 2451 420 2468 ‘
440 2450 487 2482 Ut
502 2451 559 2481 illa
576 2451 679 2482 vitam
702 2452 799 2482 hodie
816 2462 891 2492 rep-

198 2501 288 2541 perit
303 2500 389 2533 sibi?
431 2501 476 2533 Et
502 2501 660 2541 imposita
688 2502 764 2532 voci
790 2502 891 2542 signi-

199 2550 313 2582 ficatio
349 2553 503 2592 exemplo
541 2551 674 2583 Graecae
708 2552 784 2591 βίος,
818 2563 891 2593 quae

199 2605 390 2642 utrumque,
405 2605 440 2632 et
456 2601 572 2641 vitam,
588 2606 623 2632 et
636 2602 774 2641 victum,
790 2602 891 2643 signi-

201 2649 292 2681 ficat.
336 2650 414 2681 Vid.
439 2651 560 2682 librum
586 2650 628 2681 de
650 2652 732 2683 Pec.
754 2653 833 2683 Vet.
856 2663 891 2693 p.

200 2702 276 2731 230.
305 2700 457 2731 Freinsh.
493 2701 605 2731 sectari
640 2702 737 2732 vitam
763 2702 891 2733 dictum

202 2753 302 2788 putat
318 2759 392 2790 pro,
407 2751 551 2781 tolerare
566 2752 692 2790 vitam3
716 2758 818 2793 atque
843 2753 892 2783 ita

202 2800 375 2839 vulgarem
405 2801 685 2841 significationem
712 2805 804 2835 vocis
839 2804 892 2835 hic

204 2851 338 2883 retinet.
380 2852 445 2883 Sed
463 2861 516 2884 xl.
534 2857 584 2885 15.
610 2858 721 2884 tamen
738 2855 834 2885 vitam
850 2855 892 2886 de

204 2900 294 2931 victu
317 2901 388 2942 ipse
411 2912 542 2944 quoque
566 2904 716 2936 Freinsh.
744 2904 891 2946 accipit3

1545 348 1629 391 9:39

934 452 971 478 ut
1001 458 1043 479 ex
1069 449 1186 481 Indice
1219 454 1371 490 apparet.
1412 450 1514 483 Vorst.
1559 451 1629 483 Alii

933 499 1032 529 aliter
1048 499 1090 530 de
1102 500 1135 530 h.
1148 500 1347 540 l.judicant.
1393 502 1477 532 Mihi
1493 502 1630 533 videtur

934 547 1017 579 illud
1043 551 1108 579 ritu
1133 550 1326 589 glossatoris
1353 560 1438 591 esse,
1463 555 1578 582 natum
1602 551 1627 584 f.

935 607 977 628 ex
994 607 1064 639 seq.
1091 599 1200 638 vitam,
1224 600 1311 640 quod
1327 604 1487 642 tanquam
1503 602 1630 641 longius

935 647 1062 678 distans
1079 649 1198 689 aliquis
1214 649 1268 679 hic
1286 650 1527 690 adscripscrat.
1561 651 1631 682 Sec-

934 698 998 727 tari
1026 698 1123 728 vitam
1153 698 1283 729 hominis
1309 700 1363 730 vel
1390 700 1519 731 liieracis
1547 705 1629 740 puto

935 746 1111 786 eleganter
1127 747 1194 778 dici
1212 757 1284 787 pro,
1308 748 1365 778 tali
1389 750 1487 780 modo
1505 750 1630 782 vivere.

935 796 1110 829 Quomodo
1128 807 1180 837 ap.
1203 798 1368 828 Pacatum
1382 798 1544 829 habemus
1560 809 1630 831 sec-

935 850 1004 877 tam
1035 847 1112 877 vitae
1144 847 1319 887 principis,
1349 858 1424 888 cap.
1455 852 1507 880 12.
1529 849 1630 887 ‘Seth

935 896 990 936 qui
1005 896 1084 927 vitae
1104 901 1170 928 tuae
1189 902 1314 928 sectam
1329 900 1538 940 cognoverit,
1551 899 1629 930 fidei

934 946 1172 978 incunctanter
1189 947 1353 979 accedat.'
1377 948 1480 986 Schef.
1680 971 1682 973 -

977 997 994 1036 ξ
1017 1000 1038 1026 9
1060 997 1183 1027 Interea
1205 997 1401 1037 Ptolemoeus]
1437 998 1544 1030 Codd.
1559 1004 1630 1039 qui-

935 1046 1013 1077 dam
1040 1047 1122 1085 MsS.
1147 1051 1238 1078 teste
1268 1047 1376 1087 Bong.
1397 1047 1549 1078 additum
1574 1050 1630 1080 ha-

935 1096 1019 1127 bent
1048 1098 1239 1136 Euergetes:
1265 1097 1365 1138 idque
1391 1102 1484 1128 recte
1498 1098 1630 1138 judicio

936 1146 1166 1178 Gronovii1v.
1185 1147 1267 1178 Obs.
1287 1150 1336 1178 10.
1354 1147 1388 1178 id
1405 1148 1492 1178 enim
1510 1149 1630 1180 seriem

936 1198 1074 1238 AEgypti
1099 1198 1275 1239 Syriaeque
1300 1208 1416 1239 regum
1444 1204 1479 1230 et
1503 1204 1631 1240 tempo-

936 1257 1008 1278 rum
1024 1247 1264 1278 demonstrare.
1299 1249 1369 1279 Vor.

980 1298 1030 1328 Ne
1065 1307 1132 1328 cum
1155 1297 1270 1329 duobus
1298 1307 1357 1328 uno
1381 1301 1527 1339 tempore,
1561 1300 1630 1340 [jc]

936 1347 1016 1379 vid.
1029 1347 1153 1378 Notam
1171 1347 1211 1378 ad
1230 1357 1277 1379 vl.
1294 1351 1323 1378 l.
1340 1351 1369 1379 2.
1393 1349 1489 1379 Bern.

981 1398 998 1437 ξ
1022 1400 1061 1427 10
1085 1398 1305 1437 Interpellatur
1318 1397 1466 1437 afr-utre]
1482 1399 1567 1428 Belli
1582 1399 1631 1430 in-

937 1451 991 1478 ter
1016 1447 1194 1477 Seleucum
1222 1447 1418 1478 Callinicum
1451 1452 1486 1478 et
1513 1448 1632 1480 Antio-

937 1496 1036 1526 chum
1054 1496 1233 1527 Hieracem
1260 1496 1411 1527 meminit
1427 1497 1538 1529 Strab.
1556 1507 1631 1530 ΧΠ.

939 1546 1044 1584 Bong.

982 1596 999 1635 ᾧ
1024 1598 1060 1625 11
1087 1595 1125 1625 In
1140 1596 1237 1635 ipsum
1252 1595 1447 1636 Antiochum,
1461 1598 1527 1638 ξω]
1545 1599 1631 1630 Cato

941 1654 992 1675 ιν.
1021 1644 1118 1685 Orig.
1141 1645 1266 1676 citante
1283 1645 1393 1685 Agell.
1413 1656 1448 1678 v.
1464 1650 1515 1679 21.
1539 1649 1548 1665 ‘
1565 1648 1632 1678 Mi-

940 1696 1015 1726 lites
1032 1696 1232 1726 mercenarii
1255 1697 1459 1736 compluries
1478 1698 1510 1728 in
1527 1698 1632 1738 impe-

939 1751 1083 1776 ratorem
1107 1746 1269 1786 impetum
1291 1745 1405 1778 fecere
1421 1747 1442 1784 :ff
1467 1752 1567 1788 atque
1584 1749 1632 1779 ita

939 1796 1080 1836 factum,
1105 1797 1194 1837 quod
1218 1807 1236 1827 e
1261 1798 1381 1837 Vespis
1397 1797 1633 1839 Aristophanis

939 1846 1028 1877 inter
1044 1846 1226 1886 proverbia
1247 1845 1406 1886 refertur,
1427 1846 1633 1886 Ἐξηπάτησεν

939 1895 958 1933 ἡ
987 1895 1085 1936 χάραξ
1106 1896 1163 1932 τὴν
1186 1895 1338 1934 ἅμπελον;
1363 1898 1371 1914 ‘
1385 1898 1632 1930 Pedamentum

941 1947 1042 1978 vitem
1059 1947 1219 1988 decepit.’
1265 1949 1359 1980 Bene
1375 1950 1447 1981 Liv.
1470 1959 1560 1981 xxv.
1579 1954 1631 1982 33.

939 2000 969 2027 5.
993 1998 1001 2013 ‘
1020 2006 1084 2027 non
1100 1997 1146 2028 ita
1162 1997 1367 2028 credendum
1387 2000 1537 2030 externis
1554 2010 1633 2030 aux·

939 2047 1022 2077 iliis’
1040 2051 1167 2087 monet,
1187 2047 1196 2063 ‘
1214 2052 1251 2077 ut
1266 2057 1332 2078 non
1351 2049 1424 2088 plus
1441 2049 1489 2079 tui
1506 2049 1633 2081 roboris

939 2100 1139 2137 tuarumque
1164 2097 1301 2137 proprie
1327 2098 1445 2129 virium
1464 2099 1497 2129 in
1513 2101 1634 2131 castris

938 2146 1086 2180 habeas!
1132 2146 1231 2179 Quod
1259 2147 1367 2187 ipsum
1395 2148 1544 2180 inculcat
1570 2150 1635 2180 Ve-

939 2202 1007 2237 get.
1022 2206 1078 2228 111.
1097 2200 1126 2228 1.
1151 2196 1208 2227 fin.
1226 2197 1312 2237 Imp.
1333 2197 1403 2229 Leo
1419 2199 1549 2230 Tactic.
1568 2209 1632 2232 xx.

939 2249 992 2277 62.
1038 2247 1092 2277 De
1108 2246 1215 2277 Gallis
1232 2247 1451 2279 auxiliaribus
1472 2258 1548 2279 cum
1565 2248 1632 2279 An-

939 2298 1050 2328 nibale
1084 2298 1365 2338 conspirantibus,
1393 2303 1429 2330 et
1465 2300 1633 2331 Romanos

940 2347 1174 2387 prodentibus,
1198 2348 1264 2379 vid.
1286 2348 1408 2389 Polyb.
1436 2358 1493 2380 111.
1522 2352 1574 2380 66.
1600 2355 1635 2380 et

940 2400 991 2428 67.
1036 2396 1125 2427 Add.
1152 2397 1225 2428 Liv.
1252 2406 1344 2429 xnn.
1361 2401 1414 2429 31.
1431 2401 1462 2429 8.
1481 2404 1516 2430 et
1534 2409 1633 2430 xmv.

940 2449 992 2476 26.
1008 2449 1059 2478 13.
1095 2447 1212 2478 Nostr.
1228 2456 1275 2478 1v.
1287 2450 1317 2479 3.
1331 2451 1363 2478 5.
1378 2448 1494 2489 ibique
1509 2454 1634 2481 uotam.

941 2496 1038 2527 Bern.

985 2547 1072 2578 CAP.
1097 2556 1153 2578 111.
1193 2547 1210 2587 ς
1245 2549 1262 2577 1
1283 2547 1407 2578 Interea
1435 2558 1492 2578 rex
1520 2548 1633 2589 Bithy-

940 2596 1002 2627 nioe
1018 2596 1183 2635 Eumenes]
1212 2596 1347 2636 Regum
1371 2597 1541 2637 Bithyniae
1572 2600 1634 2629 ori-

941 2649 1052 2688 ginem
1068 2653 1104 2679 et
1118 2648 1364 2679 successionem
1379 2649 1446 2689 leg.
1459 2650 1634 2681 Strabonis

941 2698 999 2729 lib.
1015 2707 1099 2729 xu1.
1126 2699 1283 2737 Bongars.
1330 2698 1633 2732 Gronov.utxvn.

941 2752 972 2780 2.
989 2752 1041 2779 10.
1056 2758 1117 2789 pro
1134 2748 1268 2779 Eumeni
1278 2748 1411 2788 legend.
1423 2754 1521 2789 putat
1538 2751 1634 2781 Nico-

941 2799 1034 2838 medi,
1047 2799 1094 2829 ita
1109 2798 1214 2829 ethic
1230 2802 1317 2829 teste
1343 2798 1458 2830 Graev.
1482 2809 1544 2840 pro
1568 2802 1634 2832 Eu-

939 2859 1039 2880 menes
1069 2848 1279 2889 supponend.
1306 2849 1486 2880 Nicomedes
1521 2851 1634 2882 existi-

942 2904 1023 2932 mat.
1066 2899 1139 2939 Ego
1152 2903 1277 2939 tamen,
1289 2898 1315 2930 si
1327 2898 1405 2940 quid
1421 2905 1567 2933 erratum
1579 2902 1631 2934 hic
