2101 3419
550 351 747 383 JUS'rlNl
782 351 875 380 LIB.
908 350 1114 381 XXXVII.
1148 351 1254 381 GAP.
1285 341 1325 381 4.

204 446 291 477 bene
311 455 388 477 curn
409 455 448 477 eo
470 445 557 487 quod
575 446 740 487 sequitur,
753 447 835 477 ‘nec
849 446 898 476 in-

203 500 257 526 ter
271 495 423 528 sodales!
447 496 532 526 Erat
555 495 644 526 enim
660 495 670 512 ‘
682 495 899 536 sodalitium,'

203 546 291 587 quod
317 546 431 578 Graeci
468 545 612 587 ἑταιρείαν
648 545 778 585 dicunt,
808 549 897 577 teste

204 596 291 628 Gaio
306 596 396 628 JCto
410 597 449 628 L.
467 597 528 628 ult.
545 596 625 636 Dig.
649 596 691 627 de
715 596 843 635 colleg.
860 600 896 627 et

203 646 305 687 Corp.
333 646 561 678 Tertullianus
581 654 622 677 11.
639 645 681 676 ad
697 645 846 676 Uxorem
863 648 896 676 6.

201 694 211 710 ‘
224 695 424 726 Diseumbet
439 704 512 727 cum
527 696 649 726 marito
671 695 706 725 in
721 695 898 736 sodalitiis,

203 754 293 785 saepe
309 745 342 775 in
354 744 511 785 popinis.'
555 745 625 776 Cic.
641 744 683 775 de
697 744 831 776 Senect.
844 747 896 784 13,

200 795 441 828 ‘sodalitates'
472 796 646 836 appellat:
683 804 782 836 quem
807 795 897 836 vide,

201 857 276 879 cum
289 847 347 887 ibi,
361 851 429 879 tum
443 857 504 888 pro
518 847 636 878 Plane.
649 849 702 878 15.
718 845 895 886 ubilegem

202 899 369 940 quandam
397 898 560 929 Liciniam
584 897 626 929 de
651 897 702 929 his
726 897 827 928 latam
844 905 895 927 re·

200 948 283 981 fert.
306 949 394 981 Mod.

246 998 434 1039 Cooequales]
469 998 620 1030 Latinius
650 997 745 1030 Junt.
774 1000 811 1028 et
841 996 896 1027 alii

200 1049 298 1089 impr.
315 1049 455 1089 oeqnales.
498 1048 656 1089 AEquales
676 1048 767 1079 enim
781 1047 896 1078 melio-

200 1098 246 1129 ris
271 1099 382 1129 aetatis
413 1098 636 1139 scriptoribus
666 1102 757 1138 sunt,
786 1097 895 1138 ejusd.

202 1149 314 1179 aetatis
339 1149 499 1189 homines,
522 1158 590 1180 non
616 1148 791 1189 cooequales,
806 1147 896 1188 quod

200 1203 318 1238 postea
339 1199 499 1237 inolevit;
515 1203 552 1230 ut
569 1203 604 1230 et
619 1200 628 1216 ‘
641 1197 810 1230 concivis'
826 1207 899 1238 pro,

201 1248 306 1288 civis;
323 1248 332 1264 ‘
345 1249 561 1280 contribulis’
577 1258 649 1290 pro,
661 1248 805 1280 tribulis.
820 1247 899 1279 Vid.

202 1298 230 1328 si
255 1299 343 1330 tanti
366 1303 433 1338 est,
458 1309 533 1340 quae
561 1299 674 1330 notavi
698 1298 740 1329 ad
763 1298 898 1329 Luciani

202 1347 373 1379 Soloecist.
400 1349 508 1380 Groev.

247 1398 437 1438 Coaequales]
461 1398 560 1430 Hanc
580 1407 697 1429 vocem
712 1407 779 1429 non
794 1397 897 1429 ausim

202 1447 466 1488 reprehendere,
494 1457 567 1478 cum
592 1448 664 1488 jam
692 1452 792 1478 antea
818 1457 896 1478 usus

199 1499 261 1530 illa
286 1498 390 1530 fuerit
414 1499 581 1538 Justinus,
605 1499 661 1529 ubi
685 1498 727 1529 de
748 1497 898 1529 Hierone

201 1550 275 1581 haec
305 1549 413 1581 dicit:
451 1549 609 1588 ‘Eidem,
634 1549 667 1579 in
701 1548 779 1578 ludo
810 1548 899 1578 inter

202 1600 391 1640 coaequales
407 1599 564 1638 discenti,
580 1599 678 1638 lupus
697 1597 897 1628 tabulam...

202 1648 348 1689 eripuit.'
404 1648 494 1680 Add.
528 1648 766 1679 auctoritatem
798 1647 897 1678 Colu-

202 1700 326 1739 mellae,
339 1699 446 1740 quiex
457 1698 590 1739 optimis
601 1697 819 1737 scriptoribus
833 1701 897 1728 est.

202 1750 238 1781 Is
268 1749 311 1780 de
338 1749 431 1789 pullo
455 1748 608 1779 anserino
628 1756 731 1787 agens
756 1747 803 1777 sic
828 1747 895 1778 ait:

201 1801 210 1817 ⁶
224 1800 292 1831 Ubi
309 1809 344 1830 se
362 1799 530 1839 paululum
541 1797 762 1837 confirmavit,
774 1797 806 1827 in
824 1806 896 1837 gre-

203 1859 278 1890 gem
293 1850 511 1890 coaequalium
526 1849 762 1890 compellitur.⁷
796 1849 895 1881 Quod

201 1899 234 1930 in
256 1899 313 1930 lib.
328 1898 370 1930 de
390 1899 491 1930 Vitiis
518 1899 685 1930 Sermonis
703 1899 895 1930 meminisse

202 1951 339 1989 poterat
369 1948 507 1979 doctiss.
534 1948 590 1979 ille
624 1948 767 1980 Gerard.
797 1949 894 1980 Voss.

203 1998 316 2030 Faber.
360 1999 504 2038 AEquales
519 1999 660 2031 Bcchar.
681 1998 765 2039 Maj.
781 2004 815 2030 et
832 1999 895 2038 ipsi

201 2047 297 2079 Junt.
314 2047 462 2079 edidere.
505 2048 614 2087 Bong.
642 2052 754 2079 tamen
778 2048 897 2079 maluit

201 2098 376 2138 coaequales.
420 2096 485 2127 Sed
525 2097 669 2128 alterum
707 2097 895 2138 elegantius

201 2151 265 2178 est.
312 2147 439 2178 Contra
455 2155 505 2178 lx.
520 2149 552 2178 6.
565 2150 595 2178 6.
608 2147 665 2178 ubi
678 2148 785 2187 Bong.
796 2157 898 2187 oequa-

200 2197 246 2227 les
273 2196 393 2236 edidit,
425 2197 630 2237 antiquiores
661 2196 738 2228 edd.
767 2197 896 2228 habent

200 2247 373 2286 cooequales.
409 2246 525 2276 Vorst.
567 2246 656 2276 Sane
682 2255 748 2276 non
773 2246 896 2277 damno

200 2296 234 2326 h.
264 2304 393 2326 vocem.
435 2295 563 2324 Verum
596 2299 711 2324 tamen
741 2299 795 2325 est
822 2304 895 2325 eam

196 2345 267 2385 jam
296 2353 370 2375 esse
391 2343 585 2374 Inclinantis
606 2344 811 2383 Latinitatis,
833 2345 895 2374 Te-

203 2393 324 2433 rentio,
337 2392 457 2431 Tullio,
480 2396 516 2422 et
535 2392 687 2422 omnibus
710 2392 800 2423 illius
816 2396 896 2423 aeta·

202 2442 247 2473 tis
278 2440 499 2481 scriptoribus
535 2441 698 2481 ignotam,
734 2451 788 2481 ap.
816 2451 897 2482 qnos

204 2500 338 2531 semper
352 2490 481 2531 aequales
491 2491 635 2530 legitur3
650 2490 752 2531 quod,
767 2501 842 2522 cum
863 2492 897 2522 in

203 2540 332 2581 optima
343 2541 531 2580 reperiatur
546 2541 708 2582 editione,
722 2550 787 2573 non
800 2540 898 2572 video

205 2600 267 2622 cur
279 2590 376 2631 rejici
393 2590 524 2622 debeat.
551 2592 658 2621 Groev.

248 2642 266 2681 ξ
288 2643 308 2672 2
333 2640 521 2676 Quotidiana
529 2640 762 2680 exercitatione]
772 2641 897 2680 Veget.

204 2699 245 2721 11.
276 2693 307 2722 1.
339 2691 539 2721 ‘Exercitus
569 2700 611 2721 ex
641 2700 678 2721 re
701 2691 773 2730 ipsa
794 2695 896 2731 atque

205 2750 310 2782 opere
339 2741 491 2773 exercitii
525 2750 645 2774 nomen
682 2741 827 2784 accepit,
858 2745 897 2772 ut

290 2950 403 2992 Delplc,
420 2954 448 2983 et
472 2951 546 2984 Var.
564 2952 647 2984 Clas.

861 2953 886 2983 J
888 2952 933 2983 ml
939 2949 982 2985 in.

1563 337 1647 380 993

951 446 981 477 ei
1009 455 1175 486 nunquam
1208 445 1330 477 liceret
1370 443 1521 475 oblivisci
1558 444 1647 485 quod

951 495 1115 527 vocatur.’
1141 496 1240 527 Ber-n.

992 547 1009 586 ξ
1033 549 1050 576 5
1070 546 1112 576 Se
1127 547 1203 586 quod
1216 545 1259 585 ei]
1276 545 1341 577 Ms.
1351 554 1384 576 se
1397 554 1509 585 quoque
1523 553 1591 575 cum
1606 544 1646 575 ei.

949 595 1110 626 Glareani
1123 595 1230 626 editio
1243 605 1275 626 se
1283 605 1349 635 quae
1357 595 1396 626 ei.
1417 595 1648 635 Scrib.sequod

949 655 1015 685 quae
1029 645 1069 675 ei.
1110 644 1373 685 Adstipulantnr
1387 644 1514 677 Juntoe.
1541 644 1648 675 Groev.

950 695 1128 726 Assentior
1163 695 1314 726 Graevio.
1346 694 1458 725 Faber.
1505 693 1648 734 Optime

950 745 1105 778 Juntina.
1144 745 1323 785 Bongarsii
1336 749 1372 775 et
1388 745 1555 775 Bernecc.
1568 743 1648 774 edd.

950 806 1038 836 quoe,·
1064 800 1098 826 at
1112 795 1270 827 Becharii
1283 795 1425 835 aliaeque
1442 793 1650 835 antiquiores

949 846 1028 879 edd.
1056 847 1134 887 quod
1164 845 1339 877 omittunt.
1393 845 1461 876 Sed
1492 848 1650 874 neutrum

950 895 1067 927 abesse
1097 899 1224 937 potest,
1250 899 1288 926 ut
1314 894 1416 926 facile
1435 893 1649 933 intelligitur.

953 947 1057 979 Vorst.
1104 948 1194 983 Quod
1208 956 1276 987 quae
1291 946 1320 977 ei
1346 946 1380 977 in
1404 950 1537 977 textum
1553 953 1649 976 rece-

950 996 1003 1038 pit
1017 997 1133 1028 Vorst.
1156 995 1262 1034 Schef.
1282 997 1290 1004 ‘

993 1049 1010 1089 ᾧ
1034 1050 1053 1079 7
1077 1046 1245 1086 Potnerat]
1274 1045 1394 1077 Scribo
1408 1048 1542 1086 poterat.
1565 1044 1647 1076 Fab.

992 1098 1009 1138 ᾧ
1034 1101 1053 1128 8
1077 1098 1203 1128 Mutato
1214 1095 1349 1136 nomine]
1371 1096 1448 1126 Hoc
1464 1105 1530 1126 non
1542 1095 1649 1127 Justi-

951 1147 997 1187 ni,
1018 1146 1076 1179 sed
1093 1146 1288 1188 glossatoris
1304 1155 1378 1176 esse
1394 1144 1539 1176 videtur.
1585 1145 1650 1175 Est

951 1198 1039 1229 enim
1054 1201 1163 1229 totum
1176 1197 1332 1236 otiosum,
1343 1200 1377 1226 et
1389 1205 1467 1226 mox
1480 1195 1489 1212 ⁶
1501 1194 1648 1226 nomine’

952 1248 1117 1290 sequitur,
1131 1248 1266 1288 ingrata
1281 1255 1417 1288 prorsus
1432 1244 1649 1286 repetitione.

951 1299 1057 1337 Schef.

994 1348 1236 1389 Plzz'liamenem]
1277 1348 1484 1388 Pyloemenem
1512 1344 1648 1386 legend.

952 1404 1014 1431 est.
1058 1397 1248 1437 Πυλαιμένης
1261 1398 1517 1438 Paphlagonum
1531 1405 1648 1435 regum

952 1459 1072 1481 nomen
1088 1453 1152 1489 est,
1174 1455 1209 1480 et
1234 1458 1288 1488 ap.
1304 1448 1377 1478 Liv.
1401 1456 1426 1478 1.
1452 1447 1494 1478 ab
1521 1445 1594 1477 init.
1612 1449 1646 1476 et

953 1510 1007 1540 ap.
1033 1499 1173 1530 Homer.
1201 1498 1307 1539 (unde
1330 1497 1443 1528 Livius
1464 1495 1582 1536 habet)
1603 1495 1647 1526 ad

952 1550 1008 1581 fin.
1026 1549 1185 1580 Boeotiae:
1212 1549 1255 1579 Il.
1271 1557 1310 1579 11.
1336 1550 1410 1578 851.
1435 1544 1649 1586 Παφλαγόνων

951 1601 975 1630 δ’
986 1599 1093 1639 ἡγεῖτο
1103 1597 1305 1637 Πυλαιμένεος
1317 1596 1427 1628 λάσιον
1439 1598 1495 1637 κῆρ
1505 1596 1555 1635 Ἐξ
1568 1596 1649 1626 Ἐνε-

950 1653 1022 1681 τῶν.
1068 1650 1246 1681 Occiditur
1271 1660 1291 1680 a
1316 1649 1473 1680 Menelao
1496 1646 1596 1679 Iliad.
1613 1656 1650 1678 v.

953 1702 1102 1732 Glarean.
1147 1701 1355 1740 Pylaemenem
1371 1708 1412 1728 ex
1430 1698 1582 1729 Homero
1603 1698 1649 1728 le-

951 1751 1051 1792 gend.
1068 1750 1184 1781 docuit
1208 1750 1406 1781 Glireanus.
1444 1746 1562 1788 Ejusd.
1579 1755 1648 1776 me-

951 1800 1046 1831 minit
1064 1800 1221 1831 Eustath.
1239 1800 1270 1829 in
1292 1799 1436 1838 Dionys.
1464 1801 1500 1827 et
1523 1796 1648 1827 Strabo

952 1854 1069 1882 x11.et
1091 1849 1224 1881 Probus
1245 1849 1279 1879 in
1303 1849 1460 1887 Datame,
1488 1847 1543 1888 qui
1559 1856 1647 1886 eum,

950 1900 1110 1931 memoria
1134 1900 1261 1939 lapsus,
1277 1908 1296 1929 a
1312 1898 1472 1929 Patroclo
1489 1896 1649 1928 interfec-

953 1953 1022 1980 tum
1039 1949 1105 1980 ait:
1135 1959 1210 1979 cum
1234 1958 1276 1979 ex
1304 1947 1446 1979 Homeri
1464 1947 1508 1977 11.
1522 1956 1557 1979 v.
1573 1949 1647 1977 578.

953 2003 1099 2038 constet,
1114 1999 1308 2028 Menelaum
1325 2006 1399 2027 eum
1423 1997 1519 2027 hasta
1535 1995 1650 2026 confo-

952 2048 1053 2079 disse.
1098 2047 1152 2078 Ab
1167 2048 1230 2077 hoc
1245 2046 1479 2086 Paphlagonia
1498 2046 1648 2086 aliquan-

951 2096 993 2128 do
1021 2096 1230 2137 Pyl-‹rnienia
1259 2095 1381 2127 dicta:
1414 2096 1505 2126 Plin.
1534 2104 1584 2126 Vi.
1616 2097 1648 2126 2.

952 2146 1174 2178 Nicomedem
1202 2149 1316 2176 autem
1353 2150 1388 2177 et
1415 2146 1648 2186 Pylaemenem

951 2205 1050 2236 reges
1066 2200 1304 2226 commemorat
1317 2195 1416 2227 Oros.
1427 2205 1476 2227 VI.
1488 2199 1520 2227 2.
1542 2196 1648 2234 Bong.

951 2247 1029 2277 Non
1059 2246 1177 2286 procul
1208 2246 1372 2277 recedunt
1405 2256 1424 2276 a
1453 2255 1532 2276 vera
1565 2246 1646 2276 lect.

950 2295 1085 2327 Juntae:
1113 2295 1346 2327 Philaemenem.
1390 2296 1527 2327 Extrita
1556 2295 1646 2326 enim

949 2345 1049 2375 unica
1061 2344 1159 2374 litera
1179 2345 1346 2376 scribend.
1370 2346 1588 2385 Pyloemenem,
1605 2354 1647 2375 ex

949 2395 1100 2425 Homero
1116 2395 1257 2434 aliisque
1273 2395 1495 2426 ostenderunt
1508 2396 1647 2426 Glarea-

950 2453 1011 2475 nus
1024 2444 1058 2474 in
1073 2444 1160 2475 notis
1177 2444 1219 2474 ad
1241 2444 1273 2475 h.
1288 2445 1308 2475 l.
1325 2449 1361 2475 et
1375 2445 1495 2476 Thom.
1511 2444 1647 2476 Reines.

950 2493 984 2523 in
1011 2493 1054 2523 V.
1081 2494 1120 2524 L.
1157 2493 1263 2523 Grcev.
1317 2494 1396 2524 Non
1423 2498 1476 2524 est
1507 2493 1646 2524 dubium

952 2542 1029 2582 quin
1053 2542 1187 2581 legend.
1217 2542 1262 2572 sit
1293 2542 1512 2583 Pylaemenem.
1568 2542 1646 2573 Hoc

952 2592 1040 2622 enim
1073 2592 1328 2632 Paphlagonum
1368 2602 1484 2632 regum
1524 2601 1647 2623 nomeu

951 2640 1054 2672 fuisse
1082 2651 1125 2672 ex
1151 2641 1302 2672 Homero
1335 2647 1370 2672 et
1393 2643 1466 2672 aliis
1490 2646 1649 2673 constare

952 2695 1076 2731 potest.
1120 2691 1195 2722 Nec
1219 2692 1336 2730 procul
1360 2692 1438 2722 inde
1461 2691 1531 2722 abit
1550 2691 1653 2723 Junt.

950 2740 1076 2781 quippe
1087 2750 1159 2782 quae
1171 2740 1392 2772 Pltz'loemenem
1401 2740 1516 2773 habet.
1552 2741 1623 2772 Vor.

1486 2953 1560 2984 3Ιῖ
