2101 3419
560 327 753 359 JUSTINI
786 329 882 361 Lm.
915 329 1070 361 xxm.
1104 329 1210 364 cAr.
1240 319 1282 362 1.

197 423 274 452 sunt
286 419 448 461 excepti,'
464 423 500 451 et
512 420 606 452 Suet.
616 421 687 452 Tib.
705 425 737 453 3.
760 422 770 440 ‘
783 423 892 455 Quasi

197 475 360 510 exceptos
372 471 621 511 supprimerent
633 481 699 503 non
709 473 815 503 solum
826 473 892 504 via-

198 521 312 561 tores‚’
326 523 390 552 διο.
410 521 529 562 Virgil.
545 522 617 552 Ecl.
634 531 690 552 111.
712 525 764 553 17.
787 523 796 539 ‘
813 524 890 555 Nou

196 580 259 611 ego
272 576 307 602 te
319 571 386 601 vidi
398 570 572 610 Damonis,
583 571 739 612 pessime,
750 582 890 614 caprum

196 620 364 660 Excipere
379 620 508 651 insidiis
521 620 545 651 ?’
570 622 669 653 Gron.

239 672 256 712 ς
277 674 311 702 ll
338 670 457 706 Quibus
467 681 604 702 reversus
617 682 636 702 a
649 672 761 704 Sicilia
768 672 893 715 fuerat]

197 720 319 751 Melius
335 721 430 753 Junt.
446 731 475 761 q.
497 731 653 761 regressus
667 733 686 753 α
702 724 737 754 S.
750 724 782 762 f.
829 725 892 755 La-

194 771 257 802 tini
282 772 371 802 enim
393 771 549 804 dicerent
575 773 586 790 ‘
603 773 721 815 quibus
741 779 892 806 reverte-

194 821 272 853 rat.'
296 822 403 854 Groev.

237 873 255 912 ξ
273 874 312 903 12
335 871 530 912 Exemplum,
545 872 614 913 ξω]
634 873 708 905 Liv.
722 876 891 906 xxx1.l2.

194 922 204 939 ‘
218 922 264 953 Et
288 931 330 953 ne
346 922 551 953 Pleminium
576 922 711 964 quidem
735 927 806 955 tam
821 924 889 955 cla-

193 982 266 1003 rum
283 981 469 1014 recensque
484 982 581 1004 noxae
599 974 698 1005 simul
725 984 763 1005 ac
781 984 888 1014 poenae

194 1023 385 1063 exemplum
400 1022 551 1055 homines
567 1023 766 1056 deterrere.'
799 1025 888 1056 Vell.

195 1081 234 1104 11.
260 1075 333 1104 100.
363 1074 372 1089 ‘
388 1073 500 1105 Julius
526 1072 696 1106 Antonius
722 1075 889 1116 singulare

193 1124 384 1164 exemplum
400 1124 614 1155 clementiae.'

237 1173 402 1214 Proditor]
424 1173 502 1205 Vid.
529 1174 654 1205 Notam
680 1174 722 1205 ad
752 1184 831 1206 xrx.
857 1178 889 1206 3.

197 1227 249 1255 10.
272 1224 455 1255 Berneecer.
499 1224 672 1256 Praecedit
689 1225 698 1242 ‘
717 1234 776 1255 rex
793 1235 890 1256 exer-

193 1275 283 1306 citus
293 1275 344 1306 sui
355 1274 534 1307 desertor)
580 1277 627 1307 Et
638 1277 647 1293 ‘
661 1277 831 1317 proditor’
844 1277 890 1308 id.

194 1325 268 1357 fere
284 1330 336 1356 est
354 1325 458 1367 quod,
481 1326 645 1358 desertor.
691 1328 700 1344 ‘
718 1327 889 1359 Prodere'

196 1388 330 1419 quoque
345 1378 390 1410 id.
407 1378 509 1420 quod,
519 1378 677 1410 deserere
690 1383 725 1409 et
739 1379 890 1418 periculo

195 1439 380 1470 exponere.
424 1430 504 1462 Vid.
518 1430 627 1461 Notas
643 1430 685 1461 ad
698 1439 774 1461 XIX.
790 1433 821 1461 3.
838 1432 889 1461 11.

201 1479 304 1511 Vorst.

239 1531 257 1570 ᾧ
270 1533 309 1562 14
326 1530 374 1561 Ab
389 1530 580 1572 Archesilao]
597 1530 707 1562 Scrib.
717 1531 887 1561 Arcesilae.

196 1580 318 1611 Faber.
363 1580 448 1622 Opt.
484 1581 540 1612 Sic
571 1586 607 1612 et
636 1580 732 1613 Junt.
779 1581 889 1613 Groev.

1551 317 1637 360 917

944 425 1030 465 Huj.
1056 424 1157 456 caedis
1173 424 1274 456 etiam
1291 423 1345 455 alii
1363 422 1550 464 participes
1565 421 1637 453 fue-

943 479 1034 506 runt.
1079 475 1197 515 Polyb.
1222 474 1344 515 Legat.
1360 483 1384 505 1.
1427 471 1637 508 Συνέβαινεδὲ

941 523 1068 555 τούτους
1081 523 1152 555 τοὺς
1168 524 1274 565 ἄνδρας
1287 522 1488 566 (Ἱπποκράτη
1510 522 1560 553 καὶ
1583 521 1638 553 τὸν

942 573 1078 614 ἀδελφὸν
1092 574 1185 604 αὐτοῦ
1198 573 1251 605 τὸν
1262 576 1406 614 νεώτερον
1415 571 1573 612 Ἐπικύδη)
1587 571 1639 603 καὶ

945 624 1040 655 πλείω
1054 622 1164 664 χρόνον
1177 624 1234 660 ἤδη
1249 623 1465 664 στρατεύεσθαι
1480 623 1546 662 μετ’
1569 622 1639 653 Ἀν-

944 674 1042 713 νίβου,
1056 672 1303 713 πολιτευομένους
1312 675 1393 715 παρὰ
1406 673 1640 714 Καρχηδονίους,

945 725 992 756 διὰ
1005 724 1042 755 τὸ
1057 723 1182 764 φεύγειν
1205 725 1302 755 αὐτῶν
1315 724 1370 755 τὸν
1393 723 1517 755 πάππον
1532 724 1566 755 ἐκ
1580 726 1638 756 Συ-

943 777 1109 816 ρακουσῶν,
1147 774 1274 814 δόξαντα
1300 772 1555 815 προσενηνοχέναι
1582 773 1639 804 τὰς

943 827 1048 866 χεῖρας
1063 825 1106 856 ἑνὶ
1119 827 1181 857 τῶν
1203 824 1425 864 Ἀγαθοκλέους
1451 824 1520 855 υἷῶν
1543 823 1638 863 Ἀγα-

943 876 1057 918 odem·

985 928 1095 958 Amico
1109 930 1212 958 autem
1225 926 1340 967 patris]
1372 925 1478 966 Impr.
1500 923 1639 966 quidam

942 977 1040 1008 amico
1055 976 1232 1017 Antipatri,
1254 975 1344 1007 unde
1365 975 1474 1016 liquet
1488 978 1639 1006 veterem

944 1028 1147 1067 scripturam
1171 1025 1277 1057 fuisse
1303 1025 1400 1057 amico
1436 1028 1507 1056 ante
1538 1025 1639 1065 patri,

945 1078 1035 1119 quod
1048 1077 1174 1117 nescio,
1189 1086 1231 1107 an
1246 1085 1311 1108 non
1327 1075 1467 1107 lectioni
1477 1074 1566 1114 vulg.
1582 1074 1639 1105 de-

945 1128 1024 1159 beat
1040 1126 1206 1168 praeferri.
1239 1125 1344 1164 Schef.
1385 1126 1489 1156 Antea
1513 1124 1640 1165 legitur

943 1180 976 1210 in
989 1180 1139 1210 omnibus
1149 1178 1345 1210 melioribus
1356 1177 1435 1210 edd.
1449 1186 1517 1208 non
1526 1180 1639 1208 autem.

944 1230 1060 1262 Graev.

986 1279 1074 1310 Satis
1097 1278 1219 1318 habere,
1244 1277 1314 1317 δῖα]
1350 1277 1428 1309 Hoc
1454 1276 1555 1308 modo
1582 1286 1639 1316 ap.

943 1329 1149 1367 Barclaium,
1183 1327 1303 1359 novitii
1329 1326 1518 1365 commatiS,
1548 1326 1639 1366 genii

944 1380 1070 1410 veteris
1097 1382 1285 1417 auctorem,
1321 1376 1485 1418 Argenid.
1510 1376 1569 1407 lib.
1597 1385 1639 1406 11.

945 1430 1145 1461 Eristhenes
1172 1427 1400 1459 damnandus:
1435 1428 1444 1444 ‘
1468 1426 1558 1457 Satis
1586 1431 1640 1456 est

942 1479 1068 1521 gaudii,
1084 1479 1172 1520 quod
1187 1482 1264 1519 post
1278 1476 1495 1510 Poliarchum
1513 1477 1638 1508 Siciliae

941 1531 1070 1561 hostem
1084 1527 1176 1560 vixi.’
1204 1528 1301 1559 Bern.

683 1860 902 1907 LIBER
938 1858 1153 1907 XXIII.

238 1989 323 2021 CAP.
339 1997 363 2020 1.
407 1988 425 2029 ξ
442 1990 457 2019 1
482 1988 610 2018 Partem
631 1986 803 2018 civitatium
826 1996 844 2016 α
859 1995 891 2017 se

194 2038 404 2079 dissidentem]
438 2039 532 2070 Vett.
557 2037 635 2069 edd.
663 2043 702 2068 ut
728 2042 764 2068 et
791 2036 890 2068 Junt.

193 2089 415 2120 dissidentium.
433 2088 549 2120 Graev.
588 2087 728 2118 Rectius
742 2086 889 2126 videtur,

195 2138 285 2180 quod
300 2144 336 2170 et
351 2138 503 2170 Sichard.
518 2143 653 2170 secutus
665 2144 729 2179 est,
740 2138 889 2169 dissiden-

195 2189 284 2221 tium.
317 2189 401 2221 Vor.

239 2241 292 2280 §2
317 2239 414 2278 Cujus
426 2239 550 2281 imperii
558 2238 764 2281 partern,&c.]
788 2239 890 2280 Cupi-

196 2288 323 2320 ditates
338 2290 541 2327 mortalium,
566 2289 622 2320 ubi
638 2290 741 2321 semel
757 2289 892 2320 exorbi-

197 2342 272 2368 tare
287 2343 474 2379 coeperunt,
499 2338 629 2378 οὐδαμοῦ
643 2339 699 2376 τῆς
715 2337 755 2369 εἷς
768 2337 806 2368 τὸ
820 2336 891 2379 πρό-

197 2399 241 2419 σω
263 2389 357 2429 φορᾶς
379 2388 533 2429 ἵστανται,
565 2390 575 2406 ‘
589 2398 723 2430 semper
750 2388 891 2418 ulterius

196 2439 455 2479 progrediendo,
478 2449 647 2481 nunquam
669 2438 818 2478 sistunt,'
843 2438 893 2468 in-

198 2488 271 2529 quit
283 2489 425 2520 Basilius
436 2490 595 2530 Magnus.
618 2489 708 2522 Add.
723 2499 799 2530 sup.
813 2498 893 2520 xxi.

197 2541 228 2570 6.
245 2541 276 2570 4.
305 2539 405 2571 Bern.

240 2589 259 2628 ᾧ
274 2590 294 2619 7
319 2589 438 2624 Quibus
453 2592 484 2620 et
498 2589 663 2630 Spartani]
697 2590 755 2621 De
770 2588 889 2631 quibus

198 2646 238 2670 ιι.
252 2640 281 2670 3.
296 2642 326 2670 5.
341 2645 376 2670 et
391 2642 421 2671 6.
444 2640 543 2671 Idem.

241 2689 295 2729 §8
317 2688 393 2720 Sine
411 2692 494 2721 veste
517 2699 606 2731 quam
627 2689 804 2729 induerent]
829 2688 891 2719 Co-

199 2735 265 2767 dex
281 2738 346 2770 Ms.
368 2743 456 2770 teste
472 2740 580 2781 Bong.
603 2751 665 2781 qua
678 2740 890 2772 induerentur.

176 2811 179 2814 -
200 2787 301 2819 Quod
324 2793 453 2820 rectum
479 2789 516 2829 f.‚
542 2795 638 2821 certe
663 2790 800 2831 elegans
827 2793 891 2820 est.

200 2837 300 2868 Esset
322 2843 434 2870 autem
459 2839 658 2873 induerentur
679 2850 752 2881 pro,
776 2840 891 2871 indue-

201 2894 278 2919 rent
302 2897 357 2927 se;
390 2889 557 2930 passivum
587 2900 650 2931 pro
676 2890 790 2922 activo
816 2899 890 2921 cum

945 1995 1042 2026 pron.
1073 1985 1178 2025 recip.
1217 1984 1321 2016 Vorst.
1377 1983 1483 2026 Atqui
1513 1983 1641 2015 Noster

947 2045 1002 2067 111.
1019 2039 1051 2067 3.
1068 2035 1109 2066 de
1124 2035 1317 2076 Spartanis:
1341 2034 1350 2052 ‘
1367 2034 1557 2067 Juvenibus
1573 2044 1640 2065 non

945 2087 1088 2127 amplius
1102 2096 1170 2117 una
1185 2090 1280 2117 veste
1295 2085 1346 2116 uti
1369 2090 1441 2117 toto
1463 2095 1550 2116 anno
1567 2095 1643 2126 per·

944 2136 1057 2168 misit.’
1101 2136 1179 2167 Non
1205 2145 1284 2175 ergo
1310 2140 1408 2166 erant
1434 2135 1506 2166 sine
1532 2140 1641 2174 veste,

945 2195 1085 2227 quorum
1113 2189 1226 2217 tamen
1254 2185 1309 2217 hic
1346 2185 1505 2216 dicuntur
1530 2186 1641 2217 secuti

942 2236 1046 2275 leges.
1091 2235 1183 2266 Puto
1207 2240 1332 2266 vestem
1355 2235 1478 2266 Graeca
1501 2245 1642 2266 consue-

945 2285 1060 2317 tudine
1077 2289 1275 2326 usurpatam
1298 2295 1359 2326 pro
1381 2295 1434 2325 ea,
1462 2296 1536 2327 quae
1557 2285 1642 2316 inte-

944 2337 1025 2368 riori
1041 2337 1203 2378 injicitur,
1215 2341 1315 2378 atque
1329 2337 1379 2368 ita
1393 2342 1430 2368 et
1443 2336 1581 2368 verbum
1595 2336 1641 2367 in-

944 2389 1036 2418 duere
1052 2387 1161 2427 accipi
1184 2387 1239 2418 hic
1255 2392 1425 2427 oportere.
1470 2387 1575 2418 Modo
1592 2388 1640 2417 in-

945 2443 1042 2479 teger
1054 2437 1098 2468 sit
1110 2438 1217 2476 locus,
1231 2438 1271 2467 de
1284 2447 1349 2477 quo
1362 2436 1552 2468 deliberent
1566 2446 1640 2466 eru-

945 2488 1099 2519 ditiores.
1113 2486 1218 2524 Sches.
1256 2486 1325 2517 Ant
1339 2487 1472 2527 legend.
1486 2497 1548 2518 una
1558 2490 1640 2517 reste

947 2548 1008 2579 pro
1023 2538 1088 2568 sine
1102 2541 1194 2577 veste,
1212 2542 1270 2568 aut
1286 2537 1335 2567 sic
1352 2536 1509 2577 capiend.
1524 2541 1589 2575 est,
1602 2541 1641 2567 ut

945 2585 1068 2618 Scheff.
1087 2587 1230 2625 monuit3
1256 2586 1303 2617 sic·
1319 2590 1354 2617 et
1368 2586 1377 2602 ‘
1391 2585 1489 2616 nudi?
1505 2596 1558 2625 ap.
1577 2587 1640 2617 La·

944 2639 1031 2669 tiuos
1061 2637 1232 2676 dicuntur,
1270 2636 1328 2676 qui
1358 2636 1472 2667 tunica
1507 2640 1638 2667 tantum

944 2693 1040 2719 erant
1062 2687 1182 2727 induti,
1206 2691 1245 2717 ut
1268 2686 1384 2718 docuit
1408 2686 1557 2718 Gisbert.
1574 2688 1638 2718 Cu-

944 2747 1018 2779 per.
1034 2738 1119 2768 Obs.
1137 2746 1161 2768 1.
1176 2739 1208 2768 7.
1232 2736 1340 2768 Graev.

988 2788 1063 2819 Sine
1076 2788 1138 2818 ullo
1160 2797 1216 2818 usu
1233 2786 1332 2827 urbis]
1364 2786 1476 2818 Urbes
1501 2785 1640 2818 effoemi-

944 2837 1066 2877 nzmdo,
1090 2841 1202 2868 castra
1225 2836 1442 2868 masculando
1468 2837 1568 2868 militi
1592 2836 1640 2868 fa-

944 2897 1035 2929 cere,
1051 2888 1219 2920 Gruterus
1236 2886 1277 2918 ad
1293 2887 1370 2919 Tac.
1388 2896 1464 2928 cap.
1477 2889 1529 2919 38.
1541 2887 1639 2928 justa
