2101 3419
432 373 481 415 xl

433 482 589 511 dexteram
605 479 695 510 alicui
712 478 869 510 ferendam
880 480 952 510 dare
967 479 1008 515 xi,
1026 481 1077 515 15,
1094 481 1133 510 13

475 523 639 552 Dexterior
654 522 726 562 (pro
742 523 865 560 dextro)
881 523 913 558 ii,
937 526 970 558 4,
997 525 1034 553 11
1069 522 1112 551 ita
1126 533 1133 552 :

433 565 586 596 dexterius
599 574 693 594 cornu
709 565 789 600 xxxi,
799 568 830 602 8,
839 565 926 606 6(sic
942 570 949 582 ⁸
959 564 1135 595 sinisterior’

433 609 562 638 Sueton.
579 606 611 636 in
628 606 749 636 Domit.
768 610 818 644 17,
836 609 873 647 3)
889 607 1027 638 Freinsh.

476 649 632 680 Diadema
669 649 867 680 Macedoniae
905 650 1026 691 regibus
1064 654 1135 679 ante

433 691 644 722 Alexandrum
658 691 814 722 insolitum
830 693 882 729 xii,
897 696 928 729 3,
944 696 964 724 8
987 691 1054 732 ejus
1066 692 1135 723 loco

434 735 587 765 veteribus
605 735 691 764 hasta
706 735 783 770 xliii,
800 738 831 771 3,
848 738 867 766 3

477 776 583 807 Diana
598 787 652 817 pro
669 776 802 817 Delphis
816 781 934 818 pugnat
950 777 1031 814 xxiv,
1046 779 1078 813 8,
1094 780 1112 808 5

477 819 593 850 Dicare
611 829 736 859 campos
753 819 823 850 Deo
840 831 889 856 xv,
901 822 934 854 4,
950 822 970 850 8

477 861 591 892 Dicere
608 862 699 892 alicui
726 862 825 903 legem
850 862 976 903 parendi
1008 862 1040 897 ii,
1068 863 1098 897 3,
1116 864 1136 892 8

434 904 514 934 diras
530 909 623 945 atque
639 904 760 935 inferias
790 904 850 940 xiv,
866 908 898 939 4,
915 907 954 935 13
988 915 1050 934 non
1065 904 1136 934 dico

435 952 563 987 patrem,
577 948 686 977 ducem
700 952 781 977 certe
793 947 906 977 civium
920 952 1040 977 tuorum
1052 957 1136 986 spre-

434 990 504 1019 visti
517 989 600 1025 xviii,
618 992 650 1027 7,
668 992 708 1021 12
732 990 833 1020 dicere
848 990 940 1020 alicui
954 989 1034 1030 leges
1051 989 1136 1030 pacis

435 1043 504 1067 xxx,
521 1034 552 1067 3,
570 1035 590 1063 9

477 1073 642 1104 Dictatura
668 1074 752 1113 apud
780 1073 1049 1114 Carthaginienses
1074 1073 1134 1109 xix,

436 1120 466 1152 1,
483 1120 502 1147 7
533 1116 631 1154 (adde
662 1116 800 1145 Frontin.
823 1117 954 1156 Strateg.
982 1117 1023 1152 xi,
1056 1120 1085 1151 l,
1115 1119 1136 1147 4

435 1159 487 1188 ubi
502 1158 690 1190 Stewechius
706 1159 883 1189 ‘ducatores
895 1159 903 1171 '
933 1159 1018 1199 legit,
1034 1159 1136 1189 forsan

435 1212 498 1231 non
514 1200 638 1230 omnino
654 1201 742 1230 bene.
771 1200 866 1231 Adde
888 1201 928 1231 A.
946 1201 1082 1232 Gellium
1106 1212 1135 1237 x,

436 1247 488 1276 24.
505 1253 541 1273 ex
558 1244 671 1274 Caton.
687 1242 790 1283 Orig.)
806 1243 943 1273 Freinsh.

480 1285 650 1316 Dicterium
671 1286 788 1316 Brenni
804 1286 884 1323 xxiV,
898 1290 929 1322 6,
946 1289 965 1317 3
1000 1284 1136 1316 Alexan-

436 1328 481 1358 dri
496 1327 619 1358 Zebinae
634 1328 732 1363 xxxix,
749 1331 780 1363 2,
797 1332 815 1360 5

479 1370 632 1400 Dictitare
648 1370 680 1405 ii,
696 1373 747 1406 13,
763 1373 784 1401 6

480 1412 608 1443 Dictum
628 1413 706 1453 regis
727 1413 944 1442 Dardanorum
968 1412 1007 1444 de
1030 1412 1135 1443 Ptole-

437 1465 514 1485 maeo
531 1456 672 1486 Cerauno
689 1455 770 1491 xxiV,
787 1459 820 1491 4,
836 1457 876 1486 11

478 1497 564 1527 Dido
581 1511 587 1527 :
604 1498 673 1528 vide¹
687 1497 786 1527 Elissa

479 1540 596 1570 Diduci
610 1541 640 1570 in
657 1541 734 1570 duas
746 1540 896 1570 factiones
911 1549 960 1575 xv,
977 1542 1009 1575 4,
1025 1542 1066 1571 23
1090 1539 1136 1568 di-

438 1583 538 1613 ductis
554 1583 783 1614 Macedonibus
800 1583 832 1612 in
848 1582 961 1613 bellum
977 1581 1067 1612 civile
1083 1582 1137 1619 xli,

461 1649 664 1708 ²Didymaeus
679 1668 803 1709 Jupiter
829 1666 978 1708 spoliatus
1006 1667 1043 1696 ab
1070 1665 1138 1696 An-

439 1710 541 1740 tiocho
558 1710 648 1745 xxxii,
661 1714 692 1747 2,
707 1714 723 1741 1
752 1711 793 1751 (si
811 1711 902 1740 modo
919 1711 999 1739 bona
1015 1714 1060 1739 est
1076 1709 1138 1739 lec-

439 1752 493 1782 tio.
511 1752 580 1782 vide
596 1753 649 1782 inf.
666 1754 696 1784 in
714 1753 891 1784 Dodonaeo.
918 1753 1054 1783 Freinsh.
1079 1752 1137 1781 Le-

438 1796 517 1835 gend
524 1806 572 1824 um
586 1794 728 1836 Elymaei.
742 1796 863 1835 Vorst.)

483 1838 576 1868 Diem
591 1839 630 1868 de
643 1839 694 1869 die
710 1839 841 1879 proferre
858 1839 934 1879 (hoc
950 1842 1006 1872 est,
1033 1837 1072 1867 de
1087 1836 1137 1866 die

439 1880 471 1909 in
488 1880 568 1910 diem
583 1880 702 1911 differre
718 1881 893 1921 negotium)
907 1881 939 1915 ii,
953 1883 1033 1915 15,6
1056 1880 1138 1909 diem

439 1922 524 1962 fungi
543 1928 614 1963 (pro
632 1924 724 1961 mori)
742 1925 800 1959 xix,
818 1927 847 1959 l,
867 1926 880 1954 l
901 1923 1038 1952 Freinsh.
1067 1928 1139 1951 ante

440 1966 521 1994 diem
539 1970 611 2004 (pro
628 1966 735 2003 antea)
753 1966 792 2001 vi,
809 1969 840 2000 7,
857 1969 876 1996 7
909 1965 940 1994 in
963 1975 1030 1995 eam
1057 1965 1137 1993 (licui

439 2013 512 2047 <pro
530 2018 626 2047 usque
642 2008 681 2036 ad
708 2008 783 2037 illud
809 2007 946 2048 tempus)
971 2008 1033 2041 viii,
1051 2011 1081 2041 5,
1100 2008 1138 2037 13

440 2050 482 2079 sic
494 2055 535 2085 et,
548 2055 616 2089 post
631 2060 697 2079 cani
710 2051 802 2085 diem,
819 2050 894 2080 ibid.
918 2050 984 2079 dies
995 2050 1060 2079 haec
1074 2049 1141 2077 finit

440 2091 531 2121 alicui
558 2092 667 2122 famem
692 2103 883 2133 erroremque
910 2092 1011 2128 xxxvi,
1038 2094 1069 2126 2,
1100 2093 1138 2121 14

440 2134 544 2163 Vorst.

484 2176 616 2206 Differre
632 2176 705 2217 (pro
718 2177 924 2217 summovere)
941 2177 982 2213 ix,
998 2180 1028 2211 6,
1046 2180 1065 2206 S
1082 2175 1142 2217 (ita

441 2218 521 2248 Flor.
539 2219 579 2254 iv,
594 2222 643 2254 12,
661 2219 720 2257 25)
737 2219 872 2249 Freinsh.
903 2220 1024 2249 differre
1041 2229 1141 2258 popu-

438 2261 563 2291 lationis
592 2261 734 2300 injuriam
760 2263 791 2290 in
809 2268 928 2301 tempus
947 2261 1070 2291 ultionis
1098 2261 1141 2296 iii,

441 2307 472 2339 7,
488 2307 506 2334 4
541 2303 653 2333 differri
683 2304 771 2333 variis
796 2305 1042 2334 frustrationibus
1069 2305 1141 2345 (pro

442 2347 473 2375 in
489 2345 572 2375 aliud
590 2352 710 2386 tempus
726 2346 830 2386 rejici)
846 2347 886 2382 ix,
903 2350 933 2383 6,
951 2350 970 2377 8
988 2347 1088 2377 Vorst.

484 2388 620 2419 Difficile
636 2389 881 2428 (adverbialiter,
897 2400 950 2429 pro
961 2388 1141 2429 difficulter)

442 2431 534 2466 xxvii,
552 2434 582 2466 3,
600 2435 618 2461 2
635 2431 771 2461 Freinsh.

484 2473 628 2503 Difficilis
656 2474 844 2514 expugnatio
871 2474 953 2504 urbis
981 2474 1001 2510 i,
1032 2477 1082 2509 10,
1101 2478 1139 2505 15

443 2516 555 2545 solutio
572 2516 682 2555 pariter
698 2522 730 2546 et
744 2517 862 2546 exactio
880 2517 931 2552 xii,
961 2519 1010 2552 11,
1027 2521 1047 2548 2
1083 2517 1142 2546 dif-

443 2558 553 2588 ficilem
570 2559 753 2589 electionem
769 2560 928 2599 aequalitas
953 2559 1027 2590 facit
1052 2560 1072 2595 i,
1093 2563 1141 2595 10,

443 2604 462 2630 2
487 2601 610 2631 difficile
622 2601 776 2641 judicium
806 2602 837 2636 ii,
855 2606 885 2637 9,
916 2605 953 2632 14
990 2602 1143 2632 difficilior

445 2644 516 2683 fuga
533 2644 551 2679 i,
569 2648 599 2679 S,
616 2648 635 2674 2
661 2644 787 2684 longiori
803 2650 834 2674 et
860 2644 1021 2675 difficiliori
1043 2645 1142 2685 spatio

446 2686 566 2720 xxxviii,
583 2690 614 2721 4,
632 2689 671 2717 10

485 2728 690 2759 Ditiicultatcs
708 2729 829 2765 xxxviii,
846 2733 876 2765 7,
890 2734 908 2761 5

489 2770 661 2801 Difficulter
677 2772 718 2807 vi,
734 2776 764 2807 5,
784 2775 821 2802 13

492 2813 669 2843 Ditiidcntia
685 2815 825 2843 simulata
840 2814 1046 2856 (desperatio)
1076 2814 1097 2850 i,
1113 2818 1144 2849 8,

448 2857 485 2883 10
521 2856 562 2885 sic
577 2868 582 2885 z
609 2857 745 2887 diffidere
764 2856 876 2887 viribus
902 2858 963 2888 suis
997 2857 1038 2894 iv,
1065 2861 1096 2893 3,
1125 2860 1144 2889 4

448 2897 550 2926 vossi.

495 2939 692 2971 Diffidcutius
709 2941 830 2978 xxxviii,
845 2944 875 2977 7,
892 2944 912 2973 4

1093 377 1252 409 INDEX

1229 475 1332 506 Diffisi
1348 475 1437 506 armis
1452 475 1514 512 xiv,
1529 479 1560 511 5,
1576 478 1597 507 6
1631 475 1742 506 viribus
1757 475 1886 517 propriis

1187 519 1248 555 xvi,
1274 521 1306 554 4,
1325 521 1363 549 14
1395 518 1530 558 Epirotis
1555 517 1659 554 xxviii,
1676 521 1707 555 1,
1733 522 1752 548 5
1787 519 1886 550 diffisa

1186 561 1417 592 Macedonibus
1431 561 1492 596 xiv,
1507 564 1538 597 6,
1555 563 1575 591 2

1228 603 1370 634 Diffusus
1397 602 1520 645 spiritus
1544 613 1598 643 per
1625 601 1813 643 spiramenta
1827 607 1886 633 ter-

1185 657 1226 677 rae
1245 646 1286 681 iv,
1306 649 1336 682 1,
1354 649 1393 677 15

1227 688 1359 729 Digesta
1375 687 1451 718 serie
1466 697 1577 723 rerum,
1592 686 1684 717 Praef.
1694 689 1713 718 3

1229 731 1377 771 Dignari:
1413 729 1515 760 nullus
1551 729 1697 770 dignatur
1724 728 1886 770 imperium

1185 774 1364 804 Parthicum
1379 772 1432 808 xli,
1447 775 1479 808 4,
1496 775 1513 802 1

1229 815 1381 856 Dignatio
1394 815 1469 856 (hoc
1484 818 1541 849 est,
1555 813 1700 854 dignitas,
1712 817 1747 843 ut
1761 813 1887 854 quidem

1187 868 1268 899 saepe
1286 863 1458 898 usurpatur,
1474 861 1506 887 et
1519 857 1579 887 hoc
1603 857 1672 886 loco
1699 856 1888 896 Bongarsius

1186 901 1336 941 exponit:
1372 910 1476 930 verum
1500 899 1550 929 hic
1572 909 1628 940 pro
1655 898 1784 939 ‘gratia'
1813 899 1888 938 poni

1186 943 1338 978 existimo,
1351 948 1382 973 et
1398 943 1437 972 ad
1455 942 1657 972 Ptolemaeum
1670 940 1773 971 referri
1800 945 1808 958 ‘
1820 941 1888 981 dig-

1185 986 1270 1015 natio
1304 984 1404 1026 regis.’
1427 985 1470 1014 ita
1499 984 1580 1014 enim
1617 983 1786 1024 conjuncta
1799 982 1889 1025 sunt)

1185 1028 1290 1063 xxviii,
1308 1031 1339 1063 4,
1358 1030 1398 1058 10
1413 1027 1552 1057 Freinsh.

1228 1070 1374 1111 Dignitas
1389 1069 1583 1110 imperatoria
1608 1067 1642 1105 ii,
1663 1071 1695 1104 9,
1714 1071 1752 1100 15
1787 1068 1889 1108 digni-

1186 1114 1258 1143 tatis
1274 1123 1365 1153 quam
1383 1111 1490 1142 salutis
1516 1112 1615 1141 minor
1640 1111 1783 1142 habenda
1809 1110 1887 1140 ratio

1186 1166 1215 1191 v,
1233 1158 1264 1192 3,
1279 1159 1299 1186 4
1334 1154 1479 1196 dignitati
1504 1154 1635 1195 alicujus
1658 1154 1822 1184 succedere
1843 1152 1889 1188 iii,

1185 1201 1216 1233 5,
1233 1201 1252 1228 7
1276 1197 1420 1238 dignitati
1435 1202 1647 1227 ornamentum
1662 1197 1734 1226 dare
1762 1196 1805 1236 vi,
1821 1198 1852 1232 8,
1869 1200 1890 1227 8

1229 1239 1353 1281 Dignus
1379 1240 1542 1280 imperator
1562 1240 1666 1270 deerat
1693 1243 1778 1269 tanto
1805 1248 1890 1269 exer-

1184 1282 1260 1312 citui
1274 1283 1313 1318 vi,
1331 1285 1362 1318 2,
1379 1286 1398 1313 3
1434 1282 1558 1322 dignus,
1574 1281 1628 1322 qui
1643 1281 1763 1322 piacula
1786 1281 1889 1322 exige·

1186 1330 1231 1355 ret
1260 1324 1324 1360 viii,
1341 1328 1372 1361 2,
1385 1328 1406 1356 6
1439 1324 1551 1364 dignus
1570 1324 1730 1365 majestate
1760 1324 1802 1360 iii,
1819 1327 1850 1360 7,
1865 1327 1886 1355 7

1185 1367 1364 1408 dignissimo
1382 1368 1420 1397 im
1428 1367 1544 1408 perium
1556 1366 1702 1407 relinquit
1710 1366 1888 1397 Alexander

1185 1411 1238 1446 xii,
1255 1413 1306 1446 15,
1325 1413 1344 1440 8

1228 1452 1359 1492 Digredi
1383 1450 1455 1492 (pro
1468 1451 1562 1488 abire,
1582 1450 1757 1493 discedere)
1784 1451 1825 1488 ix,
1855 1453 1887 1487 2,

1188 1498 1227 1527 12
1242 1495 1345 1525 Vorst.
1369 1505 1418 1529 xv,
1434 1497 1466 1530 4,
1484 1498 1500 1526 l

1229 1537 1336 1568 Dilabi
1351 1537 1391 1567 ad
1406 1546 1461 1566 sua
1477 1537 1594 1567 tuenda
1617 1535 1651 1573 ii,
1676 1539 1728 1572 12,
1757 1539 1799 1567 19
1832 1536 1888 1566 (10-

1186 1590 1267 1609 mum
1285 1579 1317 1616 ii,
1332 1582 1384 1615 12,
1399 1582 1439 1610 27
1468 1579 1500 1609 in
1514 1579 1617 1619 fugam
1634 1578 1695 1615 xvi,
1713 1582 1743 1615 4,
1762 1581 1802 1610 17
1833 1589 1887 1620 pro

1186 1623 1297 1652 sensim
1315 1621 1450 1657 dissolvi,
1465 1628 1496 1652 et
1518 1632 1641 1662 pessum
1664 1621 1706 1652 ire
1731 1621 1772 1657 vi,
1798 1624 1829 1658 2,
1848 1624 1889 1653 14

1187 1665 1326 1695 Freinsh.
1350 1664 1449 1705 copiae
1464 1664 1642 1695 dilabuntur
1657 1663 1689 1694 in
1709 1665 1799 1695 urbes
1823 1664 1888 1701 xiii,

1188 1711 1220 1744 5,
1239 1711 1277 1738 17

1230 1749 1348 1779 Dilatio
1367 1749 1491 1780 ultionis
1507 1749 1547 1785 ix,
1564 1751 1595 1786 8,
1622 1751 1661 1781 14
1696 1749 1890 1789 periculi'xi,

1190 1796 1222 1828 8,
1237 1796 1256 1824 4
1282 1793 1352 1822 belli
1369 1792 1431 1827 viii,
1449 1795 1480 1828 4,
1497 1795 1517 1823 6
1549 1792 1653 1822 mortis
1669 1791 1709 1827 xi,
1726 1795 1757 1828 9,
1775 1795 1814 1823 14
1838 1802 1890 1822 va-

1190 1836 1238 1865 riis
1254 1835 1452 1865 dilationibus
1468 1834 1602 1865 frustrati
1619 1834 1683 1871 viii,
1699 1837 1730 1871 3,
1747 1838 1767 1866 9

1233 1877 1477 1918 Diligentissime
1493 1877 1513 1914 i,
1530 1881 1560 1912 l,
1576 1880 1597 1908 9

1232 1921 1393 1950 Diluvium
1418 1925 1554 1960 tempore
1580 1919 1781 1951 Deucalionis
1810 1919 1841 1955 ii,
1858 1923 1889 1956 6,

1232 2005 1387 2035 Dimicare
1403 2004 1493 2034 armis
1509 2014 1604 2045 prope
1620 2016 1717 2046 usque
1732 2004 1888 2034 interitum

1190 2048 1221 2082 ii,
1238 2051 1269 2082 7,
1287 2051 1304 2078 7

1235 2090 1398 2119 Dimittere
1425 2089 1588 2119 exercitum
1605 2088 1731 2118 domum
1752 2088 1784 2123 ii,
1800 2091 1830 2123 4,
1850 2091 1888 2119 15

1192 2132 1344 2163 dimittere
1360 2132 1525 2162 exercituin
1553 2130 1612 2164 xiv,
1629 2133 1661 2166 2,
1684 2134 1701 2162 3
1737 2131 1890 2161 dimittere

1192 2185 1209 2203 a
1225 2173 1306 2203 bello
1323 2175 1396 2214 (pro
1413 2173 1582 2213 remittere)
1598 2172 1642 2208 iii,
1659 2176 1691 2210 6,
1707 2175 1726 2204 3
1752 2173 1888 2203 Freinsh.

1191 2217 1230 2246 ab
1243 2215 1332 2247 armis
1344 2216 1472 2246 dimittis
1485 2217 1560 2257 (hoc
1573 2221 1629 2251 est,
1647 2216 1768 2246 statutis
1783 2216 1891 2246 condi-

1192 2259 1327 2288 tionibus
1342 2259 1466 2294 adduci,
1483 2264 1516 2288 ut
1531 2268 1613 2288 arma
1628 2259 1784 2299 deponas)
1802 2259 1840 2293 vi,
1858 2261 1889 2294 1,

1192 2305 1210 2332 3
1229 2301 1330 2331 Vorst.
1363 2301 1515 2331 dimittere
1530 2301 1626 2331 victos
1641 2301 1809 2331 incolumes
1825 2301 1890 2331 sine

1193 2344 1290 2384 pretio
1309 2344 1359 2379 vii,
1376 2347 1407 2379 6,
1423 2347 1443 2374 6
1475 2343 1628 2373 dimittere
1643 2344 1776 2384 aliquam
1799 2354 1889 2384 repu-

1192 2387 1243 2416 dio
1260 2386 1300 2421 xi,
1316 2389 1367 2422 11,
1384 2390 1402 2417 5
1433 2385 1566 2426 aliquem
1581 2397 1598 2416 e
1611 2396 1730 2417 carcere
1746 2386 1807 2422 xxi,
1824 2389 1854 2422 1,
1870 2390 1888 2417 5

1192 2429 1303 2458 dimitti
1319 2429 1357 2458 ad
1374 2439 1499 2469 regnum
1517 2429 1685 2469 petendum
1702 2430 1802 2464 xxxin
1816 2431 1846 2463 3,
1868 2432 1889 2459 7

1191 2470 1352 2502 incolumis
1365 2472 1506 2501 dimissus
1519 2476 1565 2501 est
1580 2471 1659 2507 xxix,
1671 2474 1730 2507 4,2
1754 2471 1892 2511 Phrygia

1192 2520 1223 2543 (ft
1251 2513 1465 2554 Paphlagonia
1494 2514 1626 2543 dimissae
1662 2514 1784 2549 xxxviii,
1810 2517 1842 2549 5,
1869 2518 1890 2544 6

1192 2556 1314 2585 dimissa
1328 2566 1345 2585 a
1362 2562 1454 2586 matre
1468 2556 1599 2586 divortio
1615 2556 1671 2586 viri
1687 2557 1785 2591 xxxix,
1801 2559 1833 2591 3,
1849 2558 1867 2586 3

1236 2599 1363 2629 Diocles
1380 2599 1613 2629 Atheniensium
1629 2603 1778 2640 tyrannus
1799 2599 1889 2628 inter-

1194 2641 1293 2672 ficitur
1309 2642 1339 2676 ii,
1357 2646 1387 2676 9,
1403 2645 1418 2672 1
1438 2642 1517 2681 (Hic
1534 2647 1636 2671 tamen
1665 2651 1683 2670 a
1704 2641 1890 2681 Thucydide

1193 2685 1233 2719 vi,
1251 2688 1270 2714 9
1286 2690 1317 2713 et
1334 2684 1373 2713 A.
1387 2684 1489 2714 Gellio
1506 2685 1577 2720 xvii,
1593 2687 1633 2715 21
1649 2689 1656 2701 ‘
1670 2683 1868 2726 Hipparchus
1883 2682 1892 2695 ¹

1195 2727 1385 2767 appellatur)
1410 2727 1546 2757 Freinsh.

1238 2769 1407 2799 Diomedes
1423 2769 1580 2799 Brundisii
1593 2769 1733 2799 conditor
1755 2768 1806 2804 xii,
1822 2770 1854 2804 2,
1870 2770 1889 2798 7

1195 2816 1226 2841 et
1241 2810 1395 2851 Arporum
1411 2823 1459 2846 xx,
1477 2815 1505 2847 1,
1525 2815 1564 2842 10

1239 2853 1411 2895 Dionysius
1427 2854 1539 2884 Siciliae
1566 2858 1713 2894 tyrannus
1728 2854 1841 2885 bellum
1858 2854 1888 2884 in

1197 2896 1287 2926 Italia
1300 2897 1376 2937 gerit
1393 2908 1439 2935 xx,
1458 2900 1487 2933 1,
1505 2899 1534 2928 1.
1558 2908 1605 2933 xx,
1621 2900 1652 2933 5,
1670 2900 1686 2928 1
1712 2897 1889 2928 interficitur

1199 2950 1247 2976 xx,
1264 2943 1295 2975 5,
1315 2943 1351 2970 14
