2174 3424
564 337 760 369 JUSTINI
794 339 891 369 Lm.
924 338 998 369 111.
1030 338 1135 369 cAP.
1164 329 1206 369 4.

161 434 287 466 dictum
299 431 410 463 fuisse.
456 432 554 464 Hanc
568 432 638 473 ejus
650 432 853 463 sententiam

161 495 201 516 eo
226 483 384 515 libentius
409 492 543 524 sequor,
563 482 650 522 qnod
674 482 776 522 poeta
800 483 854 522 (ut

158 534 324 565 Ausonius
361 533 449 564 Vitae
478 534 624 573 scriptor
656 538 692 563 et
718 533 852 563 Servius

159 582 340 622 affirmant)
366 593 408 614 ex
433 583 582 614 moribus
605 582 706 614 etiam
731 582 852 614 Graece

158 642 342 673 cognomen
369 633 519 673 accepit;
544 642 620 663 nam
649 632 850 663 Parthenias

156 687 210 714 est
236 683 440 722 appellatus.
486 682 576 713 Hinc
602 683 634 713 in
657 682 749 713 libris
768 682 851 713 Mss.

156 743 244 773 pene
261 733 413 763 omnibus
425 733 483 764 illa
499 738 550 764 est
567 732 753 773 inscriptio,
768 732 851 763 Pub-

154 783 190 815 lii
221 783 435 814 Partheniatis
466 783 598 822 Virgilii
627 783 770 814 IlIaronis
798 783 852 813 Li-

155 833 230 865 ber!
288 833 374 864 Haec
409 832 596 872 Corradus;
631 833 686 874 qui
723 833 850 864 utinam

156 883 237 914 nihil
254 883 321 913 tale
334 883 533 923 scripsisset,
548 893 623 914 nam
641 883 750 924 ipsum
766 893 850 914 sem-

154 941 218 973 per
240 932 308 963 feci
322 933 470 973 maximi,
495 933 550 964 vel
567 933 610 964 ob
631 934 734 964 solam
754 933 851 964 Cice-

152 983 242 1014 ronis
254 983 378 1023 Vitam,
405 994 479 1024 quae
503 983 544 1014 ab
567 983 640 1024 ipso
656 983 852 1023 conscripta

154 1035 216 1072 est,
239 1037 274 1064 et
295 1042 369 1073 quae
386 1032 466 1063 mihi
492 1032 535 1063 ob
555 1033 720 1073 judicium
737 1037 772 1063 et
793 1042 850 1063 ex·

153 1082 308 1123 quisitam
339 1083 505 1123 quandam
534 1083 677 1114 hominis
709 1083 850 1123 diligen-

152 1132 232 1163 tiam
257 1136 437 1173 tantopere
463 1133 590 1173 placet.
636 1132 701 1163 Sed
733 1133 767 1163 in
797 1132 850 1173 iis,

153 1191 229 1223 quae
245 1181 317 1222 ipse
331 1186 472 1222 accepta
484 1182 526 1212 ab
539 1183 610 1213 aliis
624 1192 682 1213 sua
696 1192 848 1223 compro-

153 1231 248 1262 bavit
263 1232 467 1272 assensione,
479 1232 530 1263 bis
545 1231 701 1272 profecto
713 1237 847 1272 peccat.

151 1280 315 1320 Primum,
346 1281 423 1321 quia
450 1290 517 1311 non
547 1281 672 1312 viderit
703 1281 832 1312 Parthe

152 1330 231 1361 nian
260 1341 313 1371 ap.
340 1331 481 1363 Graecos
507 1332 554 1362 nil
582 1341 658 1363 esse
685 1332 788 1372 aliud,
819 1332 847 1363 si

153 1382 288 1422 proprie
313 1382 406 1423 loqui
420 1383 513 1422 velis,
531 1393 629 1424 quam
646 1383 806 1424 spurium,
821 1394 847 1416 s,

152 1429 256 1461 filium
278 1432 412 1471 puellae,
439 1442 512 1472 quae
537 1433 630 1472 virgo
656 1436 847 1472 putaretur,

154 1491 228 1512 cum
244 1491 309 1511 non
325 1487 412 1512 esset
427 1487 537 1513 tamen
552 1493 560 1520 ;
585 1492 650 1523 qno
674 1483 706 1512 in
724 1492 847 1523 genere

153 1532 207 1562 vel
223 1532 411 1562 Mercurius
427 1532 499 1572 ipse
524 1536 622 1572 pater
639 1533 847 1572 ingeniorum

153 1579 267 1620 decipi
284 1581 402 1620 possit.
440 1581 559 1622 Itaque
571 1591 691 1611 nomen
708 1587 759 1612 est
771 1592 846 1622 pro-

154 1629 289 1661 brosum
307 1631 518 1670 Parthenias,
531 1631 618 1672 quod
633 1632 804 1672 Virgilius,
820 1632 847 1663 si

152 1680 297 1718 viveret,
313 1680 399 1710 haud
414 1690 493 1711 sane
507 1681 653 1711 libenter
667 1682 846 1721 acciperet.

152 1727 307 1759 Alterum
332 1734 393 1766 est,
409 1729 496 1770 quod
520 1735 654 1770 putaret
678 1731 846 1761 Corradus

149 1778 158 1794 ‘
174 1777 392 1808 Parthenias’
427 1788 524 1818 posse
547 1778 694 1810 formare
711 1780 846 1810 Parthe-

148 1826 246 1856 niatis
260 1827 292 1857 in
309 1836 388 1858 casu
411 1828 533 1867 patrio,
556 1838 630 1868 quae
655 1838 707 1859 res
730 1829 845 1860 nescio

150 1885 216 1917 qua
251 1877 356 1916 possit
391 1879 522 1908 ratione
556 1878 730 1916 excusari;
766 1888 843 1909 nam

147 1926 157 1943 ‘
171 1926 386 1957 Parthenias'
401 1926 474 1957 itid.
490 1926 680 1958 inflectitur
697 1937 736 1958 ac
759 1928 768 1944 ‘
781 1929 845 1968 Ly-

148 1974 232 2006 cias'
258 1979 293 2006 et
318 1975 487 2007 ‘AEncas.'
531 1977 597 2007 Sed
625 1976 713 2007 unde
740 1978 844 2017 igitur

147 2024 306 2065 Virgilius
323 2025 433 2057 dictus
457 2030 509 2057 est
532 2027 784 2066 ‘Parthenias‚'
809 2032 844 2058 et

148 2084 168 2105 a
193 2075 311 2116 quibus
338 2080 413 2106 orta
440 2076 498 2106 illa
525 2076 734 2116 appellatio?
766 2077 842 2108 Uno

147 2134 310 2165 responso
337 2135 407 2156 rem
431 2124 622 2157 confecero.
668 2126 843 2157 Gramma-

147 2174 291 2214 ticastri,
301 2176 357 2216 qui
370 2185 405 2206 se
418 2176 537 2206 doctos
548 2175 717 2216 perhiberi
730 2177 843 2207 stude-

147 2224 241 2264 bant,
257 2226 305 2256 illi
321 2235 386 2256 non
405 2230 562 2266 poterant
583 2226 713 2257 nescire
728 2227 841 2266 Virgi-

146 2275 225 2307 lium
242 2276 387 2307 libenter
402 2276 576 2307 victitasse
594 2276 636 2307 ad
657 2277 841 2317 Neapolin,

148 2335 247 2365 quam
263 2326 406 2366 ipsemet
423 2326 664 2365 Parthenopen
681 2331 792 2365 vocat,
808 2327 841 2357 in

146 2374 213 2406 fine
236 2375 447 2416 Georgicon:
477 2376 560 2407 ‘Illo
584 2376 764 2416 Virgilium
787 2387 841 2408 me

147 2430 298 2465 tempore
331 2425 436 2456 dulcis
463 2425 577 2456 alebat
607 2427 840 2466 Parthenope,

147 2473 265 2505 studiis
280 2473 456 2506 florentem
474 2474 628 2515 ignobilis
645 2474 718 2506 oti.’
754 2475 841 2506 Inde

146 2523 336 2563 Virgilium,
352 2528 390 2554 ut
404 2533 440 2554 se
458 2523 562 2554 bellos
585 2523 734 2554 homines
750 2523 841 2555 face·

147 2577 234 2611 rent,
245 2576 280 2603 et
292 2573 412 2604 Graece
423 2573 508 2603 scire
520 2572 726 2611 viderentur,
739 2574 748 2590 ‘
758 2573 840 2603 Par-

147 2621 295 2652 thenian’
311 2631 471 2653 vocavere
485 2635 493 2660 ;
515 2622 586 2661 sed,
603 2622 689 2662 quod
706 2621 770 2662 ipsi
786 2623 841 2653 ho-

147 2670 236 2700 noris
263 2680 363 2701 causa
390 2670 573 2710 faciebant,
601 2671 636 2701 id
665 2671 779 2711 probri
806 2675 840 2702 et

145 2719 335 2760 ignominiae
345 2726 437 2752 metu
451 2725 609 2762 poterant
620 2731 685 2752 non
698 2722 840 2761 dixisse3

147 2778 254 2810 neque
272 2771 359 2801 enim
375 2771 516 2802 multum
532 2771 573 2802 ad
590 2772 750 2802 honorem
765 2772 841 2802 Vir-

148 2818 216 2858 gilii
232 2819 364 2851 videtur
379 2820 592 2860 pertinuisse,
603 2825 641 2851 ut
654 2821 787 2860 spurius
805 2825 841 2851 et

148 2869 370 2901 meretriculae
387 2871 498 2910 proles
521 2870 703 2910 diceretur,
719 2869 739 2901 i.
756 2879 787 2902 e.
804 2875 841 2901 ut

1515 328 1589 369 '701

904 431 1350 473 interpretor,Parthenias.
1376 431 1486 462 Faber.
1531 431 1596 462 Inf.

905 487 1064 513 vocantur
1093 481 1245 522 ‘spurii,'
1270 482 1384 522 quales
1415 491 1532 512 revera
1561 486 1596 512 et

903 536 1013 563 erant.
1043 531 1145 562 Vorst.

945 583 961 622 ξ
986 585 1005 612 8
1031 583 1092 617 Qui
1112 591 1178 612 cum
1200 582 1239 611 ad
1261 591 1355 611 annos
1376 580 1508 618 triginta
1531 590 1596 620 per-

901 632 1066 672 venissent]
1090 632 1276 672 Suspectus
1303 631 1356 661 hic
1384 631 1460 660 mihi
1484 640 1598 661 nume-

902 690 958 711 rus
994 681 1141 713 videtur.
1202 681 1274 720 Ego
1310 680 1426 719 viginti
1460 680 1594 719 legend.

902 735 996 771 puto.
1027 731 1113 761 Nam
1125 731 1271 770 juvenes
1293 734 1369 769 post
1385 732 1435 760 10.
1452 730 1596 760 obsidio-

901 782 951 812 nis
969 791 1091 812 annum
1107 781 1264 821 Spartam
1290 780 1380 810 missi
1397 778 1544 818 fuerant,
1561 784 1596 810 et

900 832 1104 863 Messeniam
1121 835 1173 862 19.
1197 830 1331 862 tandem
1358 839 1444 861 anno
1466 839 1595 870 expug-

899 885 1011 912 natam
1033 880 1153 912 scribit
1174 890 1216 911 ex
1240 880 1376 920 Ephoro
1398 879 1521 910 Strabo
1536 880 1594 912 lib.

899 940 950 962 vl.
966 931 1021 962 ubi
1038 931 1078 961 de
1095 931 1253 962 Tarento.
1280 930 1372 961 Glur.

942 981 1034 1012 Nulli
1049 981 1130 1012 em'm
1142 980 1246 1021 pater]
1273 978 1451 1020 Ἀπάτορες,
1467 983 1502 1011 et
1517 990 1594 1021 spu-

899 1030 938 1061 rii
955 1031 1027 1062 filii.
1052 1031 1117 1062 Inf.
1136 1031 1193 1062 lib.
1210 1039 1272 1062 xx.
1300 1031 1401 1069 Bong.

943 1082 1124 1122 Palantum]
1150 1081 1260 1112 Graeci
1282 1079 1450 1120 Φάλαντον,
1471 1084 1506 1111 et
1523 1080 1593 1111 Ho-

899 1135 965 1162 rat.
990 1141 1029 1162 11.
1055 1132 1122 1164 Od.
1148 1135 1180 1163 6.
1226 1131 1406 1162 Eustathio
1432 1130 1591 1161 Φίλανθος.

899 1182 954 1212 De
969 1182 1229 1213 Tarentinorum
1256 1181 1387 1221 origine
1405 1181 1474 1211 vid.
1491 1180 1592 1211 etiam

898 1231 1098 1262 Pausaniam
1114 1232 1146 1262 in
1163 1232 1331 1263 Phocicis.
1359 1231 1456 1262 Idem.
1496 1231 1592 1263 Junt.

897 1281 1096 1312 Phalantum.
1131 1282 1181 1313 Ut
1197 1281 1325 1320 Graeci,
1340 1281 1459 1322 quibus
1483 1282 1492 1298 ‘
1507 1280 1594 1311 Pha-

896 1330 1033 1362 lautus.'
1078 1332 1122 1362 Et
1139 1331 1254 1363 statim
1271 1331 1331 1362 iid.
1347 1341 1423 1361 curn
1440 1331 1591 1361 omnibus

898 1380 982 1412 Mss.
1006 1380 1142 1411 ‘Arati'
1161 1390 1220 1420 pro
1235 1381 1342 1411 Araci.
1367 1380 1481 1411 Graev.
1505 1379 1591 1410 Aliis

898 1430 1102 1469 ‘Palantus,’
1114 1430 1188 1460 aliis
1212 1431 1221 1447 ‘
1233 1429 1442 1468 Phalantus,’
1456 1429 1591 1460 «licitur.

897 1478 938 1508 In
965 1479 1032 1509 Ms.
1062 1479 1264 1517 lelanctus,
1293 1479 1412 1510 vitiose
1441 1479 1590 1520 quidem,

897 1527 955 1557 sed
985 1528 1122 1568 propius
1152 1528 1194 1559 ad
1226 1538 1336 1559 veram
1367 1529 1447 1559 lect.
1500 1529 1589 1559 Nam

897 1578 1031 1609 omnino
1052 1578 1221 1610 scribend.
1238 1584 1291 1615 est
1313 1579 1507 1610 Plzalanthus
1529 1589 1590 1619 per

896 1632 1049 1658 octavam
1066 1629 1259 1659 Graecorum
1275 1630 1407 1660 literam
1431 1633 1467 1669 Θ,
1493 1635 1529 1660 ut
1554 1635 1589 1660 et

896 1678 970 1716 plus
987 1687 1052 1708 uno
1068 1679 1142 1709 loco
1159 1689 1212 1719 ap.
1238 1679 1452 1719 Pausaniam,
1474 1685 1588 1711 aucto-

895 1736 965 1757 rem
983 1728 1014 1758 in
1031 1728 1093 1759 hoc
1106 1737 1240 1768 genere,
1252 1729 1305 1759 cui
1319 1733 1395 1759 tuto
1408 1729 1500 1759 credi
1515 1738 1589 1769 pos-

895 1777 948 1807 sit.
972 1776 1030 1816 At,
1047 1779 1103 1818 qui
1121 1779 1161 1809 ab
1178 1778 1250 1809 aliis
1269 1778 1430 1809 ‘Aracus'
1454 1779 1589 1818 dicitur,

894 1826 921 1856 is
951 1826 992 1857 ab
1023 1827 1096 1857 aliis
1132 1826 1307 1860 ‘Aratus.’
1373 1828 1462 1859 Illud
1494 1830 1587 1868 prius

893 1876 998 1916 magis
1012 1878 1135 1917 placet.
1156 1878 1266 1908 Faber.
1296 1878 1461 1910 Quoniam
1474 1878 1586 1909 Graeci

893 1925 1052 1957 Φάλαντος
1081 1927 1245 1966 scribunt,
1275 1932 1310 1958 et
1339 1927 1436 1958 Junt.
1465 1927 1519 1957 ed.
1550 1931 1587 1958 ut

893 1976 1008 2007 Graev.
1027 1981 1186 2014 testatur,
1204 1975 1382 2007 manifeste
1400 1976 1447 2006 ita
1471 1977 1586 2014 habet,

893 2025 942 2055 ita
959 2025 1091 2056 omnino
1108 2030 1143 2056 et
1160 2025 1368 2057 rescribend.
1387 2026 1587 2066 putavimus.

892 2075 1025 2106 Deinde
1049 2076 1128 2115 quia
1153 2076 1236 2106 Mss.
1264 2084 1390 2114 omnes,
1416 2080 1452 2106 ut
1478 2075 1586 2114 Bong.

893 2128 1054 2162 testatur,
1070 2124 1194 2155 habent
1208 2124 1314 2162 Arati,
1330 2134 1392 2155 nee
1415 2125 1514 2155 aliter
1531 2134 1586 2155 ve-

893 2178 946 2204 tus
962 2173 1016 2204 ed.
1033 2173 1128 2205 Junt.
1145 2174 1227 2204 illud
1250 2174 1331 2204 item
1356 2174 1410 2204 hic
1435 2184 1585 2214 resump-

892 2224 1005 2255 simus.
1032 2224 1136 2254 Vorst.
1166 2224 1352 2254 Phalantum
1365 2230 1456 2255 recte
1472 2226 1585 2255 Vorst.

892 2283 934 2304 ex
950 2274 1047 2306 Junt.
1062 2273 1199 2305 Graevio
1215 2283 1370 2313 suasore;
1387 2274 1468 2305 item
1480 2274 1586 2306 Arati.

891 2323 1009 2355 Schef.

944 2376 961 2414 ξ
985 2377 1023 2404 11
1048 2374 1142 2405 Sedes
1169 2373 1214 2404 ibz‘
1241 2373 1446 2414 constituunt]
1481 2373 1582 2413 Angl.

891 2433 915 2454 ε.
929 2423 989 2454 sibi
1003 2434 1028 2454 c.
1045 2423 1169 2454 Probo.
1194 2423 1297 2460 Schef.

934 2473 951 2512 ς
976 2475 1014 2502 12
1041 2472 1261 2511 proturbatus]
1273 2471 1491 2512 Antiquiores
1505 2472 1582 2503 edd.

887 2521 1095 2561 perturbatus.
1132 2521 1177 2552 Et
1192 2521 1309 2552 dicunt
1326 2531 1406 2551 sane
1428 2522 1437 2536 ‘
1452 2528 1583 2560 pertur-

891 2571 987 2602 bare'
1010 2580 1080 2611 pro,
1105 2571 1320 2610 proturbare.
1353 2572 1427 2601 Val.
1446 2572 1494 2602 M.
1512 2581 1534 2601 1.
1550 2575 1580 2601 8.

891 2622 969 2652 Ext.
989 2624 1020 2652 8.
1058 2622 1067 2637 ‘
1082 2620 1302 2650 Inventurum
1319 2630 1454 2660 equum,
1470 2621 1529 2650 sed
1547 2627 1583 2652 ut

890 2682 930 2703 eo
947 2671 1163 2712 perturbatus
1180 2670 1332 2711 periret!
1359 2671 1445 2702 Caes.
1461 2681 1524 2702 vn.
1542 2673 1582 2702 B.

890 2721 933 2752 G.
972 2721 1048 2751 ‘De
1076 2721 1164 2751 vallo
1192 2720 1415 2760 perturbare.’
1451 2720 1581 2751 Auctor

889 2771 929 2801 ad
947 2771 1097 2802 Herenn.
1114 2779 1163 2800 lv.
1189 2771 1197 2786 ⁶
1215 2769 1431 2808 Praecipitem
1449 2775 1581 2808 pertur-

889 2820 968 2850 bare
985 2829 1024 2849 cx
1041 2829 1082 2850 ea
1097 2818 1259 2851 civitate!
1295 2819 1371 2850 Vid.
1394 2823 1429 2850 et
1453 2819 1581 2850 Gifanii

889 2869 974 2901 obs.
991 2870 1029 2900 L.
1045 2870 1082 2900 L.
1114 2869 1216 2901 Vorst.
