2174 3424
595 357 790 387 JUS‘HN!
828 359 870 387 Ll
884 360 919 388 B.

209 450 325 489 λοῦσιν,
341 449 425 490 ἕκτῇ,
447 449 514 480 καθ’
528 448 565 486 ἢν
587 449 699 491 ἡμέραν
714 452 730 481 ὁ
744 453 800 488 τῆς
815 452 902 492 Ἐφε-

210 501 276 532 σίας
291 499 461 541 Ἀρτέμιδος
473 499 639 540 ἐνεπρήσθη
652 501 734 531 νεώς·
754 508 787 532 et
803 503 902 542 paulo

208 555 287 590 post
299 562 307 582 z
332 549 469 589 Φιλίππῳ
481 549 511 580 δὲ
521 549 586 591 ἄρτι
600 549 762 581 Ποτιδαίαν
775 550 902 592 ᾑρηκότι

207 601 286 641 τρεῖς
299 599 373 637 ἧκον
386 600 531 639 ἀγγελίαι
544 600 623 632 κατὰ
644 600 700 632 τὸν
722 601 814 631 αὐτὸν
828 600 902 641 χρό-

206 661 269 683 νον·
299 651 320 689 ἡ
346 650 413 691 μὲν,
439 651 606 692 ’Ῑλλυρίους
640 651 791 689 ἡττᾶσθαι
814 652 901 694 μάχῃ

205 701 326 742 μεγάλῃ
340 701 388 732 διὰ
400 700 616 741 Παρμενίωνος·
636 702 655 739 ἡ
670 701 715 741 δὲ,
731 701 902 741 Ὀλυμπιά-

207 761 255 781 σιν
272 750 356 789 ἵππῳ
384 749 491 788 κέλητι
512 751 707 788 νενικηκέναι’
743 752 830 793 τρίτη
855 752 900 792 δὲ,

204 802 273 843 περὶ
294 804 350 839 τῆς
375 801 572 843 Ἀλεξάνδρου
594 802 755 842 γενέσεως·
781 803 830 843 ἐφ’
857 802 902 836 οἷς

203 851 358 892 ἡδόμενον,
374 853 412 884 ὡς
427 852 516 892 εἰκὸς,
534 852 578 884 ἔτι
592 855 714 893 μᾶλλον
735 854 763 885 οἵ
776 853 901 893 μάντεις

203 903 328 944 ἐπῇραν,
357 903 590 943 ἀποφαινόμενοι
616 903 672 936 τὸν
701 906 795 935 παῖδα
819 904 900 945 τρισὶ

202 953 297 985 νίκαις
311 953 574 993 συγγεγενημένον
584 954 726 992 ἀνίκητον
741 954 877 986 ἔσεσθαι.

245 1005 263 1044 ᾧ
284 1007 303 1033 5
328 1004 501 1044 Praepetes]
531 1004 608 1035 Seio
632 1005 768 1042 tradere
791 1005 900 1046 Hygi-

203 1063 281 1084 num
297 1053 305 1070 ‘
319 1057 489 1093 praepetes
502 1052 511 1067 ’
536 1062 591 1084 eas
607 1063 685 1084 aves
700 1054 767 1085 dici
784 1055 825 1085 ab
843 1065 899 1085 au·

203 1102 352 1142 guribus,
379 1112 453 1142 quae
480 1107 670 1143 opportune
701 1104 900 1144 praevolant,

203 1158 262 1184 aut
278 1153 414 1184 idoneas
436 1153 533 1184 sedes
558 1154 714 1194 capiunt:
739 1164 804 1185 non
822 1165 898 1195 pos·

203 1213 275 1234 sum
303 1208 426 1242 tamen,
453 1203 597 1234 maxime
624 1214 699 1235 cum
727 1205 834 1245 Bong.
863 1205 897 1236 in

202 1262 269 1284 uno
295 1263 355 1283 suo
382 1254 449 1284 Ms.
474 1254 643 1293 repererit
666 1255 811 1294 perpedes
836 1264 898 1295 pro

199 1306 360 1343 proepetes,
382 1307 599 1334 contemnere
623 1305 721 1344 plane
747 1309 781 1336 et
801 1310 898 1336 extra

201 1362 376 1384 numerum
405 1353 530 1385 habere
560 1354 762 1394 scripturam
798 1354 897 1386 Fuld.

201 1403 486 1443 membranarum,
499 1404 532 1434 iu
548 1405 667 1445 quibus
681 1405 829 1436 disertim
845 1411 898 1437 est

199 1457 350 1494 perpetes,
364 1459 400 1485 ut
413 1454 538 1485 dictum
552 1459 604 1486 est
615 1465 633 1485 a
646 1455 759 1486 Plaut.
775 1454 898 1495 Amph.

202 1511 228 1534 1.
258 1506 287 1533 l.
314 1506 387 1534 124.
423 1503 567 1536 ‘Quievi
598 1504 631 1534 in
659 1504 737 1534 navi
762 1509 898 1535 noctem

202 1553 402 1592 perpetem.'
434 1554 570 1584 Modius.
627 1554 766 1594 Optime
796 1564 898 1585 mem-

205 1602 319 1633 branae
350 1603 446 1634 Fuld.
471 1607 620 1643 perpetes.
665 1605 745 1644 Sup.
773 1604 831 1636 lib.
862 1613 896 1635 v.

200 1653 211 1669 ⁴
227 1653 358 1693 perpeti
371 1653 495 1684 nocte!
510 1654 593 1685 Cum
606 1659 718 1685 tamen
731 1655 792 1685 viri
806 1655 898 1686 docti

203 1706 342 1734 tuentur
362 1703 544 1742 vulgatam,
568 1704 665 1735 velim
691 1705 769 1735 mihi
793 1705 898 1744 expli-

203 1756 294 1790 cent,
325 1752 404 1792 quid
430 1753 492 1783 sibi
520 1754 626 1784 velint
655 1754 709 1785 liic
736 1758 897 1795 proepetes.

202 1801 272 1839 Sed
296 1805 362 1832 lota
386 1803 436 1833 die
458 1807 599 1843 perpetes
623 1809 696 1834 est:
730 1805 815 1836 Tota
841 1805 896 1836 die

199 1857 367 1892 perpetuo
384 1852 547 1884 sederunt
563 1854 598 1884 in
613 1854 670 1885 illo
686 1854 845 1894 culmine,
860 1858 898 1886 ut

201 1912 365 1943 nusquam
390 1912 426 1934 se
452 1903 529 1934 hinc
559 1909 747 1936 moverent.
782 1905 896 1937 Plaut.

200 1953 324 1993 Amph.
340 1962 364 1983 1.
381 1955 411 1984 l.
443 1953 453 1970 ‘
472 1953 593 1993 Neque
620 1963 684 1994 ego
706 1954 768 1986 hac
794 1959 896 1985 nocte

200 2002 384 2042 longiorem
413 2012 467 2033 me
496 2003 619 2034 vidisse
650 2013 787 2044 censeo,
822 2004 898 2035 Nisi

198 2053 280 2084 item
298 2062 408 2091 unam,
422 2052 619 2084 verberatus
635 2063 735 2094 quam
749 2054 897 2094 pependi

198 2103 405 2144 perpetem.'>
418 2104 524 2135 Graev.
552 2104 661 2144 Bong.
679 2105 713 2135 iu
732 2114 796 2135 uno
813 2104 903 2137 Cod.

198 2153 267 2184 Ms.
292 2153 487 2184 observavit
510 2155 679 2194 perpedes;
702 2159 738 2186 et
761 2155 897 2186 Modius

201 2203 235 2234 in
265 2204 350 2234 Mss.
380 2203 478 2234 Fuld.
517 2203 698 2234 manifeste
736 2207 896 2244 perpetes.-

199 2253 288 2294 quod
307 2252 354 2284 id.
373 2253 429 2284 hic
450 2262 517 2284 nou
535 2254 634 2293 plane
657 2254 895 2286 contemnend.

193 2302 341 2343 judicat.
371 2303 489 2334 Sedet
505 2303 642 2335 Graevio
657 2303 796 2334 mirifice
813 2304 898 2335 illud

198 2352 336 2392 placet3
360 2362 436 2383 cum
459 2353 532 2392 ipse
550 2354 678 2384 Noster
693 2353 751 2384 lib.
768 2363 801 2384 v.
822 2354 896 2384 dix-

199 2401 267 2432 erit
292 2402 301 2418 ‘
320 2402 453 2442 perpeti
482 2403 606 2435 nocte!
651 2404 757 2435 Nobis
783 2408 896 2436 tamen

199 2461 268 2483 non
288 2452 415 2494 liquet;
439 2452 516 2484 ideo
540 2453 675 2494 quidem
698 2453 786 2495 quod
812 2463 897 2494 prae-

200 2501 293 2533 cedit
311 2502 322 2519 ⁴
339 2507 414 2533 tota
429 2502 518 2534 diez'
540 2503 629 2545 quod
651 2503 697 2535 id.
723 2508 777 2534 est
795 2504 896 2555 quod,

199 2551 335 2592 perpeti
349 2551 415 2583 die.
445 2552 519 2584 Vor-

243 2601 261 2640 §
283 2603 303 2632 6
324 2602 475 2642 Alterius,
503 2602 573 2633 belli
598 2602 734 2644 Illyrici]
780 2603 819 2634 F.
848 2603 894 2634 le-

200 2649 299 2689 gend.
312 2652 434 2682 nuntios
446 2655 538 2691 pater
548 2652 613 2691 ejus
625 2655 657 2684 d.
669 2654 742 2684 vict.
756 2654 870 2693 accepit
882 2664 895 2691 ,¹

200 2699 331 2731 alterum
355 2701 385 2733 b.
407 2701 540 2742 Illyrici,
564 2704 705 2743 alterum,
725 2705 777 2743 ἅμ’.
812 2703 897 2734 Gro-

200 2757 278 2780 nov.
320 2751 404 2783 Mss.
441 2752 577 2793 quidam
613 2753 742 2785 habeut
777 2755 896 2793 alteroe,

201 2806 299 2838 quam
312 2799 391 2830 lect.
407 2799 544 2832 firmant
565 2802 619 2832 alii
642 2802 752 2842 multi,
772 2802 805 2833 in
822 2802 896 2843 qui·

201 2846 264 2877 bus
279 2851 331 2878 est
344 2849 458 2881 alteroe.
501 2850 611 2881 Porro
626 2852 732 2882 altera
752 2861 826 2891 pro,
849 2851 896 2881 al-

203 2895 320 2937 terius,
334 2905 400 2929 non
416 2902 470 2930 est
491 2899 689 2941 repudiand.
704 2900 739 2932 in
755 2901 897 2942 Nostro,

952 359 1043 390 xri.
1075 362 1179 391 cAP.
1211 352 1278 392 16.
1562 352 1649 394 835

954 454 1010 493 qui
1026 458 1158 486 secutus
1182 460 1234 486 est
1259 456 1417 496 Trogum,
1439 456 1557 496 priscoe
1581 457 1649 488 elo-

953 504 1099 543 quentiae
1117 505 1235 543 virum,
1253 511 1286 536 ut
1311 507 1381 545 ipsc
1397 517 1471 536 cum
1489 507 1651 546 nominat,

954 553 1162 594 vestigiaque
1177 555 1318 593 plurima
1334 556 1364 585 iu
1383 557 1507 586 Nostro
1523 561 1649 587 testan-

953 605 1018 633 tur.
1061 603 1147 633 Sane
1163 604 1258 634 Vett.
1273 605 1385 643 altera,
1403 606 1520 644 alteroe,
1542 607 1649 636 alteroe

951 650 1134 690 inflexisse,
1150 659 1347 693 argumento
1361 654 1475 685 Plauti
1487 655 1578 685 locus
1595 659 1648 686 est

951 701 985 731 iu
1002 701 1089 733 Rud.
1111 711 1167 733 111.
1189 705 1221 734 4.
1247 703 1304 734 ubi
1327 704 1396 735 ait:
1422 705 1430 721 ‘
1446 706 1547 745 Nam,
1571 705 1649 737 huic

952 751 1069 782 alterae
1093 752 1203 792 patria
1230 763 1303 793 quae
1329 754 1384 793 sit,
1410 754 1567 795 profecto
1591 765 1648 785 ne-

951 800 1042 832 scio.’
1089 801 1205 842 Atque
1221 802 1267 833 sic
1290 807 1326 833 et
1349 813 1402 844 ap.
1418 804 1552 836 Terent.
1569 804 1648 845 legi-

950 854 1016 881 tur.
1061 852 1108 882 Ut
1124 856 1236 882 autem
1250 853 1260 870 ‘
1277 853 1391 884 alterae
1404 853 1414 867 ’
1430 854 1463 884 in
1475 855 1588 895 tertio,
1600 856 1649 886 ita

951 900 1034 931 etin
1051 901 1198 932 secundo
1215 911 1295 932 casu
1318 902 1443 933 dixisse
1468 913 1529 944 per
1551 910 1649 935 natu-

949 959 1019 980 ram
1031 948 1247 982 inflexjonum
1261 961 1400 983 necesse
1414 957 1478 985 est.
1503 954 1550 985 Ut
1563 953 1648 985 adeo

948 1000 1052 1031 idhic
1070 1000 1114 1031 sit
1130 1002 1270 1033 notaud.
1295 1001 1400 1040 Schef.

992 1052 1010 1092 ξ
1032 1054 1052 1082 7
1075 1052 1162 1082 Puer
1189 1052 1372 1092 acerrimis]
1408 1053 1505 1085 Junt.
1535 1055 1649 1085 acerri-

947 1111 1024 1140 mus,
1040 1102 1180 1142 optime.
1213 1103 1368 1134 Flor.1v.
1386 1105 1417 1135 4.
1441 1102 1649 1145 ‘Antonius‚

947 1152 1125 1191 praelatum
1146 1152 1207 1183 sibi
1235 1153 1418 1184 Octavium
1441 1153 1572 1194 furens,
1598 1154 1648 1185 in-

948 1201 1117 1241 expiabile
1130 1207 1250 1233 contra
1266 1203 1482 1243 adoptionem
1493 1204 1650 1234 acerrimi

942 1251 1079 1291 juvenis
1094 1256 1291 1292 susceperat
1305 1252 1466 1283 bellumz’
1487 1253 1519 1284 h.
1536 1262 1565 1285 e.
1583 1254 1649 1284 sol-

947 1301 1130 1332 lertissimi.
1146 1302 1253 1333 Graev.
1276 1302 1298 1334 J
1303 1307 1372 1334 unt.
1384 1303 1570 1334 acerrimus.-
1585 1313 1648 1335 nec

948 1350 1127 1391 displicet:
1162 1353 1336 1392 vulgatum
1361 1362 1443 1384 sane
1472 1353 1527 1384 vix
1553 1354 1647 1386 Lati-

947 1410 1027 1432 num
1044 1407 1108 1432 est.
1133 1401 1240 1440 Schef.

990 1453 1007 1492 §
1031 1455 1051 1483 8
1074 1452 1139 1483 Sub
1153 1451 1338 1492 Aristotele]
1369 1453 1460 1485 Plut.
1478 1452 1577 1484 Alex.
1595 1457 1646 1486 ll.

949 1501 1005 1542 qui
1022 1506 1056 1532 et
1071 1504 1102 1532 8.
1128 1506 1358 1542 praeceptores
1371 1502 1569 1534 Alexandro
1588 1504 1647 1534 tri·

947 1551 1023 1582 buit
1039 1551 1223 1582 Leonidam
1240 1556 1275 1583 et
1291 1553 1527 1592 Lysimachum
1540 1553 1647 1586 Acar-

948 1611 1048 1632 nana.
1093 1601 1145 1632 De
1170 1601 1324 1633 doctrina
1348 1608 1383 1634 et
1406 1603 1527 1634 studiis
1544 1604 1648 1634 Alex·

946 1651 1043 1682 andri
1069 1652 1161 1683 locus
1186 1653 1328 1692 insignis
1353 1658 1406 1684 est
1429 1653 1529 1685 Orat.
1549 1657 1574 1685 1.
1604 1655 1646 1685 de

947 1703 1040 1734 Fort.
1053 1702 1153 1734 Alex.
1169 1706 1204 1734 4.
1222 1708 1257 1735 et
1272 1707 1302 1735 5.
1324 1704 1433 1744 ejusd.
1451 1705 1543 1736 Plut.
1569 1706 1647 1737 Ber.

989 1754 1124 1784 Doctore
1150 1755 1265 1795 inclyto
1294 1755 1429 1786 omnium
1457 1756 1648 1796 philosopho-

945 1803 1029 1843 rum]
1053 1804 1222 1844 Ridicule,
1236 1814 1344 1846 neque
1357 1805 1467 1836 isthuc
1480 1815 1498 1836 a
1509 1806 1648 1838 Justino

947 1857 1012 1893 est,
1034 1854 1122 1894 quod
1138 1854 1234 1894 legis.
1279 1855 1334 1885 An
1351 1854 1551 1886 Aristotcles
1569 1855 1648 1886 doc-

947 1907 1000 1933 tor
1023 1902 1089 1934 fuit
1111 1904 1258 1934 omnium
1282 1904 1580 1944 philosophorum?
1603 1906 1655 1939 sit.

947 1953 1041 1992 satis,
1058 1963 1126 1984 suae
1144 1953 1279 1985 familiae
1295 1964 1303 1992 ς
1328 1954 1481 1993 aliarum,
1496 1955 1647 1986 minime.

946 2001 1002 2033 An
1021 2002 1138 2034 docuit
1160 2003 1420 2042 Anaximenem,
1444 2003 1650 2035 Anaximan-

947 2051 1057 2093 drum,
1078 2053 1266 2093 Thaletem,
1299 2054 1546 2092 Democritum,
1577 2054 1647 2094 Py-

947 2102 1134 2142 thagoram,
1149 2103 1401 2143 Parmenidem,
1427 2103 1647 2143 Archelaum,

945 2151 1135 2192 Socratem,
1165 2152 1356 2192 Platonem,
1385 2155 1449 2184 &c-
1477 2153 1533 2194 qui
1566 2158 1645 2184 ante

946 2200 1055 2241 ipsum
1071 2199 1230 2233 fuerunt?
1251 2200 1306 2232 An
1323 2201 1427 2233 etiam
1451 2211 1508 2233 eos
1527 2203 1646 2234 docuit

947 2250 1003 2291 qui
1019 2255 1140 2291 postea
1162 2251 1291 2291 vixere,
1312 2252 1509 2291 Epicurum,
1535 2256 1570 2283 et
1596 2258 1646 2283 to-

945 2304 1015 2331 tam
1031 2301 1118 2333 illius
1134 2301 1292 2332 domum?
1315 2303 1378 2333 &c.
1422 2302 1522 2332 Unde
1540 2302 1646 2342 igitur

945 2351 1063 2382 isthaee
1094 2352 1254 2382 intrusa?
1291 2350 1346 2382 Ab
1376 2351 1492 2392 inepto
1532 2351 1644 2392 aliquo

945 2399 1112 2440 discipulo
1127 2399 1263 2432 Alberti
1279 2401 1411 2441 Magni,
1424 2402 1481 2442 qui
1492 2400 1532 2431 ad
1550 2410 1645 2431 oram

944 2450 1071 2481 Justini
1102 2451 1152 2481 sui
1180 2451 1243 2483 hoc
1270 2451 1513 2491 adscripserat,
1538 2451 1644 2481 admi*

945 2509 1023 2530 rans
1047 2510 1094 2532 sc.
1120 2501 1276 2540 angelum
1304 2501 1472 2539 Naturae3
1495 2500 1556 2531 sed
1580 2501 1644 2532 hoc

944 2558 1063 2589 parum
1093 2554 1163 2588 est;
1204 2550 1316 2581 Deum
1347 2549 1457 2589 ipsum
1489 2549 1645 2589 Naturae,

944 2599 1116 2629 volueram
1130 2598 1255 2630 dicere.
1275 2598 1386 2630 Faber.
1417 2598 1494 2629 Hoc
1510 2600 1644 2629 omnium

940 2648 1201 2689 philosophorum,
1215 2648 1382 2689 quomodo
1396 2657 1471 2678 cum
1483 2647 1492 2664 ‘
1505 2647 1645 2688 inclyto'

944 2698 1126 2737 cohaereat,
1152 2707 1218 2729 non
1243 2697 1352 2729 video.
1396 2697 1488 2728 Puto
1519 2698 1643 2736 glossa-

944 2748 1026 2779 toris
1043 2758 1131 2787 esse,
1148 2758 1213 2779 uon
1225 2747 1364 2781 Justini.
1387 2747 1490 2784 &hest

987 2800 1004 2839 ᾧ
1029 2802 1069 2829 10
1096 2799 1139 2829 Ut
1153 2799 1218 2838 illo,
1233 2798 1300 2838 ξω]
1338 2797 1501 2828 Vincent.
1528 2806 1563 2829 v.
1588 2800 1642 2828 65.

944 2849 953 2866 ‘
969 2849 1018 2880 Ut
1032 2849 1053 2880 i.
1069 2858 1102 2889 p.
1114 2849 1222 2879 nullos
1233 2848 1346 2879 hostes
1358 2856 1420 2879 nec
1434 2857 1527 2880 arma
1539 2848 1642 2881 etiam

944 2898 1088 2930 inermes
1104 2898 1287 2930 timerent?
