2101 3419
595 359 790 390 Jus'r1N1
827 359 916 390 mn.
951 359 1177 391 xxxvui.
1209 361 1317 392 cAP.
1347 351 1390 392 9.

273 452 386 485 Strab.
404 461 496 484 xvu.
527 452 607 484 Vid.
631 452 723 494 Epit.
746 453 818 486 Liv.
833 462 905 486 mx.
931 458 967 486 et

274 503 376 535 Oros.
393 513 426 535 v.
443 506 494 534 10.
517 503 622 542 Bong.

316 555 333 594 §
350 557 381 584 ὃ.
397 556 416 584 7
435 553 553 588 Quibus
566 552 667 591 rebus,
681 552 749 593 Sym]
770 553 965 585 Tertullian.

273 602 420 644 Apolog.
438 605 490 633 37.
526 603 536 620 ‘
550 602 586 634 Si
608 606 704 634 tanta
725 604 774 634 vis
796 604 965 635 hominum

271 653 307 684 in
334 653 478 694 aliquem
507 652 595 684 orbis
620 653 739 684 remoti
771 653 878 684 sinum
909 653 967 684 ab·

271 704 475 743 rupissemus
487 713 505 734 a
521 703 630 743 vobis,
641 702 836 734 suffudisset
849 703 965 745 utique

271 753 532 784 dominationem
556 758 704 784 vestram
728 758 779 784 tot
801 754 964 794 qualium-

271 813 405 844 cunque
421 803 554 835 amissio
570 804 712 834 civium:
735 803 800 834 imo
814 804 915 835 etiam
930 808 966 835 et

269 853 344 894 ipsa
369 853 590 885 destitutione
618 854 791 894 punisset3
831 854 966 894 procul-

269 902 371 934 dubio
407 903 632 943 expavissetis
668 903 711 934 ad
748 903 965 934 solitudinem

267 957 428 993 vestram,
451 953 494 983 ad
517 953 686 984 silentium
710 963 821 984 rerum
843 958 877 984 et
899 958 967 984 stn-

268 1013 386 1044 porem
401 1003 565 1044 quendam
582 1004 678 1045 quasi
692 1008 834 1034 mortuae.
851 1003 963 1035 urbis:

266 1054 475 1094 quaesissetis
487 1054 605 1096 quibus
617 1054 650 1085 in
663 1063 704 1085 ea
715 1054 966 1094 imperassetis.’

270 1104 371 1136 Bern.

311 1156 327 1196 §
348 1158 368 1187 8
390 1154 520 1194 Legatis
544 1153 766 1194 Romanorum]
806 1154 967 1186 Meminit

267 1204 336 1246 huj.
359 1205 539 1246 legationis
563 1204 678 1236 Strab.
700 1213 776 1236 Χιν.
807 1205 963 1243 Bongars.

269 1255 346 1286 Val.
364 1255 412 1287 M.
428 1264 479 1288 1v.
491 1258 522 1287 3.
535 1258 587 1287 13.
609 1255 774 1296 Scipionis
790 1256 964 1286 continen-

269 1305 351 1336 tiam
372 1305 503 1346 laudat,
525 1305 614 1347 quod
639 1305 723 1336 hanc
749 1305 966 1345 legationem,

270 1359 400 1395 septem
416 1360 548 1386 tantum
563 1355 670 1386 servis
685 1355 877 1394 comitatus,
894 1356 965 1387 obi-

271 1406 348 1437 erit.
369 1406 463 1437 Plut.
479 1405 615 1446 Apoph.
631 1406 727 1436 Rom.
742 1408 794 1436 23.
816 1406 916 1437 Bern.

314 1454 523 1495 [aspicienda]
544 1455 614 1496 Ap.
626 1456 787 1488 Vincent.
803 1459 964 1496 corrupte

273 1504 387 1536 editur
402 1506 499 1545 aspie.

314 1556 332 1595 §
355 1558 376 1586 9
398 1555 518 1595 Sag-ina
537 1555 668 1596 ventris]
701 1554 733 1586 A
759 1565 824 1596 qua
848 1555 965 1587 Ptole-

270 1614 374 1636 maeus
388 1606 443 1637 hic
466 1607 475 1623 ‘
490 1606 666 1647 Physcon'
689 1610 743 1638 est
762 1606 965 1646 appellatus,

269 1654 302 1686 h.
320 1664 353 1687 e.
367 1655 587 1696 ventricosus,
605 1657 738 1687 obesus.
761 1657 859 1688 Rern.

312 1705 330 1745 ξ
354 1708 394 1736 10
415 1705 580 1736 Subtilitas
591 1705 756 1746 perlucidae
771 1705 879 1746 vestis]
907 1706 963 1737 De

268 1755 322 1786 his
338 1756 487 1787 vestibus
502 1756 581 1787 Ceis
597 1766 624 1787 s.
641 1756 719 1787 Cois
737 1756 827 1787 Plin.
844 1765 897 1787 xr.
909 1758 962 1787 22.

268 1805 331 1836 ‘In
356 1806 426 1837 Ceo
448 1806 568 1837 mulier
593 1806 773 1847 Pamphila
789 1806 965 1846 excogitat

268 1856 448 1896 rationem,
463 1860 500 1887 ut
517 1856 665 1887 denudet
679 1856 820 1887 feminas
836 1855 964 1888 vestis!

269 1907 315 1937 Et
329 1916 404 1947 cap.
418 1916 490 1947 seq.
511 1906 521 1923 ‘
539 1907 614 1938 Nec
635 1906 757 1947 puduit
772 1907 833 1937 has
849 1911 963 1938 vestes

267 1966 431 1997 usurpare
445 1957 548 1988 etiam
565 1956 665 1996 viros,
677 1956 850 1988 levitatem
864 1965 964 1997 prop-

267 2010 322 2037 ter
337 2006 501 2037 aestivam.
546 2006 588 2037 In
603 2010 737 2038 tantum
751 2015 771 2037 a
786 2006 892 2037 lorica
907 2016 963 2047 ge-

265 2057 371 2088 renda
383 2057 569 2089 discessere
585 2066 705 2095 mores,
728 2061 766 2088 ut
788 2057 883 2087 oneri
897 2057 963 2088 sint

266 2107 370 2139 etiam
388 2107 520 2140 vestes?
563 2106 604 2138 In
626 2117 683 2138 eas
704 2107 854 2147 graviter
868 2106 962 2138 inve-

265 2158 358 2190 hitur
373 2159 452 2190 Sen.
472 2157 588 2190 Benef.
604 2167 668 2189 vn.
685 2161 717 2189 9.
732 2161 769 2188 et
784 2157 894 2198 Epist.
908 2159 962 2188 90.

266 2213 302 2240 et
314 2210 448 2240 Consol.
463 2209 596 2240 Helviae
614 2212 664 2241 16.
693 2209 878 2240 Pellucidis
889 2219 962 2240 ves-

266 2257 356 2288 thus
385 2258 590 2289 Tarentinos
615 2258 759 2290 amictos
785 2257 891 2289 refert
915 2259 961 2290 A-

266 2307 417 2339 thenaeus
434 2316 502 2339 xn.
515 2312 547 2339 5.
572 2318 606 2348 p.
619 2311 694 2339 522.
716 2308 835 2340 AElian.
850 2318 916 2341 v11.
927 2312 959 2340 9.

268 2357 410 2389 Hieron.
441 2357 518 2388 adv.
546 2357 686 2388 Helvid.
715 2357 777 2388 sub
807 2357 864 2389 fin.
893 2359 961 2391 Dio

269 2416 325 2446 ap.
340 2407 453 2438 Vates.
470 2416 525 2438 111.
541 2409 595 2452 93.
618 2408 718 2438 Idem.

309 2458 328 2496 ᾧ
352 2459 389 2487 11
420 2457 520 2495 Dum,
535 2456 605 2497 Sym]
635 2456 804 2497 ‘Inspicit
819 2457 962 2497 urbem,'

267 2510 307 2537 ut
322 2515 376 2547 ap.
397 2507 567 2547 Spartian.
584 2508 697 2539 Sever.
712 2510 763 2538 17.
793 2508 803 2524 ‘
822 2508 909 2539 Nam
926 2512 962 2539 et

269 2556 455 2596 Memphim
483 2561 518 2588 et
547 2557 776 2596 Memnonem,
803 2562 839 2588 et
865 2567 960 2598 pyra-

267 2605 374 2636 mides
395 2611 431 2637 et
452 2606 681 2647 labyrinthum
709 2607 890 2646 diligenter
912 2607 961 2638 in-

267 2657 398 2697 spexit?
419 2657 579 2690 Vincent.
601 2659 609 2675 ‘
624 2657 703 2689 dum
717 2657 900 2698 inspiceret
914 2657 960 2688 u.'

310 2708 327 2748 ᾧ
351 2710 391 2738 12
416 2708 584 2749 Detrahit]
607 2709 802 2740 Detrahere
828 2713 892 2748 est,
917 2708 960 2740 de

266 2758 343 2789 loco
359 2759 531 2799 superiore
550 2759 699 2800 dejicere
716 2763 775 2790 aut
791 2768 960 2790 amovere.

266 2807 435 2847 Imagines
466 2813 577 2839 autem
614 2809 774 2840 sublimes
808 2808 960 2840 dedicari

267 2856 396 2896 solitas,
409 2862 460 2889 est
476 2863 602 2890 notum.
649 2858 775 2899 Aptum
789 2869 871 2899 ergo
889 2869 960 2890 ver—

268 2905 358 2946 bum,
385 2917 450 2949 quo
479 2908 513 2939 in
543 2918 577 2940 re
605 2909 702 2940 simili
734 2909 840 2940 utitur
868 2910 959 2941 Suet.

1602 350 1713 392 1003

1018 454 1203 486 Domitian.
1230 457 1281 486 13.
1308 458 1339 486 ‹1.
1385 455 1427 486 Et
1456 455 1544 486 inter
1572 458 1712 486 senatus

1016 503 1289 543 acclamationes,
1327 505 1479 535 extincto
1515 505 1713 545 Commodo,

1016 553 1080 585 fuit
1095 553 1186 585 haec:
1211 555 1220 571 ⁴
1233 555 1440 587 Gladiatoris
1456 560 1578 587 statuae
1599 556 1714 588 detra·

1014 603 1172 635 hantur:'
1197 605 1368 645 Lamprid.
1386 608 1438 637 19.
1468 606 1568 637 Rern.

1058 654 1076 693 ς
1092 655 1131 684 13
1149 654 1283 695 Filium]
1307 655 1453 686 Nomine
1465 656 1712 696 Menephitem,

1017 701 1189 734 referente
1215 703 1291 735 Val.
1319 705 1369 735 M.
1400 713 1453 736 lx.
1483 708 1515 737 2.
1567 707 1648 739 Ext.
1677 711 1709 738 5.

1014 754 1254 785 Truculentum
1275 755 1339 786 hoc
1363 754 1492 786 facinus
1508 761 1713 787 memoratur

1015 804 1118 835 etiam
1149 804 1182 836 in
1212 805 1307 846 Epit.
1333 806 1407 836 Liv.
1437 814 1510 837 mx.
1556 806 1709 847 Legend.

1015 855 1219 894 Memphitem
1234 866 1277 886 ex
1298 855 1399 887 Diod.
1421 865 1477 897 ap.
1498 856 1614 888 Vales.
1636 860 1712 889 354.

1015 909 1051 935 et
1066 907 1140 936 374.
1172 906 1272 936 Idem.

1065 955 1105 986 In
1130 955 1211 987 cista
1239 955 1455 996 compositum]
1491 954 1712 997 Antiquiores

1013 1006 1107 1046 typis
1131 1015 1228 1046 expr.
1252 1007 1361 1047 impos.
1398 1006 1550 1047 Legend.
1577 1016 1659 1047 ergo
1686 1006 1711 1038 f.

1010 1056 1047 1087 >in
1059 1056 1169 1087 cistam
1183 1057 1292 1097 impos.
1327 1058 1443 1089 Vorst.

1056 1106 1120 1137 Die
1134 1106 1263 1146 natalis]
1284 1106 1467 1138 Subintell.
1487 1106 1586 1138 lucis.
1620 1108 1711 1140 Plin.

1014 1164 1156 1188 xxxvn.
1183 1157 1229 1189 N.
1245 1157 1292 1188 H.
1303 1160 1334 1188 2.
1373 1158 1382 1174 ‘
1396 1157 1513 1188 Tertio
1527 1157 1711 1198 triumpho,

1015 1215 1115 1246 quem
1128 1206 1238 1247 pridie
1251 1207 1393 1240 Calend.
1406 1207 1532 1239 Octob.
1547 1207 1602 1239 die
1617 1213 1713 1240 nata-

1014 1256 1055 1286 lis
1079 1257 1131 1287 sui
1156 1257 1238 1297 egit,
1262 1257 1438 1289 transtulit
1467 1258 1616 1290 alveum'
1644 1261 1711 1291 «Soc.

1013 1306 1186 1347 Lamprid.
1218 1307 1253 1338 in
1283 1307 1468 1339 Commodo
1500 1310 1552 1340 10.
1598 1309 1711 1340 ‘Eum

1015 1356 1131 1397 etiam,
1156 1357 1213 1398 qui
1237 1357 1426 1398 Tranquilli
1448 1356 1570 1388 librum
1595 1359 1711 1390 Vitam

1015 1407 1180 1447 Caligulae
1205 1408 1435 1439 continentem
1460 1409 1605 1448 legerat,
1629 1409 1712 1441 feris

1014 1457 1119 1498 objici
1140 1457 1257 1498 jussit,
1283 1457 1362 1499 quia
1384 1457 1528 1488 eandem
1547 1458 1637 1489 diem
1653 1469 1711 1491 na-

1015 1508 1091 1538 talis
1123 1507 1300 1547 habuerat,
1336 1517 1434 1548 quam
1467 1511 1503 1538 et
1532 1508 1710 1550 Caligula.’

1015 1556 1101 1588 Cod.
1125 1556 1296 1588 Theodos.
1315 1565 1362 1588 v1.
1398 1556 1469 1588 Tit.
1486 1565 1590 1589 xx1x.
1614 1558 1655 1591 L.
1676 1563 1710 1591 6.

1015 1606 1160 1638 ‘Felicis
1183 1606 1306 1638 natalis
1326 1607 1436 1638 nostri
1458 1608 1539 1640 die.'
1572 1609 1709 1642 Grmwv.

1014 1657 1123 1697 Bong.
1148 1656 1258 1688 edidit
1284 1657 1334 1688 die
1356 1658 1471 1688 natulis
1499 1657 1587 1697 ejus;
1608 1659 1710 1701 idque

1014 1707 1182 1739 Bernecc.
1200 1710 1237 1738 et
1250 1707 1306 1738 alii
1328 1707 1519 1739 retinuere:
1543 1709 1634 1749 quod
1650 1710 1710 1741 mi-

1013 1766 1081 1789 ror.
1125 1758 1170 1789 Et
1186 1767 1266 1788 sane
1280 1756 1317 1787 τὸ
1331 1758 1447 1788 natalis
1460 1767 1580 1790 nomen
1597 1759 1711 1801 adjec-

1013 1807 1133 1847 tivum,
1155 1817 1300 1849 cumque
1324 1808 1433 1839 altero
1447 1809 1628 1841 convenire
1644 1810 1708 1843 hoc

1013 1862 1151 1897 oportet
1166 1867 1259 1890 casu.
1297 1858 1397 1891 Quod
1420 1859 1428 1875 ‘
1441 1859 1614 1899 natalem,'
1630 1860 1708 1892 sub-

1015 1905 1144 1947 audito,
1172 1906 1276 1947 diem,
1307 1907 1436 1949 dicunt,
1464 1909 1500 1939 id
1523 1909 1707 1950 saepissime

1014 1966 1147 1998 quoque
1163 1957 1263 1998 plene
1283 1957 1394 1989 ‘diem
1405 1959 1571 1990 natalem'
1594 1962 1710 2001 appel-

1012 2006 1098 2037 lant.
1126 2007 1230 2038 Vorst.
1564 2006 1574 2013 ’

1048 2057 1066 2097 ξ
1084 2058 1122 2087 14
1138 2057 1240 2088 Luctu.
1254 2057 1482 2099 incenderetur]
1497 2058 1554 2090 Ita
1568 2063 1604 2091 et
1615 2061 1709 2093 Grae-

1012 2105 1043 2137 ci
1058 2106 1252 2148 loquuntur,
1268 2112 1317 2148 et,
1340 2108 1368 2139 si
1386 2109 1468 2140 satis
1483 2111 1708 2149 commemini,

1010 2156 1109 2196 Virg.
1153 2158 1356 2199 Exemplum
1385 2159 1545 2192 Graecum
1574 2165 1627 2192 est
1652 2171 1708 2203 ap.

1011 2206 1232 2247 Simonidem,
1256 2212 1292 2239 et
1318 2209 1413 2240 alios.
1456 2209 1525 2241 Sed
1549 2211 1605 2242 hic
1632 2212 1707 2243 cha-

1011 2262 1163 2288 racteres
1189 2258 1328 2289 Graecos
1347 2268 1416 2292 non
1438 2259 1559 2292 habeo.
1592 2262 1706 2293 Faber.

1011 2307 1080 2338 Pro
1103 2307 1112 2324 ‘
1125 2307 1209 2340 Quae
1223 2308 1289 2340 res'
1303 2308 1463 2341 Vincent.
1475 2309 1579 2342 habet
1599 2312 1608 2328 ‘
1620 2311 1707 2343 Haec

1012 2356 1090 2388 res.'

1054 2407 1208 2440 CAP.1x.
1242 2409 1259 2448 ξ
1286 2411 1296 2439 l
1327 2409 1435 2449 Cujus,
1458 2410 1526 2450 ἐξα]
1557 2410 1647 2442 Saxo
1666 2420 1707 2443 11.

1012 2465 1046 2496 p.
1073 2459 1123 2488 20.
1148 2460 1177 2488 1.
1223 2457 1348 2498 ‘Cujus
1376 2459 1590 2500 [Frothonis]
1620 2461 1707 2492 varii

1010 2505 1224 2548 insignesque
1239 2516 1337 2538 casus
1351 2507 1472 2540 fuere.'

1053 2556 1068 2595 ς
1083 2558 1103 2586 2
1126 2557 1168 2587 Ut
1183 2566 1277 2597 supra
1290 2557 1407 2589 dictum
1420 2557 1482 2599 est]
1504 2558 1559 2592 Sc.
1571 2568 1706 2592 xxxvi.

1012 2607 1043 2636 1.
1067 2605 1166 2637 Bern.

1055 2657 1072 2697 ξ
1096 2659 1114 2687 3
1141 2657 1212 2697 Cui,
1233 2657 1303 2698 ὅρα]
1328 2657 1475 2700 Appian.
1501 2660 1544 2692 de
1566 2662 1607 2692 Β.
1630 2662 1707 2702 Syr.

1011 2715 1044 2745 p.
1058 2708 1134 2738 213.
1157 2706 1199 2738 de
1216 2708 1393 2739 Demetrio
1411 2709 1550 2742 scribit:
1588 2711 1657 2742 Ἐπὶ
1673 2712 1705 2744 δὲ

1011 2756 1194 2796 Παρθυαίους
1207 2756 1258 2788 καὶ
1272 2757 1322 2788 ὅδε
1333 2758 1412 2797 μετὰ
1431 2758 1582 2792 Σέλευκον
1596 2762 1707 2802 ἐστρά-

1010 2818 1111 2847 τευσε,
1126 2807 1175 2838 καὶ
1192 2807 1352 2847 ’γενόμενος
1367 2808 1574 2851 αἰχμάλωτος,
1589 2812 1705 2846 δίαιταν

1010 2858 1094 2898 εἶχεν
1118 2860 1149 2890 ἐν
1171 2860 1308 2900 Φραάτου
1327 2861 1478 2901 βασιληΐῳ
1498 2863 1568 2903 (cd.
1583 2865 1702 2906 Steph.

1010 2909 1178 2952 βασιλέως)
1200 2910 1249 2942 καὶ
1272 2911 1469 2952 Ῥοδογούνην
1488 2912 1603 2954 ἔζευξεν
1623 2916 1705 2956 αὐτῷ
