2174 3424
511 332 597 373 664
973 341 1113 371 NoTAE

512 436 659 477 putavit,
685 445 783 477 quem
811 436 981 476 Bernegg.
1008 439 1043 467 et
1059 436 1207 467 aliisunt

512 486 634 518 secuti.
678 487 849 519 Judicium
861 486 1014 517 Salmasii
1029 491 1093 525 est,
1109 487 1208 517 Ama-

511 536 602 566 zonis
620 536 708 566 istud
730 546 849 567 nomen
876 536 1010 577 Orithya
1027 536 1207 577 transposi-

512 588 556 617 tis
575 587 682 617 literis
695 591 892 627 corruptum
909 596 981 618 esse
998 597 1040 617 ex
1059 587 1208 622 Otrerz'a,·

511 637 622 678 ipsum
648 647 729 668 vero
755 637 891 677 Orithya
918 646 992 667 esse
1008 646 1130 667 nomen
1148 636 1207 667 At-

511 690 637 727 ticum.¹
670 688 748 719 Vid.
761 693 857 719 notas
870 688 1079 728 Berneggcri
1096 692 1208 727 poste-

511 740 616 769 riores
633 738 673 769 ad
691 738 722 769 h.
741 739 761 769 l.
787 737 987 778 Apollonius
1013 738 1069 767 lib.
1084 747 1122 768 11.
1138 747 1207 767 ma-

510 790 636 821 nifeste
652 789 802 830 Ὀτρήρην
818 794 928 821 vocat.
976 790 1097 830 Neque
1111 790 1208 820 aliter

512 841 640 881 Hygia.
684 841 732 871 Ut
757 851 833 880 cap.
861 843 932 871 112.
967 841 1207 871 ‘Penthesilea

510 890 635 921 Martis
652 894 688 921 et
711 889 846 921 Otrerae
868 889 971 920 filia?
996 889 1074 920 alibi
1093 894 1205 920 tamen

510 950 575 970 uua
591 940 690 971 litera
706 945 836 971 mutata
853 941 996 970 Otriram
1013 945 1122 971 vocat.
1158 941 1206 971 Ut

512 1001 542 1020 c.
560 993 634 1021 223.
653 995 687 1021 et
702 993 775 1021 227.
803 992 811 1007 ‘
827 990 974 1020 Amazon
988 990 1105 1021 Otrira
1117 991 1207 1021 Mar-

511 1041 555 1071 tis
582 1040 731 1080 conjux.’
776 1042 903 1072 Rursus
928 1050 955 1071 c.
975 1043 1026 1072 30.
1049 1042 1057 1058 ‘
1072 1041 1205 1081 Hippo-

511 1091 604 1130 lyten
633 1090 839 1121 Amazonam
870 1091 992 1121 Martis
1018 1095 1053 1122 et
1080 1090 1205 1122 Otrirae

513 1141 639 1180 reginae
664 1140 787 1173 filiam:
811 1142 864 1172 cui
892 1141 1019 1181 regiuae
1044 1141 1207 1172 Amazoni

511 1191 661 1222 balteum
675 1191 837 1231 detraxit,
850 1196 920 1222 tum
934 1191 1117 1232 Antiopam
1130 1202 1207 1233 cap·

509 1242 613 1272 tivam
628 1243 759 1273 Theseo
776 1241 938 1281 donavit,'
964 1242 1128 1274 Hercules
1146 1252 1206 1283 pu-

510 1298 569 1330 ta;
596 1302 671 1332 cap.
701 1295 774 1324 163.
798 1293 855 1323 ubi
877 1293 989 1333 plures
1017 1292 1206 1323 Amazones

510 1346 745 1382 recensentur,
771 1347 933 1382 corrupte
962 1343 1091 1382 Otrepte
1118 1343 1207 1373 ‹Ileta

510 1392 647 1423 videtur
673 1402 735 1432 pro
765 1393 888 1424 Otrere.
922 1393 1036 1424 Vorst.
1091 1393 1207 1424 Codex

513 1442 612 1482 Angl.
648 1443 787 1482 Ocrea-ia,
827 1447 864 1473 ut
899 1443 1028 1484 optime
1058 1443 1208 1483 conjecit

510 1495 654 1524 Salmas
683 1494 790 1525 (ἲν-αὐ.

554 1546 570 1585 ξ
582 1547 620 1576 18
639 1545 722 1583 Rex,
730 1545 778 1575 cui
791 1545 947 1575 duodecim
957 1545 1112 1585 stipendia
1122 1543 1209 1575 debe-

514 1593 580 1633 hat]
606 1596 661 1625 De
680 1598 730 1626 12.
758 1595 1013 1632 certaminibus,
1036 1605 1110 1636 quae
1139 1600 1209 1625 tan-

516 1654 616 1685 quam
645 1645 817 1685 stipendia
849 1646 1029 1676 Euristlieo
1059 1645 1208 1676 debebat

516 1695 698 1735 Hercules,
726 1700 761 1726 ut
777 1696 1064 1727 immortalitatem
1089 1706 1206 1727 conse-

511 1751 685 1785 queretur,
710 1746 861 1785 legendae
886 1746 1020 1787 fabular,
1045 1752 1082 1777 et
1104 1747 1207 1778 Diod.

512 1806 561 1827 lv.
578 1797 682 1835 Bong.
729 1798 864 1827 Servius
882 1797 924 1827 ad
950 1797 1007 1828 illa
1024 1797 1142 1837 virgil.
1161 1807 1208 1828 w.

514 1846 588 1877 [En.
614 1847 622 1863 ‘
636 1847 833 1877 Tartareum
849 1847 904 1877 ille
919 1856 1017 1877 manu
1032 1847 1207 1877 custodem

513 1898 545 1927 in
561 1897 669 1927 vincla
680 1897 801 1937 petivit
816 1897 836 1927 :’
860 1898 869 1913 ‘
882 1896 1069 1936 Hercules,’
1085 1897 1208 1937 inquit,

513 1949 521 1963 ‘
535 1957 554 1977 a
571 1946 845 1987 prudentioribus
863 1951 974 1977 mente
992 1947 1099 1986 magis
1111 1957 1208 1987 quam

511 2006 654 2037 corpore
672 1995 770 2026 fortis
785 1996 965 2034 inducitur,
980 1996 1065 2027 adeo
1077 2001 1114 2026 ut
1128 1996 1207 2026 duo-

513 2047 621 2077 decim
640 2046 712 2086 ejus
729 2046 858 2077 labores
875 2045 995 2077 referri
1013 2047 1141 2086 possint
1165 2046 1207 2077 ad

514 2096 662 2137 aliquid:
688 2106 774 2134 nam,
790 2106 863 2126 cum
882 2097 979 2135 plura
996 2095 1130 2134 fecerit,
1148 2096 1207 2127 du-

513 2147 642 2177 odecim
660 2146 691 2177 ei
708 2150 838 2177 tantum
865 2146 1088 2185 adsignantur
1107 2156 1208 2186 prop·-

513 2202 567 2227 ter
593 2197 710 2237 agnita
735 2195 911 2226 duodecim
940 2196 1059 2235 sigua.’
1106 2196 1208 2228 Ludit

513 2252 624 2278 autem
642 2247 779 2287 egregie
795 2246 828 2276 in
854 2247 903 2276 bis
920 2246 997 2277 Seu.
1025 2247 1066 2277 de
1094 2248 1208 2278 Morte

514 2298 658 2336 Claudii,
689 2297 744 2328 ubi
773 2297 815 2327 de
848 2297 922 2328 eod.
955 2297 1107 2328 Hercule
1137 2298 1208 2329 ait:

513 2350 520 2364 ‘
540 2348 679 2378 Putavit
699 2347 760 2378 sibi
778 2347 944 2377 decimum
963 2348 1100 2378 tertium
1119 2349 1208 2379 labo-

513 2409 583 2429 rem
602 2398 756 2429 venisse!
803 2399 973 2429 Caeterum
1001 2405 1126 2438 prater
1153 2409 1204 2439 ea,

517 2460 590 2490 quae
623 2449 757 2480 Servius
796 2447 908 2487 affert,
936 2449 1139 2490 deprompta
1166 2459 1207 2482 ex

514 2501 624 2541 capsis
642 2500 753 2539 magui
770 2499 856 2529 illius
878 2499 1021 2530 oratoris
1038 2499 1209 2539 Isocratis,

514 2550 652 2581 uotaud.
671 2550 773 2581 etiam
790 2549 842 2580 bic
862 2549 943 2579 illud
960 2549 1106 2589 videtur,
1127 2552 1136 2567 ⁴
1151 2551 1209 2580 sti-

514 2601 689 2643 pendium'
707 2612 771 2632 11011
783 2606 913 2632 tantum
928 2601 1010 2632 illud
1023 2612 1107 2638 esse,
1121 2601 1209 2643 qiiod

515 2654 614 2684 victis
630 2653 812 2693 imponitur
830 2652 993 2683 tributum
1011 2653 1063 2683 vel
1089 2663 1133 2683 aus
1149 2653 1210 2683 1111-

515 2706 629 2743 litare,
646 2709 704 2735 aut
720 2714 824 2735 annos
849 2704 998 2742 militiae3
1023 2705 1117 2736 velut
1134 2716 1209 2736 cum

515 2756 631 2786 decem
649 2755 870 2786 duodecimve
884 2755 1054 2795 stipendia
1065 2757 1209 2797 aliquem

516 2805 678 2836 meruisse
704 2805 867 2836 dicimus:
892 2805 952 2835 sed
980 2806 1097 2843 etiam,
1121 2807 1208 2847 quod

517 2856 571 2886 1118-
584 2856 676 2886 locus
689 2854 828 2894 iudicat,
840 2854 991 2887 militiam
1009 2860 1043 2887 et
1063 2856 1210 2889 laborem

1146 341 1410 373 VARIORUM
1447 343 1498 372 IN

1259 446 1299 467 ac
1315 446 1497 468 aerumnam
1514 436 1633 477 ipsam,
1649 446 1715 468 non
1738 445 1834 468 secus
1851 439 1955 478 atque

1260 497 1314 527 ap.
1330 488 1451 519 Horat.
1465 488 1573 529 Epod.
1585 497 1675 520 xvn.
1686 488 1741 519 ubi
1754 488 1866 528 legere
1878 492 1930 518 est
1944 498 1955 518 r.

1258 538 1267 554 ‘
1283 540 1367 571 Quae
1383 538 1480 570 finis?
1503 544 1561 570 aut
1587 539 1675 580 quod
1692 549 1744 570 me
1760 544 1873 570 manet
1895 540 1955 570 sti-

1260 589 1444 628 pendium?
1497 588 1622 629 Effare,
1643 589 1756 630 jussas
1781 599 1856 620 cum
1886 589 1955 619 fide

1260 649 1377 679 poenas
1395 640 1508 671 luam!
1533 641 1621 671 Mod.
1668 640 1734 670 Hic
1752 643 1802 670 12.
1824 639 1956 670 Hercu-

1259 688 1301 719 lis
1317 689 1462 728 labores,
1483 688 1694 729 ‘stipendia'
1712 692 1763 720 12.
1785 689 1855 719 sine
1875 699 1956 719 con-

1259 739 1423 769 troversia
1436 744 1608 771 vocantur.
1652 739 1751 770 Unde
1766 738 1902 778 ‘poena'
1919 743 1956 769 et

1258 788 1372 819 ‘labor
1387 788 1394 801 ’
1410 789 1546 820 dieitur.
1592 789 1714 820 Horat.
1732 788 1841 828 Epod.
1860 797 1954 819 xvn.

1259 838 1268 854 ‘
1284 839 1367 870 Quae
1383 838 1490 869 finis?’
1509 841 1572 869 &e.
1605 838 1846 869 HaecTurueb.
1862 837 1957 870 Adv.

1260 898 1349 920 xxx.
1366 892 1419 920 27.
1445 890 1499 920 De
1517 892 1567 919 12.
1585 898 1687 929 porro
1706 888 1878 918 laboribus
1894 897 1955 918 seu

1260 940 1513 979 certaminibus,
1547 951 1620 981 quae
1656 949 1715 970 rex
1747 939 1955 979 Eurystheus

1260 992 1421 1022 instinctu
1434 991 1577 1023 Junonis
1591 990 1783 1030 imperabat
1799 990 1957 1030 Herculi,

1260 1042 1392 1072 casibus
1436 1050 1511 1071 eum
1551 1040 1761 1080 objecturus,
1801 1039 1954 1079 legendae

1259 1090 1395 1130 fabulae,
1420 1095 1454 1121 et
1482 1090 1583 1123 Diod.
1612 1099 1660 1122 lv.
1693 1090 1820 1130 Tangit
1848 1089 1954 1120 etiam

1259 1142 1350 1174 Plin.
1385 1143 1514 1182 Paneg.
1547 1151 1576 1172 c.
1609 1143 1660 1172 14.
1685 1140 1742 1171 fin.
1774 1144 1809 1171 et
1835 1139 1956 1170 alludit

1259 1193 1338 1223 Seu.
1354 1192 1387 1222 111
1401 1191 1585 1232 Apocoloc.
1608 1192 1617 1208 ‘
1630 1190 1773 1222 Putavit
1789 1190 1851 1221 sibi
1865 1189 1956 1221 deci-

1258 1253 1347 1274 mum
1362 1243 1498 1274 tertium
1515 1242 1664 1272 laborem
1679 1240 1833 1272 venisse!
1855 1240 1955 1271 Rern.

1258 1293 1334 1325 Liv.
1351 1296 1507 1324 xxx.28.
1530 1294 1538 1310 ‘
1552 1292 1752 1323 Annibalem
1769 1291 1954 1322 exercitum

1259 1345 1423 1384 aequalem
1447 1343 1627 1383 stipendiis
1650 1342 1717 1372 suis
1739 1340 1897 1372 ducere:’
1919 1345 1956 1371 et

1259 1395 1337 1425 Sall.
1360 1394 1419 1425 Ju.
1443 1396 1495 1425 65.
1519 1395 1527 1411 ‘
1547 1393 1658 1424 Homo
1686 1392 1812 1422 veteris
1840 1400 1956 1432 prosa-

1260 1444 1324 1485 piae
1343 1454 1382 1475 ac
1399 1445 1579 1475 multarum
1593 1443 1774 1483 imaginum
1788 1446 1823 1472 et
1833 1441 1956 1471 nullius

1259 1494 1443 1535 stipendii.'
1489 1494 1574 1525 Haec
1602 1497 1715 1524 autem
1738 1492 1747 1509 ‘
1763 1490 1954 1531 stipendia'

1261 1545 1334 1576 Cic.
1359 1554 1397 1575 11.
1426 1544 1499 1574 Fin.
1525 1546 1578 1574 35.
1606 1546 1705 1573 vocat
1733 1539 1954 1572 ‘aerumnas:'

1259 1596 1378 1636 virgil.
1398 1596 1406 1612 ‘
1419 1593 1582 1624 labores?
1606 1592 1661 1623 alii
1676 1589 1956 1632 ‘expeditiones.'

1263 1647 1362 1676 (ἓν-οη.
1409 1643 1621 1676 ‘Duodecim
1638 1641 1824 1682 stipendia’
1844 1645 1957 1679 vocat,

1260 1708 1333 1738 quae
1348 1696 1403 1728 alii
1427 1695 1622 1726 ‘duodecim
1637 1694 1768 1724 labores
1783 1692 1791 1706 ’
1806 1697 1841 1723 et
1862 1695 1870 1709 ‘
1884 1701 1955 1723 cer-

1260 1746 1408 1778 tamiua'
1447 1746 1633 1786 appellant.
1691 1745 1737 1775 Et
1775 1743 1957 1783 ‘stipendi-

1259 1798 1369 1830 orum’
1395 1807 1458 1828 vox
1475 1801 1701 1828 consentanea
1717 1794 1747 1824 ei
1762 1793 1851 1834 quod
1875 1803 1953 1823 mox

1259 1848 1410 1889 sequitur
1427 1846 1529 1877 verbo
1554 1848 1561 1862 ‘
1576 1842 1724 1876 debere)
1760 1843 1955 1883 Stipendium

1259 1899 1349 1929 enim
1376 1898 1466 1928 inter
1490 1896 1555 1927 alia
1578 1895 1741 1926 tributum
1773 1891 1956 1933 siguificat,

1259 1947 1349 1989 quod
1386 1953 1424 1978 ut
1456 1946 1610 1977 debitum
1648 1949 1769 1985 gentes
1806 1943 1953 1974 devictae

1261 1998 1425 2038 pendunt.
1457 1998 1550 2029 Suet.
1581 1998 1668 2028 Caes.
1694 1999 1747 2027 25.
1784 1995 1953 2025 ‘Omnem

1260 2048 1406 2079 Galliam
1424 2048 1457 2078 in
1486 2047 1670 2088 provinciae
1695 2045 1836 2077 formam
1854 2043 1952 2075 rede-

1260 2095 1954 2139 git,eiquequadringentiesstipendiino-

1259 2151 1350 2181 mine
1382 2147 1563 2189 imposuit!
1623 2147 1713 2178 Hinc
1749 2147 1758 2164 ‘
1773 2146 1954 2187 provinciae

1260 2200 1512 2242 stipendiariae'
1544 2200 1716 2240 dicuntur,
1743 2210 1818 2241 quae
1850 2199 1956 2231 tribu-

1260 2257 1329 2283 tum
1344 2251 1506 2292 pendunt.
1535 2251 1636 2282 Vorst.

1305 2302 1401 2338 Quasi
1417 2301 1614 2342 impossibile]
1638 2301 1738 2332 Hanc
1762 2310 1880 2332 vocem
1899 2300 1955 2341 qui

1259 2352 1433 2390 damnant,
1457 2352 1479 2382 11
1503 2352 1581 2382 1111111
1598 2351 1799 2383 fastidiosuli
1815 2356 1850 2382 et
1873 2350 1957 2381 deli-

1259 2404 1360 2435 catuli
1379 2403 1548 2441 videntur,
1571 2412 1646 2433 curn
1671 2412 1744 2433 eam
1761 2401 1956 2441 usurparint

1259 2460 1292 2485 et
1319 2453 1485 2494 Apuleius
1502 2459 1534 2484 et
1560 2453 1762 2485 Quintilian.
1788 2452 1884 2492 cujus
1900 2461 1954 2491 ap.

1258 2514 1311 2535 me
1326 2505 1522 2543 auctoritas,
1538 2509 1575 2534 ut
1592 2503 1706 2543 debet,
1727 2512 1860 2543 semper
1883 2511 1956 2543 gra-

1260 2556 1394 2586 vissima
1411 2555 1486 2585 erit.
1512 2555 1588 2586 Fub.

1303 2607 1319 2646 ξ
1336 2609 1375 2636 19
1400 2605 1564 2641 Profectus
1575 2604 1675 2643 longis
1687 2614 1791 2635 norem
1804 2602 1951 2643 nucibus]

1258 2656 1267 2673 ‘
1284 2657 1407 2695 Longae
1422 2655 1545 2694 naveS‚’
1560 2660 1595 2686 ut
1612 2654 1731 2685 Isidor.
1751 2662 1827 2684 xix.
1847 2656 1875 2684 1.
1893 2654 1954 2691 ait,

1259 2707 1385 2737 ι(1101111
1402 2716 1441 2737 eo
1466 2705 1553 2746 quod
1578 2705 1747 2745 longiores
1773 2705 1839 2734 sint
1863 2708 1954 2735 cete-

1261 2757 1325 2789 ris!
1370 2757 1476 2788 Erant
1503 2760 1614 2786 autem
1640 2764 1741 2784 naves
1759 2753 1901 2792 bellicae,
1918 2758 1953 2784 et

1261 2807 1301 2838 ab
1329 2806 1492 2837 onerariis
1523 2805 1815 2837 discernebantur.
1878 2803 1950 2834 Liv.

1261 2865 1347 2888 xxv.
1364 2859 1417 2888 22.
1441 2856 1634 2887 ‘Bomilcar
1655 2860 1789 2886 centum
1814 2853 1953 2895 triginta
