2174 3424
528 356 613 397 816

528 459 689 501 Plerique
706 460 789 492 Mss.
803 460 992 501 Bongarsio
1006 461 1071 492 visi
1095 460 1224 492 habent

527 512 636 540 morte.
663 510 761 541 Unde
775 520 856 552 ergo
871 511 955 542 illud
971 514 1096 542 mortem
1109 510 1124 543 ἰ)
1145 512 1223 542 Sus—

528 559 623 599 picor
638 560 812 591 Justinum
824 561 1000 602 scripsisse
1016 572 1053 593 ne
1068 563 1114 592 ita
1126 566 1224 593 morte

527 608 562 639 in
577 609 668 640 unius
682 611 795 642 doleat.
840 611 912 642 Cic.
929 612 1058 642 Bruto:
1075 613 1084 628 ‘
1098 612 1138 642 In
1156 617 1224 642 tam

529 659 622 699 gravi
637 660 774 690 vulnere
791 660 970 691 dolendum
988 661 1063 692 est!
1085 661 1189 697 Schef.

572 709 706 750 Perdat]
731 710 769 741 F.
784 711 905 750 prodat.
937 711 985 741 Ut
1002 719 1078 741 xxx.
1093 713 1123 741 3.
1137 712 1144 727 ‘
1158 709 1224 741 Sed

528 768 571 789 ne
587 759 660 800 hos,
674 760 795 800 quibus
812 760 959 791 nefanda
974 762 1046 791 lues
1065 770 1226 801 peperce-

529 813 596 849 rat,
612 810 701 840 inter
716 810 860 840 hostium
878 810 1050 841 exercitus
1074 810 1226 849 relictos,

529 863 640 890 morte
670 869 730 889 sua
759 859 956 900 proderet:’
980 864 1016 890 et
1046 860 1226 890 Musonius

530 918 586 948 ap.
612 909 706 941 Stob.
732 910 839 941 Serm.
862 919 987 942 cmm.
1032 912 1102 941 Τοῖς
1124 909 1227 949 μέντοι

529 957 629 998 φίλοις
644 959 693 988 καὶ
707 959 759 989 νῦν
773 958 930 997 συνείημεν
949 959 987 990 ἂν
1012 960 1077 990 τοῖς
1098 970 1135 997 ’γε
1152 960 1228 997 ἀλη-

532 1009 633 1048 Θινοῒς,
648 1008 698 1039 καὶ
714 1008 755 1039 ὧν
769 1009 913 1050 προσήκει
928 1010 1081 1040 ποιεῖσθαί
1091 1022 1160 1040 τινα
1174 1009 1227 1040 λό-

531 1067 599 1096 γον·
623 1059 657 1089 οὐ
671 1059 732 1099 ’γὰρ
747 1059 784 1090 ἂν
799 1058 881 1091 οὗτοι
896 1061 1034 1099 προδοῖεν
1047 1060 1124 1092 ποτὲ
1140 1061 1228 1099 ἡμᾶς.

533 1108 634 1138 Gron.

574 1159 648 1199 §17
675 1159 887 1200 Callisthenis]
920 1160 1156 1192 Anaxarchum
1173 1161 1230 1192 ad-

533 1207 583 1239 dit
599 1208 693 1240 Plut.
709 1212 761 1240 93.
786 1211 885 1241 Rern.

576 1258 825 1298 Condiscipulatu
838 1261 917 1298 apud
927 1259 1142 1300 Aristotelem]
1152 1261 1230 1291 Ple-

531 1307 627 1348 rique
642 1307 724 1340 Mss.
741 1309 867 1339 habent
890 1311 1040 1349 quondam
1066 1311 1232 1350 discipula·

531 1362 576 1389 tu.
601 1358 690 1389 Puto
708 1364 885 1400 utrumque
899 1361 1127 1400 scribendum,
1139 1371 1231 1401 quon-

530 1409 602 1439 dam
615 1410 877 1449 condiscipulatu;
900 1420 978 1441 nam
1001 1420 1120 1441 vocem
1141 1421 1232 1450 quon-

530 1459 602 1489 dam
619 1460 723 1497 exigit
741 1460 828 1500 quod
858 1460 1012 1500 sequitur
1035 1461 1092 1491 ‘et
1123 1460 1231 1499 tunc,'

533 1511 691 1549 tanquam
706 1511 904 1540 relativum:
922 1511 1162 1551 condiscipulatu
1175 1521 1232 1541 au-

533 1562 603 1590 tem
622 1565 810 1599 agnoscunt
827 1562 930 1592 etiam
946 1562 1000 1592 alii
1016 1561 1114 1592 codd.
1146 1562 1233 1592 Viti-

534 1618 588 1640 um
607 1620 648 1640 ex
664 1620 703 1641 eo
728 1616 858 1650 natum,
887 1613 965 1652 quia
994 1622 1055 1652 pro
1082 1614 1233 1652 quondam

534 1660 668 1690 ratione
686 1661 796 1691 veteri
819 1661 982 1701 scriptum
1006 1661 1071 1692 fuit
1095 1662 1233 1702 condam,

533 1713 569 1740 et
587 1711 665 1750 quia
680 1721 756 1741 mox
772 1711 977 1752 sequebatur
992 1713 1068 1742 cond
1092 1712 1126 1742 in
1149 1721 1232 1743 voce

532 1761 798 1800 condiscipulalu5
824 1761 901 1792 ideo
925 1763 977 1793 hae
1001 1763 1127 1793 litterae
1159 1772 1233 1802 per-

534 1819 650 1850 peram
665 1811 866 1841 videbantur
880 1812 1049 1852 repetitae.
1075 1811 1180 1850 Scltef.

580 1860 762 1891 Familiaris
776 1861 823 1891 illi
850 1860 1078 1901 [Alexandro]
1105 1864 1135 1891 et
1161 1864 1234 1892 tunc

537 1909 575 1940 ab
590 1910 655 1949 ipso
672 1920 743 1948 rege
759 1912 810 1946 ad,
826 1910 894 1950 lya]
932 1911 1019 1941 Dele
1036 1911 1125 1941 istud
1141 1920 1213 1950 rege
1225 1921 1235 1941 .·

535 1964 589 1989 est
605 1959 692 1989 enini
710 1961 885 1998 glossema,
911 1970 985 1991 cum
1013 1960 1103 1990 dicat
1126 1960 1233 1992 Justi-

535 2017 609 2046 mm,
625 2009 658 2039 in
674 2009 748 2040 ead.
764 2009 1044 2048 linea‚famili‹1ris
1062 2010 1119 2048 illi,
1135 2009 1234 2040 Alex-

536 2057 652 2089 andro.
721 2059 834 2091 Quare
890 2060 970 2090 nihil
1019 2059 1233 2100 relinquitur.

540 2106 616 2137 Fab.

579 2155 676 2196 Acta]
722 2156 791 2187 Pro
818 2157 919 2188 rebus
937 2157 1050 2197 gestis.
1095 2157 1151 2188 Sic
1167 2167 1233 2189 ΧΠ.

535 2209 567 2238 7.
585 2209 635 2237 13.
657 2207 666 2223 ‘
681 2207 838 2237 Herculis
855 2212 932 2238 acta
945 2207 1128 2247 superare.'
1165 2208 1235 2238 No-

536 2261 589 2287 tat
603 2261 639 2287 et
665 2257 805 2288 Grotius
831 2257 872 2288 ad
901 2258 1104 2298 principium
1129 2257 1234 2288 Acto-

536 2315 610 2336 rum
625 2305 910 2346 Apostolicorum,
922 2307 1235 2347 Ciceronem‚quid-

537 2357 618 2397 quid
639 2358 815 2398 quisquam
833 2358 916 2397 egit,
934 2358 967 2388 id
985 2357 1084 2388 modo
1108 2361 1116 2375 ‘
1132 2357 1235 2398 acta,'

536 2407 636 2437 modo
653 2408 662 2424 ‘
676 2413 771 2438 actus
784 2407 793 2420 ’
819 2417 961 2447 vocare;
984 2412 1018 2438 et
1036 2408 1128 2447 leges
1143 2408 1234 2439 Sem-

536 2459 673 2498 pronias
701 2458 815 2489 dicere
839 2467 914 2488 esse
937 2459 945 2475 ‘
960 2462 1039 2489 acta
1064 2458 1235 2489 Graccho-

536 2506 635 2538 rum!
665 2507 739 2538 Vor.

579 2558 653 2597 §18
680 2557 875 2587 Chorasmios
891 2561 920 2588 et
943 2557 1080 2596 Dracas]
1117 2557 1190 2597 Ego
1204 2558 1236 2588 h.

535 2606 560 2638 l.
587 2616 647 2646 pro
676 2607 805 2645 Dracis,
834 2606 929 2637 Sacas
956 2608 1104 2647 legerim.
1149 2608 1237 2638 Sunt

538 2657 627 2687 enim
651 2657 660 2673 ‘
676 2657 863 2687 Chorasmii
877 2657 885 2669 '
902 2657 1001 2687 vicini
1018 2657 1124 2688 Sacis.
1153 2658 1236 2688 Dra-

539 2716 584 2737 coe
600 2707 626 2736 si
646 2706 775 2745 uspiam
793 2710 845 2736 est
872 2706 1028 2746 populus,
1055 2706 1144 2746 qnod
1172 2716 1236 2737 non

539 2756 689 2795 memini,
705 2755 867 2786 Indorum
886 2757 952 2786 erit
968 2756 1100 2796 longius
1117 2756 1160 2786 ab
1176 2757 1237 2788 hoc

538 2810 665 2836 tractu.
711 2806 809 2836 Unde
825 2805 847 2836 f.
866 2807 1052 2846 Orydracoe.
1077 2808 1236 2837 Ceterum

538 2854 572 2885 in
584 2856 754 2896 corruptis
770 2856 868 2887 codd.
885 2855 958 2887 fere
972 2867 1032 2896 pro
1046 2857 1144 2887 Dacis
1155 2857 1238 2887 Dra-

540 2915 593 2936 σιω
610 2905 746 2947 legitur.
793 2907 881 2938 Item
908 2917 1000 2949 saepe
1026 2907 1133 2948 Data»,
1149 2907 1237 2949 quod

959 368 1102 398 NOTAE
1136 368 1398 400 VARIORUM
1434 370 1484 399 {N

1272 462 1380 503 magis
1395 462 1527 494 mirum.
1572 462 1582 480 ⁴
1593 463 1680 493 Daae
1693 461 1702 476 ’
1730 464 1807 493 sunt
1822 460 1970 493 celebres

1274 513 1308 544 in
1327 514 1504 553 Margiana
1519 513 1657 554 populi:
1681 513 1689 529 ‘
1709 511 1820 543 Daci'
1843 512 1878 542 in
1904 512 1970 542 Eu·

1275 574 1358 604 ropa
1374 564 1416 594 ad
1428 563 1623 595 Danubium
1637 572 1646 601 ς
1668 563 1800 593 Dracas
1815 570 1881 592 non
1902 570 1972 591 me-

1275 614 1370 653 mini,
1386 618 1423 644 ut
1434 614 1506 653 jani
1519 613 1602 652 dixi,
1614 621 1752 653 nsquam
1769 621 1822 642 me
1835 610 1971 651 legisse.

1278 663 1370 694 Glar.

1322 713 1517 753 Chorasmos]
1551 711 1746 744 Arrian.1v.
1769 709 1972 752 Χωρασμένοι.

1277 763 1389 794 Strab.
1420 772 1472 793 XI.
1510 761 1767 802 Χωρασμουσίνοι.
1803 761 1894 792 Plin.
1923 770 1971 792 1v.

1277 815 1329 844 16.
1345 813 1353 829 ‘
1371 812 1582 843 Chorasmii!
1626 812 1729 842 Dahae
1745 811 1875 842 Graecis
1892 814 1973 842 sunt

1277 861 1366 900 Δάαι,
1382 872 1443 902 pro
1459 872 1524 903 quo
1542 862 1596 893 hic
1619 861 1754 902 quidam
1772 861 1859 892 Sacae
1874 870 1973 901 repo-

1277 916 1429 943 suerunt.
1475 912 1570 942 Curt.
1599 920 1660 941 v11.
1687 914 1717 942 4.
1744 914 1775 941 6.
1832 911 1975 941 Choras-

1277 963 1374 1001 mios,
1390 962 1518 999 Dahas,
1541 966 1577 992 et
1599 961 1704 992 Sacas
1728 961 1915 1001 conjungit,
1937 964 1976 992 ut.

1277 1012 1380 1043 Solin.
1397 1015 1447 1044 51.
1471 1013 1576 1051 Bong.

1322 1062 1452 1102 Dahas]
1506 1062 1562 1093 Ita
1592 1071 1725 1103 quoque
1754 1060 1890 1101 legend.
1919 1069 1976 1101 ap,

1281 1113 1381 1144 Frec.
1399 1122 1461 1152 pro
1478 1112 1615 1143 Dachas.
1639 1112 1799 1142 vincent.
1816 1111 1825 1128 ‘
1841 1110 1960 1141 Daas!

1323 1163 1411 1194 CAP.
1426 1171 1490 1193 vn.
1528 1163 1545 1202 ξ
1563 1165 1579 1192 l
1597 1161 1721 1200 Primo]
1745 1160 1785 1191 In
1802 1161 1884 1191 Mss.
1897 1169 1973 1191 esse

1280 1216 1442 1242 notarunt
1457 1212 1489 1242 in
1503 1212 1616 1251 primo,
1639 1210 1728 1252 quod
1754 1210 1856 1241 scrib.
1874 1210 1975 1250 junc-

1280 1261 1353 1299 tim,
1367 1261 1511 1301 inprime.
1556 1262 1664 1291 Vetus
1681 1260 1892 1299 adverbium,
1912 1268 1976 1289 nec

1281 1310 1432 1350 dubium,
1447 1311 1526 1352 quin
1550 1321 1569 1341 a
1591 1312 1698 1349 Trogo
1714 1313 1932 1349 usurpatum:
1958 1318 1977 1339 e

1281 1369 1357 1401 quo,
1381 1360 1390 1376 ‘
1404 1361 1548 1400 priscae,'
1573 1364 1611 1390 ut
1631 1359 1776 1399 ipsemet
1798 1359 1847 1389 ait
1871 1356 1976 1389 Praef.

1281 1419 1315 1440 n.
1345 1413 1375 1441 l.
1408 1411 1416 1427 ‘
1434 1410 1638 1449 eloquentiae
1663 1408 1759 1447 vir0,’
1782 1408 1893 1439 Autor
1920 1407 1978 1439 de-

1282 1464 1393 1490 sumta
1409 1459 1599 1499 antiquaria
1615 1457 1720 1489 verba
1740 1457 1880 1498 sparsim
1896 1456 1978 1497 Epi-

1282 1513 1381 1540 tomae
1397 1518 1465 1539 suae
1483 1509 1636 1538 inseruit.
1681 1506 1789 1538 Eand.
1812 1516 1928 1537 vocem
1944 1506 1978 1537 in

1281 1559 1443 1589 Sallustio
1469 1563 1504 1589 et
1527 1559 1650 1589 Plauto
1680 1557 1803 1588 alicubi
1832 1557 1980 1590 Palmer.

1283 1608 1446 1648 reposuit.
1492 1608 1578 1639 Haec
1598 1607 1732 1638 Acidal.
1758 1607 1800 1638 ad
1824 1608 1913 1638 Vell.
1937 1616 1979 1639 11.

1282 1660 1382 1689 68.4.
1407 1658 1538 1689 Bernec.
1583 1658 1691 1689 Recte
1707 1658 1790 1688 Mss.
1814 1658 1848 1688 in
1868 1657 1981 1698 primo.

1283 1707 1362 1738 Vid.
1382 1708 1464 1738 Not.
1483 1707 1523 1738 ad
1543 1708 1615 1738 Liv.
1632 1717 1667 1739 x.
1684 1710 1734 1739 14.
1760 1708 1894 1739 Gronov.
1940 1708 1981 1739 In

1282 1758 1380 1798 primo
1404 1763 1498 1788 recte
1525 1758 1591 1798 legi
1619 1759 1651 1788 in
1679 1758 1761 1789 Mss.
1791 1757 1981 1788 Gronovius

1283 1808 1473 1848 contendit,
1532 1809 1766 1849 exemplisque
1822 1807 1981 1839 affirmat.

1286 1858 1394 1888 Graev.

1328 1908 1378 1938 Ne
1393 1909 1494 1939 omnia
1515 1908 1638 1948 pariter
1653 1908 1853 1939 invidiosiora
1868 1907 1983 1947 essent]

1284 1957 1355 1989 Aut
1372 1958 1469 1989 deest
1480 1958 1607 1999 aliquid
1621 1958 1698 1988 hnic
1713 1958 1733 1988 l.
1745 1958 1981 1989 autscribend.

1284 2013 1335 2038 est
1348 2008 1513 2047 invidiosa,
1529 2008 1618 2048 quod
1636 2009 1668 2038 in
1686 2008 1829 2048 quodam
1845 2013 1880 2038 et
1893 2008 1983 2038 Bon·

1283 2057 1411 2096 garsius
1427 2058 1568 2097 reperit.
1616 2057 1704 2087 Nam
1716 2057 1838 2096 pariter
1853 2057 1986 2087 invictio-

1283 2108 1365 2138 οἱον-α
1395 2117 1457 2138 nec
1482 2107 1733 2146 consuetudini,
1771 2116 1835 2137 nec
1860 2107 1983 2137 rationi

1283 2157 1446 2188 sermonis
1485 2157 1600 2187 Latini
1638 2155 1836 2196 respondet.
1880 2155 1986 2193 Sches.

1283 2208 1292 2224 ‘
1307 2208 1445 2238 Pariter
1458 2207 1467 2219 ’
1496 2217 1562 2237 non
1581 2207 1732 2246 pertinet
1748 2205 1789 2236 ad
1806 2205 1984 2237 invidiosio-

1284 2267 1334 2295 ra,
1362 2257 1419 2287 sed
1449 2256 1491 2286 ad
1513 2256 1670 2288 ‘omnia.’
1716 2257 1770 2286 Ne
1792 2256 1916 2295 omnia,
1944 2257 1986 2287 si-

1285 2307 1352 2336 mul
1369 2315 1395 2336 s.
1412 2305 1486 2337 eod.
1501 2310 1653 2345 ternpore
1675 2306 1854 2336 immutata
1866 2306 1899 2336 in
1915 2316 1985 2337 mo-

1286 2356 1376 2386 ribus
1393 2356 1522 2395 patriis,
1537 2355 1644 2395 majus
1657 2365 1736 2395 erga
1753 2355 1985 2387 Alexandrum

1285 2405 1499 2437 concitarent
1516 2405 1641 2437 odium.
1669 2406 1774 2436 Groev.

1329 2456 1345 2494 ξ
1362 2458 1381 2485 2
1408 2455 1625 2495 Callisthenes]
1682 2456 1786 2495 Cujus
1821 2455 1985 2488 adversus

1286 2503 1517 2535 adorationem
1545 2505 1732 2535 Alexandri
1759 2506 1859 2536 verba
1876 2506 1986 2546 gravi-

1286 2559 1338 2585 ter
1354 2555 1527 2596 libereque
1541 2555 1631 2586 facta
1642 2562 1908 2587 commemorant
1922 2556 1986 2588 Ar-

1286 2604 1371 2635 rian.
1389 2614 1434 2636 1v.
1456 2615 1487 2645 p.
1500 2608 1552 2636 85.
1567 2611 1602 2636 et
1616 2606 1711 2637 Curt.
1730 2615 1809 2636 vni.
1825 2611 1856 2637 5.
1906 2607 1986 2638 Non

1286 2653 1350 2684 fuit
1378 2655 1546 2695 praecepti
1577 2665 1706 2686 mernor
1729 2656 1770 2686 ab
1795 2656 1986 2688 Aristotele

1287 2704 1349 2735 sibi
1366 2704 1450 2742 dati,
1465 2706 1473 2722 ‘
1488 2711 1523 2736 ut
1538 2715 1612 2736 cuni
1627 2716 1717 2745 rege,
1731 2711 1789 2737 aut
1803 2707 1988 2747 rarissime,

1288 2759 1346 2785 aut
1360 2764 1459 2795 quam
1483 2755 1730 2795 jucundissime
1756 2757 1951 2798 loqueretur
1965 2757 1986 2789 :'

1286 2803 1364 2834 val.
1382 2805 1430 2835 M.
1448 2813 1508 2835 vn.
1525 2807 1556 2835 2.
1580 2806 1589 2821 ‘
1605 2806 1827 2838 Contumacia
1853 2817 1919 2838 non
1936 2806 1986 2838 fa-

1288 2854 1336 2884 cit
1363 2854 1405 2884 ad
1435 2854 1572 2895 aulam(
1594 2856 1673 2887 Seu.
1700 2856 1743 2887 ‹le
1767 2857 1938 2899 Tranquil.
1955 2859 1987 2889 4.

1288 2905 1385 2936 Rern.
