2174 3424
499 327 586 368 842

500 428 585 461 illud
601 426 856 460 consentientibus
869 428 1019 459 universis
1029 428 1137 469 accipi
1154 427 1195 460 de

500 479 742 511 constitutione
758 479 927 510 exercitus
940 479 974 510 in
990 479 1047 510 illo
1063 489 1194 519 campo,

497 539 565 561 non
593 529 794 560 evocatione
825 529 983 569 singulari
1020 529 1194 559 seditioso-

497 589 584 611 rum.
639 580 837 620 Quanquam
864 583 899 609 et
925 579 1132 610 consensisse
1159 579 1193 609 in

495 629 727 660 evocationem
753 638 937 670 necemque
958 630 1192 661 seditiosorum

497 679 633 711 Curtius
653 679 786 720 doceat,
802 685 839 710 ut
856 680 902 710 nil
918 680 1039 712 mutari
1055 680 1190 711 debeat.

494 728 598 767 Schef.

541 779 681 820 Transit]
699 779 747 811 Ut
758 779 790 810 in
800 780 998 810 lustratione
1011 778 1084 810 fieri
1095 779 1190 810 solet.

493 830 581 861 Nam
605 830 647 861 ad
663 831 852 861 exercitum
876 830 939 861 hoc
964 829 1189 869 referendum,

491 890 558 912 non
575 881 706 912 ducem.
728 881 828 911 Bern.

534 930 621 961 Dum
650 930 779 970 transit]
818 929 1000 961 Exercitus
1028 932 1187 968 armatus,

491 984 586 1020 puta.
615 981 687 1011 Vor.

533 1029 690 1070 Supplicia
716 1028 817 1069 trudi]
845 1027 1043 1068 Elephantis
1073 1028 1186 1068 objici.

487 1079 646 1110 Trecenti
673 1077 746 1110 fere
769 1078 817 1109 sic
841 1077 968 1108 obtriti.
992 1077 1085 1108 Curt.
1102 1086 1136 1108 x.
1152 1081 1183 1109 9.

488 1132 541 1160 28.
565 1129 665 1160 Bern.

531 1180 549 1220 ᾧ
565 1183 585 1210 9
610 1180 697 1210 Inter
708 1177 863 1218 principes
873 1177 1045 1217 provincias
1055 1176 1182 1217 dividit]

488 1228 659 1260 Dissentit
684 1228 740 1259 lib.
768 1237 791 1259 1.
819 1227 977 1258 Machab.
1007 1230 1034 1258 l.
1060 1230 1091 1258 6.
1117 1230 1181 1258 &c.

485 1278 543 1310 nbi
557 1277 702 1309 refertur
710 1277 939 1308 Alexandrum
951 1282 1028 1308 ante
1040 1282 1182 1307 mortem

484 1338 592 1368 regna
606 1327 817 1358 distribuisse
841 1327 932 1357 inter
946 1336 1023 1357 suos
1039 1327 1181 1365 nobiles,

484 1387 666 1418 omnesque
681 1377 745 1407 sibi
774 1376 969 1407 diademata
994 1381 1071 1416 post
1095 1384 1180 1406 mor-

485 1432 554 1458 tem
570 1427 658 1457 illius
683 1426 893 1465 imposuisse.
939 1426 1047 1457 Quem
1068 1425 1179 1455 locum

482 1477 653 1508 historicae
669 1475 803 1506 veritati
818 1475 1056 1506 conciliaturus
1072 1474 1179 1505 Raba-

483 1537 545 1558 nus
575 1530 822 1558 commentator
848 1524 1102 1556 ‘distribuisse’
1129 1525 1178 1554 in-

482 1582 706 1619 terpretatur,
746 1577 950 1616 diripiendas
988 1575 1176 1616 reliquisse.

481 1628 635 1660 Acumen
651 1627 792 1657 hominis
808 1626 887 1656 mihi
910 1625 998 1657 vide.
1043 1627 1098 1657 De
1114 1626 1175 1656 hac

479 1678 726 1720 provinciarum
764 1676 1016 1714 distributione,
1044 1675 1177 1715 legatur

480 1729 629 1770 Appian.
660 1729 702 1759 B.
731 1728 805 1769 Syr.
822 1737 854 1768 p.
884 1730 956 1758 120.
984 1725 1008 1758 f.
1039 1731 1073 1757 et
1103 1735 1173 1767 seq.

480 1779 579 1810 Bern.

526 1829 569 1860 Ut
580 1831 611 1860 et
626 1831 806 1867 removeret,
819 1827 887 1868 8)·ε.]
910 1827 942 1858 S.
957 1825 1070 1857 verbis
1086 1825 1172 1857 Livii

479 1886 596 1909 xxxv.
615 1881 666 1909 15.
689 1881 719 1908 5.
743 1877 811 1908 ‘Ut
837 1877 954 1917 procul
981 1875 1022 1906 ab
1045 1885 1081 1906 se
1111 1885 1173 1916 per

477 1928 638 1959 honorem
655 1936 711 1958 eos
728 1926 926 1967 ablegaret!
951 1926 1001 1956 Id.

521 1980 637 2009 Munus
650 1978 783 2018 imperii,
806 1977 944 2017 beneficii
968 1976 1016 2007 sui
1033 1975 1170 2016 faceret]

477 2029 534 2061 Ita
560 2038 662 2060 xxw.
690 2032 721 2059 2.
749 2031 782 2058 4.
815 2027 1007 2068 Beneficium
1033 2026 1170 2066 proprie

475 2083 540 2118 est,
556 2079 596 2110 ad
615 2079 735 2109 altiora
749 2077 927 2118 promotio.
947 2078 1026 2108 Tac.
1042 2085 1103 2106 xv.
1115 2078 1167 2107 52.

476 2132 508 2160 5,
530 2129 540 2144 ‘
555 2129 691 2159 Dilecto
715 2128 930 2168 imperatore,
954 2127 1005 2157 sui
1022 2127 1168 2157 muneris

475 2188 581 2219 remp.
597 2177 730 2209 facere.’
773 2178 867 2208 Suet.
879 2177 953 2208 Tib.
968 2180 1019 2208 12.
1032 2180 1064 2208 4.
1079 2178 1087 2193 ‘
1101 2177 1169 2207 Per

473 2229 633 2271 quosdam
663 2227 816 2259 beneficii
846 2228 895 2258 sui
930 2227 1169 2259 centuriones.'

474 2279 564 2311 Add.
581 2279 681 2310 eund.
697 2279 730 2309 in
754 2279 838 2309 Caes.
855 2281 909 2308 23.
925 2280 956 2308 3.
984 2276 1056 2308 Liv.
1075 2287 1099 2308 1.
1115 2281 1167 2309 35.

474 2332 527 2360 10.
543 2328 712 2360 Aminian.
731 2336 814 2359 xxv.
835 2330 888 2358 27.
915 2326 972 2357 fin.
990 2327 1094 2367 Lipsii
1111 2337 1167 2358 no-

472 2383 541 2410 tam
553 2382 605 2409 78.
621 2378 662 2408 ad
677 2379 757 2408 Tac.
773 2376 819 2409 H.
835 2386 881 2408 ιν.
899 2376 1038 2408 Gruteri
1054 2377 1169 2418 Suspi-

473 2430 560 2461 cion.
575 2439 598 2460 1.
616 2431 666 2459 13.
685 2428 792 2458 Idem.

515 2480 531 2520 ς
549 2482 587 2509 10
611 2477 735 2517 Primo]
761 2478 911 2508 Gronov.
933 2486 974 2508 ex
994 2477 1077 2507 Mss.
1094 2477 1166 2508 Pri-

470 2539 531 2560 ma.
554 2528 670 2559 Graev.
727 2527 853 2568 Prima]
887 2527 941 2558 Ita
968 2527 1096 2559 editum
1123 2537 1164 2558 ex

470 2580 555 2611 Mss.
583 2578 795 2619 approbante
827 2579 978 2610 Gronov.
1022 2579 1063 2610 In
1092 2579 1164 2610 aliis

470 2630 557 2661 Edd.
572 2629 691 2660 Primo.
715 2628 798 2659 Fab.

511 2680 695 2719 Arabiteque
707 2679 795 2719 pars]
821 2679 887 2709 Ms.
904 2688 1004 2710 tinum
1021 2684 1056 2710 et
1078 2679 1164 2711 Oro-

469 2730 552 2761 sium
570 2739 626 2760 ιιι.
642 2732 693 2760 23.
710 2729 875 2769 expressi.
899 2729 982 2759 Mss.
1005 2730 1093 2759 enim
1109 2739 1163 2761 ce-

469 2781 535 2811 teri
550 2780 636 2810 Asia>
650 2779 816 2819 Lioyoeque
827 2789 911 2819 pars.
934 2780 1042 2819 Bong.

510 2831 601 2861 Sorte
628 2830 727 2869 venit]
765 2830 857 2870 Lego
884 2839 910 2861 s.
939 2830 1050 2867 evenit,
1076 2830 1163 2862 sicut

470 2881 572 2912 ctiam
599 2889 675 2911 mox
700 2889 767 2921 seq.
792 2889 825 2911 n.
852 2882 901 2910 16.
927 2884 961 2911 et
987 2887 1067 2911 xm.
1083 2884 1161 2913 5.8.

952 335 1092 366 NOTAE
1126 335 1390 367 VARIORUM
1425 335 1476 366 IN

1248 428 1375 460 Bernec.
1420 428 1528 459 Paulo
1539 431 1613 468 post
1634 427 1644 444 ‘
1657 427 1808 458 Leonato
1822 423 1936 456 Minor

1243 479 1391 519 Phrygia
1408 477 1544 510 evenit!
1591 478 1637 508 Et
1653 486 1732 508 xm.
1748 480 1780 506 5.
1796 478 1825 506 8.
1848 476 1856 492 ⁸
1871 474 1935 505 Cui

1244 530 1376 561 Graecia
1386 535 1474 560 sorte
1489 528 1672 560 evenerat!
1714 525 1863 567 Legend.
1875 525 1936 566 igi-

1243 584 1298 610 tur
1320 580 1344 611 f.
1368 585 1403 611 et
1429 580 1482 611 hic
1506 583 1558 610 est
1579 582 1661 609 sorte
1688 578 1797 608 evenit.
1819 577 1932 608 Vorst.

1241 631 1356 661 Vorst.
1383 631 1498 661 mallet
1528 629 1638 668 erenit,
1666 629 1744 669 qnia
1773 627 1821 658 sic
1853 626 1932 657 alibi

1242 681 1394 711 Noster:
1441 681 1564 720 placet.
1604 678 1710 716 Sclzes.
1767 678 1932 708 Bernecc.

1240 729 1353 760 Vorst.
1369 728 1492 760 Scheff.
1509 728 1604 759 nobis
1620 729 1736 759 volunt
1752 726 1932 767 persuade-

1240 788 1288 818 re,
1328 779 1421 809 libris
1465 779 1618 810 omnibus
1665 776 1932 814 adversantibus,

1239 829 1406 861 scribend.
1424 839 1495 859 esse
1511 839 1537 859 s.
1562 828 1674 865 evenit,
1693 828 1770 868 quia
1787 826 1867 857 alibi
1882 826 1930 856 sic

1236 880 1326 911 Just.
1340 880 1506 921 loquatur.
1533 879 1598 910 Sed
1612 878 1689 908 nihil
1702 878 1779 907 inde
1792 875 1932 907 efficies.

1238 929 1326 960 Nam
1357 935 1392 959 et
1415 930 1514 960 aliter
1542 928 1651 968 potuit
1680 926 1771 967 loqui
1794 929 1930 956 secutus

1236 980 1585 1020 praestantissimorum
1598 977 1795 1018 scriptorum
1813 979 1930 1006 aucto-

1235 1029 1381 1067 ritatem,
1404 1029 1523 1069 quibus
1549 1028 1652 1059 venire
1678 1028 1852 1066 eleganter
1879 1025 1928 1055 di-

1235 1085 1357 1110 cuntur
1377 1079 1474 1117 bona,
1489 1088 1563 1119 quae
1588 1082 1645 1107 aut
1661 1075 1803 1106 heredes
1820 1074 1929 1106 cerni-

1233 1138 1316 1167 mus,
1334 1133 1392 1159 aut
1419 1133 1509 1158 sorte
1536 1127 1731 1167 accipimus.
1777 1125 1848 1156 Cic.
1865 1133 1927 1164 pro

1233 1178 1367 1209 Cluent.
1389 1178 1398 1194 ‘
1414 1177 1482 1208 Res
1503 1178 1582 1208 mihi
1604 1177 1696 1207 venit
1712 1174 1929 1206 hereditate?

1232 1227 1284 1257 Id.
1300 1237 1354 1260 111.
1383 1227 1479 1258 Verr.
1503 1226 1706 1258 ‘Hereditas
1729 1227 1808 1257 mihi
1833 1225 1927 1257 venit

1232 1287 1250 1308 a
1281 1277 1403 1317 patre.'
1460 1277 1563 1308 Mart.
1596 1278 1606 1295 ‘
1621 1276 1832 1307 Hereditatis
1864 1274 1925 1306 tibi

1231 1332 1384 1358 trecenta
1400 1327 1514 1358 venit.’
1558 1328 1649 1358 Flor.
1665 1335 1705 1357 11.
1719 1328 1772 1356 20.
1794 1328 1802 1342 ‘
1814 1325 1925 1356 Relic-

1231 1382 1275 1408 tae
1301 1378 1401 1417 regiis
1417 1377 1660 1407 hereditatibus
1683 1385 1775 1416 opeS,
1800 1379 1835 1406 et
1851 1379 1924 1406 tota

1228 1427 1361 1458 insimul
1377 1437 1479 1467 regna
1495 1426 1698 1458 veniebant:
1723 1426 1827 1456 Graev.

1270 1478 1287 1517 ξ
1307 1480 1344 1508 11
1371 1479 1430 1508 Cui
1451 1479 1491 1508 ad
1520 1477 1699 1507 trudendam
1720 1475 1926 1516 provinciam]

1229 1527 1270 1558 In
1287 1528 1335 1558 his
1352 1527 1463 1559 verbis
1481 1538 1546 1558 non
1564 1532 1615 1558 est
1629 1536 1746 1558 sensus
1769 1526 1921 1557 idoneus.

1227 1578 1356 1608 Habuit
1382 1577 1515 1619 quidem
1533 1578 1566 1608 in
1591 1576 1710 1608 Africa
1725 1580 1760 1606 et
1774 1576 1923 1616 AEgypto

1226 1632 1430 1667 potestatem
1454 1628 1664 1666 Cleomenes,
1688 1626 1747 1657 sed
1775 1626 1923 1666 vectiga-

1226 1678 1318 1717 lium,
1336 1687 1403 1708 non
1420 1678 1562 1718 imperii.
1606 1677 1848 1708 Alexandriam
1865 1686 1922 1707 au-

1224 1732 1291 1759 tem
1309 1738 1374 1759 uon
1391 1729 1572 1760 aedificavit
1584 1728 1669 1769 ipse,
1684 1737 1797 1758 verum
1813 1727 1923 1759 Dino-

1222 1783 1344 1810 crates.
1388 1779 1487 1810 Unde
1500 1779 1664 1819 suspicor,
1677 1778 1795 1810 deesse
1807 1777 1922 1820 aliqua

1221 1830 1255 1861 in
1272 1830 1321 1860 his
1338 1830 1458 1862 verbis.
1483 1830 1590 1868 Schef.

1266 1880 1457 1920 Cleomenes]
1491 1881 1501 1897 ‘
1521 1879 1752 1911 Dinocrates’
1788 1878 1916 1910 dicitur

1220 1928 1359 1960 Valerio
1385 1930 1434 1962 M.
1461 1939 1485 1961 1.
1508 1934 1540 1961 5.
1567 1936 1602 1961 et
1626 1930 1728 1960 Solin.
1744 1932 1797 1960 40.
1822 1929 1918 1960 Cleo-

1219 1989 1334 2011 menes
1351 1986 1465 2012 autem
1482 1980 1611 2012 Africae
1637 1986 1673 2012 et
1689 1981 1825 2021 AEgypti
1840 1990 1916 2012 vec-

1218 2030 1374 2070 tigalibus
1388 2030 1498 2062 fuerat
1511 2032 1726 2072 praepositus.
1750 2032 1845 2063 Curt.
1862 2039 1915 2062 ιν.

1218 2082 1249 2111 8.
1265 2083 1296 2110 9.
1318 2081 1422 2119 Bong.

1260 2131 1277 2170 ᾧ
1295 2133 1334 2161 12
1357 2130 1549 2171 Laumedon]
1573 2139 1632 2163 xv.
1648 2133 1678 2162 4.
1694 2133 1723 2162 3.
1736 2130 1914 2162 ‘Laudice’

1217 2189 1289 2220 pro,
1320 2180 1476 2212 Laodice.
1520 2182 1615 2213 Vett.
1639 2182 1777 2212 Latinos
1807 2183 1915 2213 ‘Lau-

1216 2229 1351 2260 mento'
1388 2240 1460 2270 pro,
1498 2231 1739 2271 Laomedonte,
1774 2231 1913 2271 dixisse,

1216 2280 1332 2311 docuit
1365 2290 1425 2311 nos
1453 2281 1486 2313 J.
1516 2282 1668 2321 Scaliger
1697 2281 1731 2311 in
1761 2282 1912 2321 Festum,

1216 2340 1314 2371 quem
1332 2330 1399 2362 vid.
1444 2331 1483 2361 In
1498 2331 1620 2362 Annal.
1637 2331 1751 2362 Taciti
1766 2340 1840 2362 xlv.
1857 2334 1910 2364 31.

1216 2390 1290 2421 quae
1313 2383 1322 2398 ‘
1338 2380 1537 2420 Boodicea,'
1562 2380 1636 2412 ead.
1661 2381 1777 2412 statim
1799 2382 1911 2413 ‘Bou-

1215 2431 1312 2461 dicca
1324 2430 1332 2443 '
1345 2431 1481 2470 dicitur,
1498 2432 1530 2462 in
1544 2431 1624 2462 Vita
1637 2431 1701 2471 Ag.
1714 2433 1723 2448 ‘
1740 2431 1912 2472 Voadica‚'

1215 2481 1336 2512 vitiose
1352 2480 1376 2511 f.
1405 2486 1442 2512 et
1463 2491 1516 2522 ap.
1540 2481 1680 2513 Petron.
1703 2482 1712 2499 ‘
1727 2481 1910 2514 Laucoon'

1215 2542 1289 2573 pro,
1305 2532 1473 2563 Laocoon.
1496 2532 1599 2571 Bong.

1259 2581 1403 2612 Ciliciam
1430 2581 1581 2616 Philotas,
1605 2581 1695 2611 Philo
1717 2581 1844 2622 Illyrios
1857 2592 1907 2613 ac-

1213 2632 1346 2672 cipiunt]
1368 2632 1518 2672 Legend.
1537 2632 1679 2663 Ciliciam
1693 2633 1832 2664 Philotas
1840 2644 1907 2665 cum

1203 2685 1276 2726 filio
1292 2685 1403 2725 Illyrio
1417 2684 1582 2724 accipiunt.
1629 2684 1708 2715 Fuit
1723 2685 1812 2715 enim
1826 2685 1905 2716 Phi-

1212 2735 1291 2766 lotae
1317 2734 1418 2772 filius,
1439 2734 1532 2774 cujus
1555 2735 1680 2764 mentio
1695 2739 1748 2765 cst
1769 2735 1810 2765 ad
1836 2736 1904 2776 huj.

1211 2785 1267 2816 lib.
1296 2784 1353 2816 fin.
1388 2785 1479 2815 Glar.
1525 2784 1694 2824 Corrupta
1715 2785 1788 2816 haec
1812 2791 1902 2818 sunt.

1212 2835 1303 2875 Lego
1319 2844 1361 2865 cx
1377 2839 1488 2865 mente
1506 2834 1667 2865 Glareani
1684 2834 1824 2866 Philotas
1834 2845 1903 2867 cum

1200 2884 1273 2926 filio
1302 2883 1421 2925 Illyrio.
1466 2882 1543 2916 Vid.
1574 2884 1652 2915 Var.
1682 2883 1780 2916 Lect·
1810 2885 1901 2917 Bon·
