2174 3424
559 347 644 389 692

560 456 627 482 tam
653 448 750 480 famae
768 449 982 481 velocitatem
1007 449 1134 491 fuisse,'
1157 454 1252 491 puta,

558 500 685 539 ferunt,
699 504 757 530 ant
772 504 970 531 memorant.
1016 500 1082 531 Sed
1100 500 1145 531 nil
1169 510 1252 540 prae-

557 550 660 589 cedit,
683 550 770 591 quod
797 551 883 581 hanc
908 550 1138 590 expletionem
1156 551 1251 590 ellip-

553 610 628 631 seos
644 604 830 631 monstrare
846 601 953 640 possit
966 611 975 638 ;
990 610 1098 641 neque
1116 600 1198 639 scio,
1209 609 1251 631 an

555 650 635 681 alibi
653 650 700 681 sic
714 651 840 691 positus
855 650 1039 681 infinitivus
1053 655 1180 681 temere
1202 650 1250 680 in-

554 700 723 731 veniatur.
781 700 931 741 Ideoque
947 700 1025 731 mihi
1036 700 1168 741 quidem
1183 710 1248 730 non

555 750 637 781 nihil
655 756 829 790 suspectus
853 756 905 782 est
921 751 973 781 hic
991 751 1013 781 l.
1037 750 1141 789 Schef.
1185 751 1250 781 Mi-

554 809 611 830 ror
634 800 707 830 viro
725 799 861 831 doctiss.
884 810 983 841 quem
1001 801 1110 831 vivum
1127 801 1249 840 amavi,

553 853 722 880 mortuum
751 851 837 890 colo,
873 851 927 881 hic
957 852 1090 882 haesisse
1120 861 1248 892 aquam.

552 900 647 930 Nihil
663 899 876 942 frequentius
887 902 1025 933 Justino
1038 901 1177 942 aliisque
1191 911 1248 942 op-

552 950 642 980 timis
665 950 887 990 scriptoribus
914 951 947 980 in
973 950 1246 981 admirationibus

551 999 601 1031 uti
613 999 798 1040 infinitivis,
812 1000 932 1031 omisso
948 1000 1154 1031 ‘mirandum
1169 1000 1245 1039 est‚'

551 1054 610 1081 aut
635 1051 700 1081 alio
722 1051 790 1091 huj.
808 1055 897 1082 notae
913 1051 1028 1082 verbo.
1073 1051 1114 1082 In
1138 1051 1170 1081 h.
1188 1051 1244 1083 lib.

551 1109 628 1140 cap.
641 1104 673 1132 7.
696 1101 861 1131 ‘Tantam
884 1101 916 1131 in
943 1111 982 1132 eo
1010 1101 1168 1131 virtutem
1191 1100 1242 1131 fu-

548 1148 627 1189 isse,
662 1153 699 1180 ut
725 1159 791 1180 non
820 1154 870 1181 tot
896 1150 1045 1181 caedibus
1068 1149 1243 1191 fatigatus,

548 1208 614 1229 non
631 1199 760 1230 duabus
787 1200 940 1231 manibus
967 1200 1094 1231 amissis
1121 1201 1242 1239 victus,

550 1253 691 1279 truncus
706 1249 747 1280 ad
764 1254 982 1289 postremum,
1011 1255 1046 1281 et
1070 1250 1174 1281 veluti
1191 1260 1242 1280 ra-

548 1298 626 1329 bida
641 1299 725 1336 fera,
739 1300 895 1331 dentibus
906 1301 1116 1332 dimicaverit
1126 1301 1147 1331 :'
1159 1310 1241 1332 vul.

547 1351 580 1379 2.
595 1349 604 1365 ‘
617 1350 759 1380 Tantum
776 1348 906 1380 facinus
920 1350 1095 1380 admisisse
1109 1350 1242 1389 ingenia

546 1399 635 1429 omni
660 1399 816 1430 doctrina
838 1401 986 1439 exculta,
1009 1400 1241 1440 pulcherrimis

546 1448 676 1487 legibus
690 1449 920 1490 institutisque
934 1449 1089 1489 formata,
1099 1455 1136 1481 ut
1148 1450 1241 1491 quid,

546 1498 696 1538 postliaec
730 1509 932 1530 succensere
972 1500 1052 1540 jure
1087 1501 1240 1531 barbaris

544 1552 696 1587 possent,
708 1558 772 1578 non
790 1549 955 1579 haberent
966 1549 986 1580 ι’
1001 1553 1118 1580 xiv.5.
1134 1550 1142 1566 ‘
1155 1551 1241 1580 Tan-

548 1603 618 1628 tum
641 1607 697 1628 eos
721 1598 978 1638 degeneravisse
1004 1610 1023 1630 a
1045 1600 1241 1641 majoribus,

545 1652 593 1685 ut,
617 1657 691 1678 cum
716 1648 830 1679 multis
843 1649 965 1680 seculis
979 1659 1092 1680 murus
1106 1650 1178 1681 urbi
1193 1651 1238 1681 ci-

546 1699 634 1728 vium
653 1699 758 1729 virtus
771 1698 889 1737 fuerit,
903 1704 982 1730 tunc
998 1701 1106 1730 salvos
1118 1709 1153 1730 se
1165 1700 1238 1731 fore

542 1758 608 1779 non
629 1749 908 1788 existimaverint,
926 1749 987 1779 nisi
1010 1750 1101 1781 intra
1127 1760 1238 1781 muros

542 1798 712 1830 laterent!
766 1799 890 1829 Notavi
915 1800 1072 1830 nonnulla
1095 1800 1160 1830 alia
1183 1809 1239 1830 ex-

543 1849 655 1888 empla
680 1849 714 1878 iu
738 1847 940 1879 Animadvv.
955 1849 995 1880 ad
1011 1849 1181 1889 Epistolas
1195 1850 1237 1880 ad

543 1897 617 1928 Att.
640 1898 673 1928 in
696 1898 817 1938 quibus
840 1903 1025 1938 peccarant
1046 1899 1238 1938 impruden-

541 1948 589 1977 tia
605 1948 673 1987 }iuj.
687 1948 864 1986 elegantiae
882 1953 940 1979 aut
956 1948 1080 1979 librarii
1095 1953 1152 1979 aut
1165 1958 1236 1980 cor-

541 2002 703 2027 rectores.
730 1998 835 2027 (ἵν-(ευ.

584 2047 601 2085 §
620 2049 658 2076 10
682 2046 915 2077 Atheniensium
926 2048 1027 2078 rii-tus
1037 2048 1146 2079 ceteris
1154 2058 1236 2088 prce-

539 2095 619 2135 lata]
644 2096 746 2135 Cujus
772 2097 904 2136 generis
922 2098 1016 2137 plura
1029 2102 1146 2128 notata
1158 2103 1236 2128 sunt

541 2155 632 2185 supr.
659 2146 699 2176 ad
724 2155 748 2177 1.
762 2149 793 2177 7.
812 2150 862 2177 14.
907 2147 1036 2179 Quibus
1056 2148 1132 2178 add.
1151 2148 1234 2178 illud

543 2196 616 2227 Cic.
643 2205 691 2227 vr.
721 2197 812 2228 Fam.
839 2200 890 2228 19.
922 2198 930 2214 ‘
947 2198 1064 2228 Otium
1086 2197 1234 2237 [domus]

541 2244 631 2275 omni
667 2244 897 2276 desertissima
934 2247 1071 2285 regione
1105 2245 1236 2287 majus,'

540 2304 599 2334 pro
613 2295 701 2325 omni
730 2295 965 2326 desertissima:
984 2297 1129 2337 regionis
1152 2298 1232 2328 otio.

540 2345 626 2375 Sunt
643 2349 677 2375 et
691 2346 723 2375 in
737 2346 841 2376 sacris
855 2346 960 2376 literis
975 2348 1065 2378 talia.
1099 2348 1232 2379 UtJoh.

541 2404 572 2425 v.
600 2398 651 2426 36.
688 2396 831 2427 ‘Habeo
868 2397 1092 2428 testimonium
1125 2398 1232 2438 majus

538 2445 714 2485 somnne:
753 2456 813 2487 pro
838 2447 1032 2478 testimonio
1059 2448 1232 2480 Johanuis.

547 2495 648 2527 Vorst.

580 2547 666 2576 CAP.
686 2555 744 2577 xv.
779 2547 833 2586 §2
859 2548 936 2577 Cum
948 2547 1074 2587 moenia]
1098 2547 1232 2579 Praeter

538 2597 637 2627 Diod.
661 2606 712 2628 xi.
731 2601 783 2630 39.
812 2598 879 2629 vid.
903 2599 1052 2639 Thucyd.
1076 2607 1100 2629 1.
1122 2601 1173 2629 15.
1197 2602 1232 2629 et

540 2647 691 2678 Frontin.
714 2657 738 2678 1.
754 2652 783 2679 1.
808 2652 858 2680 10.
882 2649 1041 2680 Meminit
1066 2652 1102 2680 et
1127 2649 1229 2680 Paus.

538 2696 594 2727 lib.
611 2706 634 2727 1.
652 2697 756 2728 initio.
781 2698 885 2735 Bong.

581 2748 677 2777 Recte
693 2748 920 2788 reputantibus]
955 2749 1037 2779 Mss.
1053 2758 1078 2779 r.
1089 2749 1231 2788 putanti-

537 2796 610 2827 bus:
634 2805 674 2826 ex
699 2807 764 2836 quo
788 2798 937 2828 Sebisius
960 2801 1114 2837 reputant.
1136 2798 1231 2838 facit,

538 2846 658 2875 omisso
672 2851 766 2884 recte,
790 2848 879 2888 quod
903 2857 964 2879 nec
985 2848 1081 2879 abest
1105 2848 1230 2879 incom-

539 2896 647 2926 mode.
674 2897 773 2927 Bern-

1010 356 1150 388 NOTAE
1183 356 1449 388 VARIORUM
1481 356 1533 387 IN

1345 451 1362 491 ξ
1379 453 1397 482 3
1421 450 1614 481 Munimenta
1626 448 1761 480 hostibus
1772 451 1802 479 et
1820 449 1993 487 receptacu-

1301 499 1346 539 la]
1380 499 1528 530 Sebisius
1543 499 1657 530 mallet
1672 509 1712 529 m.
1726 499 1756 529 h.
1772 498 1807 528 in
1818 500 1994 537 receptacu-

1300 550 1375 589 lum,
1388 551 1441 580 vel
1459 560 1500 580 m.
1514 550 1711 589 receptacula,
1734 557 1796 589 per
1807 547 1992 587 appositio-

1299 608 1386 630 nem.
1409 599 1508 630 Bern.
1552 598 1834 637 Mss.receptacula
1846 596 1992 634 futurum

1300 649 1419 680 bellum.
1464 649 1574 680 Credo
1592 649 1764 689 scripsisse
1777 648 1866 679 Just.
1880 651 1915 678 et
1927 646 1993 677 dis-

1300 699 1452 736 tinxisse,
1467 709 1504 730 ne
1515 709 1555 730 m.
1569 699 1598 730 Ιι.
1611 699 1800 737 receptacula
1803 697 1931 738 futura,
1956 696 1991 727 in

1299 750 1409 780 bellum
1420 752 1578 780 extruant.
1602 748 1716 779 Schef.

1340 802 1357 841 ξ
1374 804 1393 832 4
1418 801 1489 831 Non
1501 800 1629 840 abrupte
1643 800 1809 839 agendum]
1841 798 1990 829 Marcel-

1297 851 1354 882 lin.
1372 859 1474 882 xxvr.
1493 853 1544 881 32.
1569 851 1578 867 ‘
1593 850 1710 880 Aleam
1735 849 1881 880 omnium
1902 848 1990 889 peri-

1296 901 1446 931 culorum
1471 900 1559 940 jecit
1585 899 1728 939 abrupte
1744 898 1764 930 :'
1795 908 1922 939 proque
1949 907 1990 929 eo

1295 950 1367 981 Liv.
1380 958 1487 980 xxm.
1499 952 1552 980 20.
1588 949 1597 966 ‘
1609 948 1703 980 Nihil
1719 948 1844 988 raptim
1859 956 1922 978 nec
1940 950 1989 978 te-

1295 1010 1387 1031 mere
1403 1000 1569 1040 agendum
1584 998 1604 1030 :‘
1624 1003 1659 1030 et
1672 999 1705 1029 S.
1720 999 1828 1029 Lucas
1850 997 1884 1027 in
1908 996 1989 1028 Act.

1294 1049 1360 1090 Ap.
1375 1059 1451 1081 XIX.
1467 1053 1520 1081 36.
1550 1047 1654 1086 Μηδὲν
1667 1046 1816 1089 προπετὲς
1830 1045 1986 1088 πράττειν.

1298 1100 1435 1131 Gronov.

1335 1151 1352 1190 ᾧ
1369 1153 1389 1180 6
1412 1151 1451 1180 In
1462 1149 1660 1190 legationem]
1684 1151 1769 1181 Mss.
1783 1149 1941 1190 plerique
1953 1148 1988 1180 in

1293 1201 1455 1239 legatione,
1469 1201 1554 1241 quod
1568 1210 1632 1231 non
1649 1206 1730 1241 puto
1746 1199 1986 1232 contemnend-

1293 1250 1411 1281 Solent
1427 1250 1514 1281 enim
1528 1260 1625 1281 casus
1636 1251 1685 1281 ita
1697 1249 1894 1290 permutari,
1905 1259 1988 1290 qno-

1292 1299 1390 1330 modo
1403 1309 1477 1340 cap.
1493 1303 1543 1331 13.
1569 1300 1611 1331 ad
1628 1300 1729 1331 verba
1753 1301 1762 1317 ‘
1777 1300 1810 1330 in
1827 1299 1985 1331 Graecia’

1293 1349 1554 1381 observavimus.
1598 1349 1688 1381 Add.
1708 1360 1782 1391 qnae
1795 1354 1915 1381 notata
1928 1357 1986 1379 no-

1292 1398 1342 1429 bis
1355 1399 1397 1429 ad
1414 1400 1547 1439 Fragm.
1566 1400 1717 1431 Petronii
1728 1399 1986 1440 Tragurianum,

1292 1452 1326 1478 et
1342 1448 1528 1488 Hyginum.
1552 1448 1655 1486 Schef.

1334 1501 1415 1541 Agi]
1448 1500 1596 1531 Sebisius
1613 1500 1753 1541 praefert
1768 1512 1870 1542 agere,
1882 1508 1920 1535 ut
1933 1513 1985 1536 re-

1290 1549 1421 1581 feratur
1434 1551 1475 1581 ad
1490 1551 1764 1583 Themistoclem.
1791 1553 1885 1584 Bern.

1333 1601 1385 1640 §7
1409 1600 1542 1631 Athenis
1556 1602 1723 1642 maturari]
1746 1602 1827 1634 Mss.
1850 1603 1982 1634 Atheni-

1289 1650 1379 1680 ensis.
1425 1649 1479 1681 An
1495 1651 1665 1682 scribend.
1692 1652 1894 1684 Athenienses
1918 1663 1985 1684 ma-

1289 1698 1421 1731 turare?
1451 1710 1525 1730 nam
1551 1702 1748 1732 Atheniensis
1773 1706 1869 1733 vetus
1896 1703 1982 1734 ratio

1289 1755 1341 1780 est
1367 1760 1429 1790 pro
1451 1750 1669 1782 Athenienseis
1694 1752 1744 1782 vel
1766 1752 1982 1784 Athenienses.

1288 1800 1333 1830 Et
1349 1804 1462 1840 potest
1489 1805 1600 1831 ortum
1627 1810 1700 1832 esse
1725 1802 1842 1832 vitium
1870 1812 1912 1833 ex
1929 1811 1984 1842 eo,

1288 1850 1366 1890 quia
1392 1850 1526 1880 Athenis
1551 1860 1626 1881 cum
1657 1851 1777 1882 lineola
1804 1852 1836 1881 in
1865 1851 1981 1891 eapite

1288 1899 1353 1930 fuit
1368 1900 1532 1940 scriptum
1560 1910 1619 1940 pro
1645 1901 1853 1940 Atheniensis,
1879 1902 1981 1943 idque

1287 1950 1431 1981 oscitans
1469 1950 1626 1981 librarius
1670 1960 1737 1982 non
1776 1951 1980 1983 observavit.

1285 1998 1389 2037 Schef.

1329 2050 1383 2089 §8
1411 2050 1574 2090 Vinciant]
1606 2050 1658 2081 Sc.
1686 2054 1723 2081 nt
1749 2050 1823 2081 illos
1849 2055 1980 2082 tantum

1286 2104 1423 2130 servent
1450 2101 1483 2130 in
1510 2100 1675 2131 custodia.
1707 2100 1801 2141 Virg.
1817 2109 1898 2132 vni.
1926 2101 1979 2132 ΖΕ.

1285 2152 1358 2179 652.
1383 2151 1391 2166 ‘
1407 2149 1450 2180 Et
1464 2148 1600 2180 fluvium
1617 2150 1734 2181 vinclis
1747 2151 1880 2182 innaret
1893 2151 1980 2182 Cloe-

1284 2199 1328 2230 lia
1345 2200 1475 2240 ruptis!
1519 2201 1586 2231 Ubi
1613 2201 1685 2231 hate
1711 2201 1807 2233 Serv.
1829 2204 1838 2218 ⁴
1855 2202 1980 2232 Vincla

1284 2259 1345 2289 pro
1361 2250 1523 2280 custodiis
1540 2251 1736 2291 accipimus,
1752 2250 1829 2292 quia
1843 2250 1979 2282 obsides

1284 2309 1349 2330 non
1366 2299 1535 2339 ligantur-¹
1561 2302 1660 2332 Grou.

1325 2351 1341 2389 ξ
1357 2352 1377 2379 9
1398 2349 1488 2380 Adiit
1503 2351 1612 2381 deinde
1627 2350 1811 2390 concionem]
1835 2351 1916 2382 Mss.
1931 2352 1977 2382 At

1282 2400 1314 2430 id
1330 2401 1360 2430 ιΙ.
1376 2400 1407 2430 in
1421 2410 1448 2431 c.
1472 2400 1563 2430 Puto
1580 2410 1693 2431 veram
1711 2401 1788 2431 lect.
1805 2400 1884 2430 Adit
1898 2401 1929 2430 d.
1943 2401 1976 2430 in

1281 2461 1307 2481 c.
1345 2450 1412 2481 Sed
1427 2450 1658 2490 repudiarunt,
1672 2449 1827 2490 quoniam
1842 2450 1929 2480 odire
1944 2449 1978 2480 in

1282 2504 1445 2540 putarunt
1462 2500 1547 2530 male
1564 2500 1694 2530 sociari.
1739 2499 1787 2530 At
1800 2508 1880 2530 vero
1891 2499 1977 2529 scire

1282 2549 1470 2589 debebant,
1493 2550 1581 2580 adire
1607 2549 1829 2589 compositum
1852 2547 1977 2589 signifi-

1282 2600 1447 2630 cationem
1470 2599 1631 2639 simplicis
1648 2599 1784 2639 habere,
1808 2603 1910 2639 atque
1926 2597 1976 2628 ita

1281 2658 1387 2689 praep.
1406 2649 1436 2679 in
1454 2658 1493 2679 eo
1510 2659 1581 2680 esse
1597 2658 1852 2689 supervacuam.
1886 2648 1976 2680 Quo-

1281 2698 1381 2729 modo
1397 2703 1431 2729 et
1448 2699 1517 2730 Cic.
1540 2699 1583 2729 ad
1607 2698 1680 2729 Att.
1707 2698 1830 2729 alieubi
1853 2699 1862 2715 ‘
1880 2698 1974 2728 adire

1281 2748 1399 2788 injus’
1416 2758 1489 2788 pro,
1508 2749 1555 2779 ire
1573 2749 1687 2788 injus,
1703 2747 1888 2788 usurpavit.
1928 2747 1973 2778 Et

1280 2804 1461 2829 occurrunt
1478 2798 1543 2828 alia
1558 2799 1681 2829 similia
1697 2807 1751 2838 ap.
1769 2797 1850 2828 alios
1868 2797 1974 2836 scrip-

1281 2853 1380 2879 tores.
1403 2848 1505 2884 Schts.

1323 2898 1536 2939 l'emnunitus]
1574 2897 1638 2928 Per
1663 2897 1697 2928 in
1728 2895 1969 2937 compositione
