2101 3419
410 315 539 358 lxviii
1051 327 1066 356 1
1073 327 1102 358 N
1112 327 1216 358 DEX

454 424 582 465 Inquies
602 424 672 464 (pro
688 423 843 465 inquieto)
865 425 937 462 xliv,
952 427 985 462 2,
1000 429 1018 457 5
1043 425 1111 467 (Ita

412 467 573 498 Sallustius
584 467 665 497 Hist.
678 467 700 503 i,
713 470 745 505 l,
755 470 786 499 6.
802 468 852 498 Ita
861 468 985 499 Tacitus
995 468 1111 499 Annal.

409 510 455 546 iii,
470 512 502 546 4,
519 509 556 546 l)
578 509 717 540 Freinsh.

454 552 616 592 Inquietus
631 552 663 582 in
679 557 778 583 motus
792 557 932 584 externos
947 553 999 590 xli,
1016 557 1046 590 3,
1063 558 1082 585 8

454 594 605 635 Inquilini
619 595 693 631 xliii,
709 599 740 632 4,
756 600 775 626 5

456 637 617 678 Inquinari
631 638 704 674 xxii,
722 641 753 674 1,
769 641 788 669 7

455 680 614 720 Inquirere
644 681 717 723 (pro
746 680 898 722 quaerere)
936 680 980 718 iii,
1009 684 1041 718 4,
1074 685 1113 713 10

412 722 550 753 Freinsh-

457 765 644 796 Insatiabilis
665 765 795 806 alicujus
812 767 856 796 rei
878 766 899 802 i,
914 770 946 802 8,
964 770 1001 798 13
1033 766 1114 797 insa-

413 808 551 839 tiabilem
565 809 684 850 imperii
699 809 899 850 cupiditatem
916 820 1019 850 gerere
1042 809 1114 846 xvii,

416 854 447 888 1,
466 854 504 882 11

458 893 587 924 Inseitia
601 894 726 930 ducum,
741 893 874 924 cladium
890 904 981 924 causa
995 894 1036 930 iv,
1051 897 1082 929 5,
1095 897 1116 925 6

458 936 638 977 Insculpere
653 937 778 966 nomina
792 937 911 966 tesseris
926 936 969 974 iii,
984 942 1015 973 5,
1035 940 1074 968 10

458 979 608 1010 Insectari
623 980 724 1009 hostes
738 989 788 1015 xv,
804 982 835 1014 3,
853 983 891 1010 11

459 1022 639 1062 Insepultus
654 1033 723 1058 xxv,
739 1026 771 1058 5,
786 1025 818 1052 2.
841 1021 893 1058 xli,
909 1024 940 1057 6,
956 1025 974 1052 5

460 1064 588 1104 Insequi
601 1064 724 1100 delicta,
738 1063 938 1104 majestatem,
952 1064 1040 1099 vires,
1051 1075 1118 1105 reg-

417 1117 491 1138 num
506 1107 627 1143 xxxviii,
643 1110 674 1143 6,
693 1110 709 1137 l
735 1106 912 1148 (persequi)
934 1106 1048 1137 Scheff.

459 1149 597 1180 Inserere
612 1149 777 1180 conciones
792 1150 878 1189 operi
892 1149 1015 1186 xxxviii,
1031 1153 1062 1185 3,
1079 1152 1117 1180 11

418 1192 592 1233 exemplum
614 1192 755 1222 brevitati
775 1192 886 1232 operis,
908 1192 982 1222 ibid.
1005 1193 1121 1232 episto-

417 1235 480 1266 lam
495 1240 669 1265 exenterato
686 1235 782 1275 lepori
795 1234 816 1270 i,
830 1239 860 1270 5,
876 1238 916 1266 10
931 1235 1022 1265 insita
1037 1235 1123 1275 genti

418 1277 563 1318 superbia
604 1278 681 1319 (hoc
719 1283 776 1315 est,
809 1277 930 1319 innata)
973 1288 1003 1315 v,
1035 1281 1067 1315 3,
1101 1281 1122 1310 6

418 1321 556 1352 Freinsh-

464 1363 588 1393 Insidiae
603 1362 635 1392 in
653 1362 846 1393 insidiatores
858 1373 953 1393 versae
974 1362 1039 1399 xiii,
1055 1366 1087 1398 8,
1103 1366 1124 1394 6

419 1406 598 1436 insidiarum
621 1406 701 1435 fraus
726 1405 747 1441 i,
771 1408 803 1441 8,
826 1408 855 1436 9.
890 1406 942 1441 vii,
964 1409 995 1441 5,
1016 1410 1036 1437 6
1059 1406 1125 1447 (Ita

421 1454 430 1467 ‘
444 1449 619 1479 insidiarum
634 1447 770 1479 fallacias
782 1448 789 1461 '
813 1448 891 1478 dixit
915 1448 1021 1478 Florus
1045 1449 1075 1485 ii,
1092 1452 1123 1485 6,

423 1492 494 1530 13).
510 1491 791 1522 insidiasinstruere
803 1491 883 1527 xxiv,
895 1495 926 1527 2,
940 1495 955 1522 1
973 1497 1125 1521 exstruere

423 1535 540 1576 (idem)
566 1534 642 1570 xliii,
657 1537 690 1570 4,
705 1537 725 1565 6
758 1534 876 1564 insidiis
903 1535 1045 1564 mandare
1070 1533 1126 1564 ali-

423 1588 515 1618 quam
526 1588 588 1607 rem
604 1578 679 1618 (est,
692 1577 773 1607 illam
789 1588 840 1618 per
852 1576 978 1607 insidias
990 1577 1126 1616 tentare)

424 1631 455 1657 v,
471 1624 502 1656 2,
519 1624 536 1650 5
563 1620 699 1650 Freinslr.
733 1630 786 1660 per
808 1620 933 1649 insidias
957 1620 1126 1650 interficere.

424 1663 486 1699 xvi,
509 1666 539 1699 l,
556 1666 575 1694 8
605 1662 730 1692 insidias
750 1663 862 1697 facere,
885 1663 1011 1692 insidias
1034 1673 1126 1693 occu-

426 1717 498 1747 pare
513 1706 574 1741 xvi,
590 1709 621 1741 1,
637 1709 677 1736 10
701 1705 827 1735 insidias
843 1705 932 1735 alicui
950 1715 1065 1746 parare,
1081 1705 1127 1734 in-

426 1750 518 1779 sidias
535 1748 566 1778 in
582 1749 714 1788 aliquem
732 1753 846 1778 vertere
862 1749 921 1782 xvi,
938 1751 970 1786 4,
985 1751 1004 1779 8
1034 1748 1064 1777 in
1080 1747 1127 1778 in-

425 1792 518 1822 sidias
531 1791 681 1821 deductus
696 1791 767 1827 xliv,
779 1795 810 1827 5,
822 1795 841 1822 4
864 1791 982 1820 insidia:
997 1792 1127 1821 tendun-

426 1840 476 1864 tur
490 1834 647 1864 insidianti
662 1834 725 1873 regi
740 1833 814 1870 xliii,
827 1837 859 1870 4,
875 1837 894 1865 8
919 1833 1035 1863 insidiis
1050 1834 1129 1874 perit

426 1877 602 1907 Alexander
616 1877 668 1912 xii,
684 1880 736 1911 13,
754 1879 794 1907 10

471 1919 612 1949 Insidiari
628 1919 759 1949 libertati
774 1918 904 1959 alicujus
921 1919 982 1956 viii,
996 1922 1026 1956 1,
1040 1922 1058 1950 3
1082 1930 1129 1950 se-

428 1962 508 1993 curis
526 1963 564 1997 vi,
580 1965 611 1998 6,
627 1964 648 1992 6

472 2005 671 2035 Insidiatores
687 2004 749 2039 xiii,
765 2006 796 2040 8,
811 2006 832 2034 6

473 2047 645 2077 Insidiosus
660 2046 795 2086 alloquio
811 2046 851 2081 ix,
869 2048 898 2081 8,
916 2048 935 2076 8

473 2089 612 2130 Insignia
627 2089 793 2129 majestatis
808 2089 883 2128 (hoc
899 2094 956 2125 cst,
972 2099 1132 2119 ornamen-

431 2138 463 2164 ta
476 2132 576 2173 regia)
591 2143 620 2168 x,
638 2135 668 2167 1,
683 2135 701 2162 3
726 2131 861 2161 Freinsh.

476 2175 609 2215 Insignis
625 2184 723 2204 annus
740 2174 843 2214 aliqua
858 2184 888 2204 re
911 2174 987 2214 (hoc
1003 2179 1059 2209 est,
1076 2184 1132 2204 no-

432 2218 544 2253 tabilis,
562 2217 778 2256 memorabilis)
793 2228 821 2251 ν,
839 2220 869 2251 S,
885 2218 915 2246 7.
940 2218 978 2251 vi,
992 2220 1022 2252 6,
1037 2221 1068 2247 5.
1092 2218 1132 2252 xi,

434 2264 487 2297 10,
504 2264 523 2292 8
543 2260 679 2290 Freinsh.
701 2270 763 2289 non
781 2258 952 2294 virtutibus,
967 2260 1021 2289 sed
1037 2260 1133 2289 cladi-

433 2303 491 2333 bus
507 2303 640 2341 insignes
655 2303 738 2332 suere
762 2302 801 2336 vi,
819 2306 848 2337 8,
866 2304 884 2332 3
914 2302 1040 2343 insignis
1057 2313 1134 2343 pra}-

434 2350 480 2376 ter
495 2353 610 2376 ceteros
627 2346 666 2384 xi,
680 2348 731 2380 10,
745 2348 764 2375 8
787 2344 914 2385 insignis
930 2346 1068 2385 paucitas
1079 2345 1134 2375 ali-

434 2398 562 2430 quorum
579 2387 641 2424 xiii,
657 2391 687 2422 7,
702 2391 721 2418 4

479 2431 643 2471 Insigniter
665 2430 762 2460 clarus
785 2429 836 2465 vii,
860 2432 892 2466 2,
909 2433 948 2461 13
977 2429 1136 2471 insigniter

436 2475 580 2505 dimicare
596 2473 699 2508 xxxiii,
716 2477 746 2509 ⁶2,
766 2476 781 2503 l

480 2517 599 2546 Insilire
614 2517 862 2558 quinqueremem
879 2525 915 2545 cx
931 2515 1045 2556 scapha
1066 2526 1136 2553 xxv,

436 2563 469 2596 4,
486 2563 505 2590 ὃ

482 2602 661 2632 Insiruulare
677 2601 751 2640 (hoc
767 2605 823 2636 est,
839 2599 997 2641 accusare)
1013 2612 1042 2637 ν,
1061 2604 1091 2638 1,
1109 2604 1138 2632 1.

438 2646 500 2680 xxi,
517 2649 546 2679 5,
566 2648 601 2674 11
627 2644 763 2674 Freinslr.

482 2688 640 2718 Insinuare.
656 2698 687 2717 se
703 2686 794 2716 alicui
809 2686 885 2726 (lioc
898 2690 954 2720 est,
972 2686 1097 2726 gratiam
1110 2690 1141 2716 et

439 2730 686 2760 benevolentiam
713 2730 794 2759 illius
819 2729 970 2769 nancisci)
1004 2740 1034 2765 v,
1061 2732 1094 2765 2,
1121 2733 1139 2760 5

439 2773 576 2803 Freinsh.

486 2815 657 2844 insolentes
673 2813 789 2844 divitiae
805 2825 853 2849 xx,
869 2817 901 2850 5,
917 2817 936 2845 3
961 2813 1085 2844 victoria
1097 2813 1143 2843 in-

444 2858 589 2889 solentior
605 2859 741 2887 redditus
757 2857 820 2892 xlii,
835 2861 867 2893 5,
882 2859 901 2888 4

488 2900 656 2931 Insolentia
678 2900 719 2937 xi,
742 2902 793 2936 11,
811 2902 850 2931 12
880 2898 1001 2930 accedit
1022 2898 1145 2930 saevitiae

1159 425 1324 457 insolentia
1351 425 1413 464 xvi,
1437 430 1469 464 5,
1491 429 1510 458 7
1548 428 1680 469 superba
1699 429 1863 461 insolentia

1160 469 1261 505 xxxix,
1276 472 1307 505 2,
1324 472 1340 499 l

1204 512 1400 542 Insolescunt
1414 511 1508 542 animi
1522 513 1611 543 rebus
1626 514 1768 545 secundis
1782 515 1864 553 xxxi,

1162 557 1194 591 8,
1209 557 1229 585 8

1205 596 1352 626 Insolitus
1367 596 1498 627 foeminis
1512 597 1635 628 habitus
1657 598 1710 635 xii,
1726 602 1757 636 3,
1773 602 1794 631 6
1816 600 1865 630 in·

1163 638 1246 669 soliti
1262 649 1363 669 versus
1377 639 1410 676 ii,
1426 643 1458 677 7,
1475 642 1514 671 11

1206 682 1405 722 Inspectante
1446 682 1580 713 exercitu
1624 683 1728 720 xxxiii,
1765 686 1798 720 2,
1833 686 1866 715 4.

1164 725 1289 760 xxxviii,
1304 728 1335 760 1,
1352 728 1392 756 10

1206 767 1366 807 Insperata
1380 767 1520 804 victoria,
1542 772 1663 809 sperata
1678 769 1867 810 quandoque

1164 811 1275 841 certior
1288 821 1338 846 xx,
1353 814 1384 846 5,
1401 813 1420 841 3

1207 852 1364 892 Inspicere
1401 852 1472 894 (pro
1502 852 1695 893 perlustrare,
1725 852 1868 895 besehen)

1164 896 1288 930 xxxviii,
1312 898 1343 931 S,
1366 897 1405 926 11
1441 896 1480 925 ad
1504 895 1698 935 inspicienda
1719 896 1870 926 sociorum

1166 948 1259 978 regna
1274 938 1391 978 legatos
1407 937 1530 967 mittunt
1544 937 1680 968 Romani
1699 938 1820 974 xxxviii,
1838 942 1870 976 8,

1167 983 1206 1011 11
1232 985 1263 1010 et
1275 982 1313 1009 ad
1325 980 1533 1020 inspiciendas
1545 981 1694 1011 sociorum
1707 991 1753 1011 res
1768 980 1870 1018 xxxiv,

1169 1026 1198 1058 1,
1212 1026 1233 1054 4
1256 1023 1294 1052 ad
1311 1022 1534 1063 inspiciendam
1549 1034 1610 1054 rem
1623 1023 1741 1065 legatos
1753 1024 1872 1054 mittere

1167 1066 1200 1101 ii,
1219 1069 1270 1101 15,
1285 1069 1304 1096 7

1211 1107 1358 1148 Inspirari
1385 1107 1463 1149 xliii,
1493 1111 1523 1144 l,
1552 1111 1572 1140 8
1620 1107 1759 1149 inspirati
1788 1114 1873 1139 vates

1169 1151 1245 1192 (hoc
1261 1156 1319 1187 est,
1336 1150 1407 1181 Deo
1422 1156 1454 1181 et
1467 1150 1575 1191 spiritu
1591 1151 1692 1192 pleni)
1708 1151 1791 1187 xviii,
1805 1155 1836 1187 5,
1851 1155 1872 1184 7

1170 1194 1272 1234 (quod
1289 1193 1420 1224 Ovidius
1442 1194 1481 1223 ad
1501 1193 1628 1230 Petitas,
1655 1193 1755 1235 quiet
1777 1194 1873 1225 Vates

1171 1237 1326 1272 dicuntur,
1354 1236 1508 1266 transtulit
1531 1236 1658 1267 inillis:
1683 1241 1693 1255 ‘
1708 1236 1766 1267 Est
1786 1236 1875 1267 Deus

1171 1278 1203 1308 in
1218 1279 1328 1309 nobis:
1353 1278 1489 1320 agitante
1512 1279 1690 1310 calescimus
1711 1280 1776 1310 illo.
1819 1280 1875 1310 Se-

1172 1322 1262 1352 dibus
1278 1322 1416 1352 aethereis
1432 1321 1554 1362 spiritus
1570 1322 1628 1353 iste
1642 1322 1755 1364 venit’)

1216 1364 1385 1394 Instantius
1400 1363 1441 1400 vi,
1457 1367 1489 1400 2,
1506 1366 1543 1395 ll

1216 1407 1317 1438 Instar
1343 1408 1419 1449 (hoc
1444 1413 1502 1442 est,
1528 1406 1708 1444 similitudo,
1733 1405 1873 1447 species:

1173 1448 1223 1479 hie
1247 1455 1348 1480 autem
1372 1460 1426 1490 pro
1446 1450 1476 1479 vi
1498 1454 1530 1479 et
1551 1449 1688 1480 efficacia
1710 1449 1875 1491 sumitur):

1174 1491 1207 1521 in
1229 1502 1291 1532 quo
1315 1493 1409 1522 instar
1429 1497 1494 1522 erat
1515 1491 1583 1532 (Ita
1606 1492 1728 1532 legend.
1753 1492 1879 1523 Nomen

1175 1534 1256 1564 enim
1272 1539 1330 1570 est,
1346 1545 1409 1564 non
1424 1533 1618 1576 adverbium)
1632 1534 1675 1571 iv,
1690 1537 1722 1571 4,
1734 1538 1752 1566 7
1778 1534 1879 1576 (Vide

1176 1577 1267 1607 etiam
1284 1577 1355 1608 Ind.
1371 1577 1468 1618 Flor.)
1491 1577 1585 1607 instar
1599 1577 1732 1608 civitatis
1746 1577 1829 1614 xviii,
1845 1581 1878 1614 5,

1178 1623 1215 1651 11
1243 1619 1310 1661 (Ita
1325 1626 1333 1638 ⁴
1347 1621 1440 1650 instar
1451 1620 1523 1660 equi
1534 1620 1543 1633 ’
1557 1621 1639 1661 apud
1655 1620 1836 1651 Suetonium
1846 1620 1880 1650 in

1179 1662 1260 1693 Caes.
1275 1666 1328 1701 61,
1344 1666 1375 1694 3.
1399 1667 1407 1680 ‘
1423 1663 1517 1693 instar
1531 1662 1688 1694 obtinere’
1712 1664 1741 1705 ς.
1757 1666 1786 1694 1.
1801 1662 1882 1694 Inst-

1178 1706 1217 1735 de
1234 1705 1350 1736 Donat.
1371 1706 1407 1735 L.
1423 1708 1475 1737 17.
1498 1704 1542 1735 D.
1558 1706 1597 1736 de
1612 1706 1709 1736 Mort.
1724 1716 1808 1736 caus.
1824 1705 1881 1736 do·

1179 1748 1258 1787 nat.)
1272 1749 1310 1778 ad
1323 1749 1417 1778 instar
1429 1749 1505 1789 (hoc
1516 1753 1573 1785 est,
1586 1749 1626 1778 ad
1637 1748 1881 1785 similitudinem,

1179 1792 1217 1820 ad
1231 1791 1421 1831 exemplum)
1432 1791 1533 1827 xxxvi,
1547 1794 1577 1827 3,
1589 1794 1609 1822 2
1631 1791 1767 1833 (Servius
1779 1796 1883 1822 tamen

1180 1834 1219 1863 ad
1237 1834 1312 1864 AEn.
1328 1834 1360 1870 ii,
1379 1838 1429 1865 15.
1452 1839 1484 1864 et
1505 1833 1546 1870 vi,
1563 1837 1636 1865 865.
1658 1833 1701 1864 ita
1716 1834 1882 1865 dicendum

1179 1883 1293 1916 negat:
1326 1878 1379 1907 sed
1402 1877 1468 1918 ipsa
1492 1876 1545 1907 illa
1565 1877 1642 1906 ratio
1665 1887 1756 1918 quam
1782 1877 1882 1914 affert,

1179 1925 1285 1949 contra
1300 1919 1398 1959 ipsum
1416 1920 1550 1961 pugnat)
1573 1919 1710 1950 Freinsh.

1223 1961 1395 1992 Instaurare
1420 1963 1531 1992 bellum
1554 1962 1587 1998 ii,
1613 1966 1663 1998 10,
1685 1966 1715 1993 1.
1742 1960 1788 1997 111,
1803 1965 1834 1997 5,
1851 1964 1883 1992 2.

1180 2004 1293 2040 xxxvii,
1316 2008 1346 2042 1,
1362 2008 1382 2035 8
1411 2004 1527 2034 bellum
1549 2014 1586 2034 ex
1608 2004 1726 2045 integro
1750 2015 1798 2040 xx,
1813 2008 1845 2040 5,
1861 2007 1883 2036 6

1180 2046 1293 2076 bellum
1319 2046 1418 2076 Italiae
1440 2047 1522 2082 xxxi,
1546 2050 1576 2082 3,
1593 2050 1612 2077 8
1642 2047 1810 2077 instaurata
1830 2057 1883 2077 co-

1181 2089 1363 2119 messatione
1381 2089 1432 2124 xii,
1450 2092 1500 2124 13,
1516 2092 1533 2120 7

1225 2131 1392 2161 Instinctus
1415 2132 1445 2161 in
1463 2131 1595 2161 ululatus
1616 2130 1734 2162 Bacchi
1747 2131 1884 2162 Alexan-

1182 2175 1228 2204 dri
1244 2175 1391 2204 exercitus
1406 2174 1456 2210 xii,
1472 2177 1503 2209 7,
1520 2178 1539 2205 8

1225 2217 1389 2248 Instituere
1411 2216 1524 2247 bellurn
1540 2227 1575 2246 ex
1591 2216 1710 2257 integro
1734 2216 1810 2257 (hoc
1825 2221 1884 2253 est,

1184 2266 1217 2290 ut
1232 2260 1262 2296 ii,
1278 2263 1327 2296 10,
1343 2263 1358 2290 l
1385 2260 1530 2299 loquitur,
1546 2264 1553 2276 ‘
1567 2259 1770 2307 instaurata-3³2)
1785 2260 1818 2295 ii,
1832 2263 1885 2296 15,

1185 2305 1223 2333 17
1262 2303 1343 2342 leges
1371 2303 1446 2342 (hoc
1473 2306 1532 2337 est,
1557 2302 1706 2341 condere)
1735 2301 1780 2338 lii,
1807 2305 1839 2338 2,
1863 2304 1884 2334 ⁷

1184 2345 1322 2375 Freinsh.
1345 2345 1476 2385 aliquem
1493 2345 1644 2374 haeredem
1660 2345 1711 2380 vii,
1723 2348 1755 2381 2,
1767 2349 1785 2375 5
1810 2355 1886 2375 con-

1184 2387 1298 2417 vitium
1322 2387 1374 2424 xii,
1392 2391 1443 2424 13,
1459 2391 1479 2418 6
1510 2388 1587 2418 bene
1603 2387 1743 2417 instituta
1763 2387 1838 2424 xliii,
1852 2391 1886 2424 4,

1228 2473 1373 2504 Instituta
1387 2472 1457 2514 (pro
1471 2471 1605 2514 legibus)
1617 2472 1661 2509 iii,
1671 2475 1702 2510 2,
1713 2476 1733 2505 4
1750 2471 1888 2502 Freinsh-

1228 2516 1389 2546 Instrenue
1405 2516 1475 2551 xvii,
1492 2520 1523 2552 2,
1542 2519 1557 2547 1

1230 2558 1383 2588 Instruere
1407 2558 1519 2588 bellum
1543 2558 1619 2599 <hoc
1641 2563 1698 2594 est,
1721 2555 1888 2597 adornare)

1187 2601 1220 2638 ii,
1240 2605 1290 2640 10,
1310 2604 1360 2632 12.
1387 2601 1451 2637 viii,
1465 2605 1496 2637 6,
1513 2604 1543 2632 2.
1565 2601 1628 2636 xiii,
1644 2605 1675 2637 5,
1693 2604 1722 2631 1.
1744 2611 1793 2636 xv,
1811 2602 1840 2636 1,
1855 2603 1889 2631 4.

1188 2656 1238 2680 xV,
1254 2648 1286 2680 2,
1303 2646 1343 2674 16
1369 2643 1496 2674 classem
1519 2644 1560 2679 vi,
1576 2646 1607 2679 3,
1624 2647 1640 2674 1
1666 2643 1829 2673 exercitum
1845 2642 1888 2677 vi,

1189 2691 1220 2723 6,
1236 2690 1254 2717 7
1285 2686 1411 2717 insidias
1435 2687 1514 2722 xxiv,
1530 2689 1562 2721 2,
1581 2689 1596 2716 l
1623 2696 1716 2716 naves
1740 2687 1824 2726 (pro,
1848 2685 1888 2714 ad

1189 2729 1325 2770 praelium
1340 2731 1457 2769 parare)
1472 2740 1500 2764 ν,
1513 2732 1544 2765 4,
1560 2731 1589 2758 l.
1611 2729 1692 2765 xxix,
1704 2731 1735 2764 4,
1751 2732 1768 2759 4
1792 2728 1890 2758 victo-

1190 2773 1263 2802 riam
1290 2772 1419 2801 alienam
1447 2774 1519 2812 (pro
1545 2771 1708 2812 adjuvare)
1735 2781 1764 2807 ν,
1791 2773 1823 2806 2,
1847 2772 1888 2801 10

1192 2815 1327 2844 Freinslr.
1348 2814 1502 2844 instructis
1515 2815 1620 2844 decem
1632 2814 1763 2843 millibus
1776 2813 1890 2843 civium

1193 2858 1225 2893 11,
1240 2860 1271 2893 9,
1288 2860 1308 2887 9
1331 2856 1478 2887 instruere
1494 2857 1604 2887 milites
1618 2867 1673 2886 suo
1688 2856 1843 2896 stipendio
1858 2865 1890 2892 v,

1193 2903 1224 2936 9,
1240 2903 1260 2931 9
1282 2899 1428 2930 instruere
1442 2899 1511 2930 odia
1523 2899 1600 2931 inter
1613 2899 1833 2930 concordantes
1848 2897 1891 2935 ix,
