<?xml version="1.0" encoding="UTF-8"?>
<!DOCTYPE html PUBLIC "-//W3C//DTD XHTML 1.0 Transitional//EN"
    "http://www.w3.org/TR/xhtml1/DTD/xhtml1-transitional.dtd">
<html xmlns="http://www.w3.org/1999/xhtml" xml:lang="en" lang="en">
 <head>
  <title>
</title>
<meta http-equiv="Content-Type" content="text/html;charset=utf-8" />
  <meta name='ocr-system' content='tesseract 3.04.00' />
  <meta name='ocr-capabilities' content='ocr_page ocr_carea ocr_par ocr_line ocrx_word'/>
</head>
<body>
  <div class='ocr_page' id='page_1' title='image "./historiaephilipp02just/historiaephilipp02just_0011.png"; bbox 0 0 2174 3424; ppageno 0'>
   <div class='ocr_carea' id='block_1_1' title="bbox 773 370 1312 402">
    <p class='ocr_par' dir='ltr' id='par_1_1' title="bbox 773 370 1312 402">
     <span class='ocr_line' id='line_1_1' title="bbox 773 370 1312 402; baseline -0.002 -1"><span class='ocrx_word' id='word_1_1' title='bbox 773 370 970 402; x_wconf 77' lang='lat' dir='ltr'>JUSTiNl</span> <span class='ocrx_word' id='word_1_2' title='bbox 1003 370 1129 402; x_wconf 89' lang='lat' dir='ltr'>HIST.</span> <span class='ocrx_word' id='word_1_3' title='bbox 1162 370 1312 401; x_wconf 77' lang='lat' dir='ltr'>PRAEF.</span> 
     </span>
    </p>
   </div>
   <div class='ocr_carea' id='block_1_2' title="bbox 294 461 1014 2106">
    <p class='ocr_par' dir='ltr' id='par_1_2' title="bbox 316 461 1014 653">
     <span class='ocr_line' id='line_1_2' title="bbox 319 461 1014 503; baseline -0.003 -8"><span class='ocrx_word' id='word_1_4' title='bbox 319 463 381 495; x_wconf 83' lang='lat' dir='ltr'>sed</span> <span class='ocrx_word' id='word_1_5' title='bbox 411 462 454 494; x_wconf 89' lang='lat' dir='ltr'>de</span> <span class='ocrx_word' id='word_1_6' title='bbox 481 461 636 502; x_wconf 87' lang='lat' dir='ltr'>hominis,</span> <span class='ocrx_word' id='word_1_7' title='bbox 658 472 802 503; x_wconf 87' lang='lat' dir='ltr'>corpore</span> <span class='ocrx_word' id='word_1_8' title='bbox 823 463 1014 503; x_wconf 84' lang='lat' dir='ltr'>intelligen-</span> 
     </span>
     <span class='ocr_line' id='line_1_3' title="bbox 320 512 1013 544; baseline -0.001 0"><span class='ocrx_word' id='word_1_9' title='bbox 320 514 398 544; x_wconf 88' lang='lat' dir='ltr'>dum</span> <span class='ocrx_word' id='word_1_10' title='bbox 416 518 515 544; x_wconf 85' lang='lat' dir='ltr'>esset.</span> <span class='ocrx_word' id='word_1_11' title='bbox 543 513 648 544; x_wconf 79' lang='lat' dir='ltr'>Vorst.</span> <span class='ocrx_word' id='word_1_12' title='bbox 694 513 762 544; x_wconf 87' lang='lat' dir='ltr'>Ms.</span> <span class='ocrx_word' id='word_1_13' title='bbox 779 512 882 543; x_wconf 88' lang='lat' dir='ltr'>Gudii</span> <span class='ocrx_word' id='word_1_14' title='bbox 897 518 932 544; x_wconf 91' lang='lat' dir='ltr'>et</span> <span class='ocrx_word' id='word_1_15' title='bbox 948 513 1013 544; x_wconf 89' lang='lat' dir='ltr'>Ed.</span> 
     </span>
     <span class='ocr_line' id='line_1_4' title="bbox 316 561 1014 603; baseline -0.003 -8"><span class='ocrx_word' id='word_1_16' title='bbox 316 563 416 596; x_wconf 86' lang='lat' dir='ltr'>Juut.</span> <span class='ocrx_word' id='word_1_17' title='bbox 443 565 473 594; x_wconf 80' lang='lat' dir='ltr'>et</span> <span class='ocrx_word' id='word_1_18' title='bbox 496 562 592 593; x_wconf 83' lang='lat' dir='ltr'>animi</span> <span class='ocrx_word' id='word_1_19' title='bbox 616 565 648 593; x_wconf 74' lang='lat' dir='ltr'>et</span> <span class='ocrx_word' id='word_1_20' title='bbox 671 563 781 602; x_wconf 80' lang='lat' dir='ltr'>operis,</span> <span class='ocrx_word' id='word_1_21' title='bbox 805 561 895 603; x_wconf 92' lang='lat' dir='ltr'>quod</span> <span class='ocrx_word' id='word_1_22' title='bbox 920 567 1014 593; x_wconf 82' lang='lat' dir='ltr'>recte</span> 
     </span>
     <span class='ocr_line' id='line_1_5' title="bbox 318 611 968 653; baseline -0.003 -9"><span class='ocrx_word' id='word_1_23' title='bbox 318 613 464 653; x_wconf 83' lang='lat' dir='ltr'>probant</span> <span class='ocrx_word' id='word_1_24' title='bbox 479 613 521 643; x_wconf 91' lang='lat' dir='ltr'>cl.</span> <span class='ocrx_word' id='word_1_25' title='bbox 539 613 653 643; x_wconf 87' lang='lat' dir='ltr'>Graev.</span> <span class='ocrx_word' id='word_1_26' title='bbox 671 616 705 643; x_wconf 90' lang='lat' dir='ltr'>et</span> <span class='ocrx_word' id='word_1_27' title='bbox 721 612 834 643; x_wconf 85' lang='lat' dir='ltr'>Vorst.</span> <span class='ocrx_word' id='word_1_28' title='bbox 863 611 968 650; x_wconf 83' lang='lat' dir='ltr'>Schef.</span> 
     </span>
    </p>

    <p class='ocr_par' dir='ltr' id='par_1_3' title="bbox 294 662 1013 2106">
     <span class='ocr_line' id='line_1_6' title="bbox 359 662 1013 702; baseline 0.002 -10"><span class='ocrx_word' id='word_1_29' title='bbox 359 663 377 702; x_wconf 58' lang='grc' dir='ltr'>ξ</span> <span class='ocrx_word' id='word_1_30' title='bbox 407 665 428 693; x_wconf 84' lang='grc'>2</span> <span class='ocrx_word' id='word_1_31' title='bbox 452 662 562 693; x_wconf 79' lang='lat' dir='ltr'>Nonne</span> <span class='ocrx_word' id='word_1_32' title='bbox 592 662 678 693; x_wconf 81' lang='lat' dir='ltr'>nobis</span> <span class='ocrx_word' id='word_1_33' title='bbox 715 662 897 702; x_wconf 81' lang='lat' dir='ltr'>Pompeius]</span> <span class='ocrx_word' id='word_1_34' title='bbox 945 663 1013 693; x_wconf 90' lang='lat' dir='ltr'>Ms.</span> 
     </span>
     <span class='ocr_line' id='line_1_7' title="bbox 316 713 1013 754; baseline 0.001 -10"><span class='ocrx_word' id='word_1_35' title='bbox 316 713 526 754; x_wconf 85' lang='lat' dir='ltr'>Anglicanus</span> <span class='ocrx_word' id='word_1_36' title='bbox 552 723 612 744; x_wconf 80' lang='lat' dir='ltr'>non</span> <span class='ocrx_word' id='word_1_37' title='bbox 636 714 738 744; x_wconf 81' lang='lat' dir='ltr'>minus</span> <span class='ocrx_word' id='word_1_38' title='bbox 763 714 858 744; x_wconf 80' lang='lat' dir='ltr'>uobis.</span> <span class='ocrx_word' id='word_1_39' title='bbox 901 713 968 744; x_wconf 87' lang='lat' dir='ltr'>Sed</span> <span class='ocrx_word' id='word_1_40' title='bbox 994 723 1013 745; x_wconf 89' lang='lat' dir='ltr'>a</span> 
     </span>
     <span class='ocr_line' id='line_1_8' title="bbox 315 763 1012 803; baseline -0.001 -9"><span class='ocrx_word' id='word_1_41' title='bbox 315 763 461 803; x_wconf 85' lang='lat' dir='ltr'>vulgatis</span> <span class='ocrx_word' id='word_1_42' title='bbox 478 773 544 794; x_wconf 91' lang='lat' dir='ltr'>uon</span> <span class='ocrx_word' id='word_1_43' title='bbox 560 767 613 794; x_wconf 90' lang='lat' dir='ltr'>est</span> <span class='ocrx_word' id='word_1_44' title='bbox 637 763 878 794; x_wconf 87' lang='lat' dir='ltr'>recedendum.</span> <span class='ocrx_word' id='word_1_45' title='bbox 923 763 1012 794; x_wconf 88' lang='lat' dir='ltr'>Nam</span> 
     </span>
     <span class='ocr_line' id='line_1_9' title="bbox 314 813 1011 854; baseline 0.001 -10"><span class='ocrx_word' id='word_1_46' title='bbox 314 817 352 844; x_wconf 86' lang='lat' dir='ltr'>et</span> <span class='ocrx_word' id='word_1_47' title='bbox 367 814 466 854; x_wconf 84' lang='lat' dir='ltr'>longe</span> <span class='ocrx_word' id='word_1_48' title='bbox 479 814 611 844; x_wconf 80' lang='lat' dir='ltr'>suavior</span> <span class='ocrx_word' id='word_1_49' title='bbox 626 818 677 844; x_wconf 79' lang='lat' dir='ltr'>est</span> <span class='ocrx_word' id='word_1_50' title='bbox 697 813 761 845; x_wconf 84' lang='lat' dir='ltr'>ista</span> <span class='ocrx_word' id='word_1_51' title='bbox 777 813 1011 854; x_wconf 81' lang='lat' dir='ltr'><strong>interrogatio,</strong></span> 
     </span>
     <span class='ocr_line' id='line_1_10' title="bbox 313 864 1012 905; baseline 0 -11"><span class='ocrx_word' id='word_1_52' title='bbox 313 867 350 895; x_wconf 88' lang='lat' dir='ltr'>et</span> <span class='ocrx_word' id='word_1_53' title='bbox 363 864 513 904; x_wconf 88' lang='lat' dir='ltr'>pluribus</span> <span class='ocrx_word' id='word_1_54' title='bbox 530 865 612 896; x_wconf 90' lang='lat' dir='ltr'>Mss.</span> <span class='ocrx_word' id='word_1_55' title='bbox 635 864 740 905; x_wconf 90' lang='lat' dir='ltr'>iisque</span> <span class='ocrx_word' id='word_1_56' title='bbox 757 864 925 896; x_wconf 77' lang='lat' dir='ltr'><strong>vetustiss,</strong></span> <span class='ocrx_word' id='word_1_57' title='bbox 941 865 1012 905; x_wconf 90' lang='lat' dir='ltr'>qui-</span> 
     </span>
     <span class='ocr_line' id='line_1_11' title="bbox 314 913 1010 954; baseline 0.001 -10"><span class='ocrx_word' id='word_1_58' title='bbox 314 913 376 944; x_wconf 89' lang='lat' dir='ltr'>bus</span> <span class='ocrx_word' id='word_1_59' title='bbox 390 914 562 954; x_wconf 81' lang='lat' dir='ltr'>praecipue</span> <span class='ocrx_word' id='word_1_60' title='bbox 585 914 734 954; x_wconf 86' lang='lat' dir='ltr'>Bongar.</span> <span class='ocrx_word' id='word_1_61' title='bbox 755 923 832 944; x_wconf 91' lang='lat' dir='ltr'>usus</span> <span class='ocrx_word' id='word_1_62' title='bbox 855 918 917 953; x_wconf 84' lang='lat' dir='ltr'>est,</span> <span class='ocrx_word' id='word_1_63' title='bbox 932 914 1010 945; x_wconf 92' lang='lat' dir='ltr'>niti-</span> 
     </span>
     <span class='ocr_line' id='line_1_12' title="bbox 313 963 1009 1004; baseline 0 -10"><span class='ocrx_word' id='word_1_64' title='bbox 313 967 379 994; x_wconf 90' lang='lat' dir='ltr'>tur.</span> <span class='ocrx_word' id='word_1_65' title='bbox 422 963 490 994; x_wconf 86' lang='lat' dir='ltr'>Sed</span> <span class='ocrx_word' id='word_1_66' title='bbox 517 973 580 994; x_wconf 86' lang='lat' dir='ltr'>nec</span> <span class='ocrx_word' id='word_1_67' title='bbox 596 964 669 995; x_wconf 91' lang='lat' dir='ltr'>loco</span> <span class='ocrx_word' id='word_1_68' title='bbox 691 963 848 995; x_wconf 89' lang='lat' dir='ltr'>movend.</span> <span class='ocrx_word' id='word_1_69' title='bbox 868 964 958 1004; x_wconf 92' lang='lat' dir='ltr'>quod</span> <span class='ocrx_word' id='word_1_70' title='bbox 975 964 1009 994; x_wconf 92' lang='lat' dir='ltr'>in</span> 
     </span>
     <span class='ocr_line' id='line_1_13' title="bbox 312 1014 1010 1054; baseline 0.001 -10"><span class='ocrx_word' id='word_1_71' title='bbox 312 1014 446 1054; x_wconf 88' lang='lat' dir='ltr'>optimis</span> <span class='ocrx_word' id='word_1_72' title='bbox 462 1014 567 1054; x_wconf 86' lang='lat' dir='ltr'>libris,</span> <span class='ocrx_word' id='word_1_73' title='bbox 585 1019 652 1044; x_wconf 91' lang='lat' dir='ltr'>tam</span> <span class='ocrx_word' id='word_1_74' title='bbox 667 1014 767 1044; x_wconf 85' lang='lat' dir='ltr'>editis</span> <span class='ocrx_word' id='word_1_75' title='bbox 792 1024 891 1054; x_wconf 86' lang='lat' dir='ltr'>qnam</span> <span class='ocrx_word' id='word_1_76' title='bbox 909 1024 1010 1045; x_wconf 86' lang='lat' dir='ltr'>manu</span> 
     </span>
     <span class='ocr_line' id='line_1_14' title="bbox 310 1064 1009 1104; baseline 0.001 -10"><span class='ocrx_word' id='word_1_77' title='bbox 310 1064 472 1103; x_wconf 83' lang='lat' dir='ltr'>exaratis,</span> <span class='ocrx_word' id='word_1_78' title='bbox 493 1065 673 1104; x_wconf 87' lang='lat' dir='ltr'>repetitur,</span> <span class='ocrx_word' id='word_1_79' title='bbox 688 1065 788 1095; x_wconf 80' lang='lat' dir='ltr'>videri</span> <span class='ocrx_word' id='word_1_80' title='bbox 802 1064 900 1096; x_wconf 84' lang='lat' dir='ltr'>debet.</span> <span class='ocrx_word' id='word_1_81' title='bbox 946 1065 1009 1096; x_wconf 91' lang='lat' dir='ltr'>Est</span> 
     </span>
     <span class='ocr_line' id='line_1_15' title="bbox 310 1113 1007 1154; baseline 0.003 -10"><span class='ocrx_word' id='word_1_82' title='bbox 310 1113 400 1144; x_wconf 89' lang='lat' dir='ltr'>enim</span> <span class='ocrx_word' id='word_1_83' title='bbox 427 1114 489 1145; x_wconf 86' lang='lat' dir='ltr'>hoc</span> <span class='ocrx_word' id='word_1_84' title='bbox 511 1114 629 1154; x_wconf 79' lang='lat' dir='ltr'>priscae</span> <span class='ocrx_word' id='word_1_85' title='bbox 651 1115 844 1154; x_wconf 84' lang='lat' dir='ltr'>elegantiae.</span> <span class='ocrx_word' id='word_1_86' title='bbox 869 1115 942 1146; x_wconf 80' lang='lat' dir='ltr'>Cle.</span> <span class='ocrx_word' id='word_1_87' title='bbox 959 1124 1007 1146; x_wconf 85' lang='lat' dir='ltr'>VI.</span> 
     </span>
     <span class='ocr_line' id='line_1_16' title="bbox 309 1163 1007 1206; baseline 0.003 -13"><span class='ocrx_word' id='word_1_88' title='bbox 309 1163 404 1195; x_wconf 89' lang='lat' dir='ltr'><strong>Fam.</strong></span> <span class='ocrx_word' id='word_1_89' title='bbox 420 1167 451 1196; x_wconf 89' lang='grc'>6.</span> <span class='ocrx_word' id='word_1_90' title='bbox 474 1165 483 1182; x_wconf 92' lang='lat'>‘</span> <span class='ocrx_word' id='word_1_91' title='bbox 497 1165 625 1203; x_wconf 80' lang='lat' dir='ltr'><strong>Quare,</strong></span> <span class='ocrx_word' id='word_1_92' title='bbox 647 1164 841 1205; x_wconf 86' lang='lat' dir='ltr'>quan(lo,ut</span> <span class='ocrx_word' id='word_1_93' title='bbox 863 1174 1007 1206; x_wconf 56' lang='lat' dir='ltr'>augum</span> 
     </span>
     <span class='ocr_line' id='line_1_17' title="bbox 309 1214 1008 1256; baseline 0.004 -13"><span class='ocrx_word' id='word_1_94' title='bbox 309 1217 346 1244; x_wconf 87' lang='lat' dir='ltr'>et</span> <span class='ocrx_word' id='word_1_95' title='bbox 359 1214 519 1254; x_wconf 83' lang='lat' dir='ltr'>astrologi</span> <span class='ocrx_word' id='word_1_96' title='bbox 535 1215 657 1254; x_wconf 83' lang='lat' dir='ltr'><strong>solent,</strong></span> <span class='ocrx_word' id='word_1_97' title='bbox 673 1224 737 1255; x_wconf 87' lang='lat' dir='ltr'>ego</span> <span class='ocrx_word' id='word_1_98' title='bbox 751 1225 883 1256; x_wconf 90' lang='lat' dir='ltr'>quoque</span> <span class='ocrx_word' id='word_1_99' title='bbox 900 1225 1008 1255; x_wconf 84' lang='lat' dir='ltr'>augur</span> 
     </span>
     <span class='ocr_line' id='line_1_18' title="bbox 307 1263 1006 1305; baseline 0.004 -12"><span class='ocrx_word' id='word_1_100' title='bbox 307 1263 461 1303; x_wconf 89' lang='lat' dir='ltr'>publicus</span> <span class='ocrx_word' id='word_1_101' title='bbox 491 1273 533 1294; x_wconf 87' lang='lat' dir='ltr'>ex</span> <span class='ocrx_word' id='word_1_102' title='bbox 561 1264 643 1294; x_wconf 83' lang='lat' dir='ltr'>meis</span> <span class='ocrx_word' id='word_1_103' title='bbox 668 1265 897 1305; x_wconf 86' lang='lat' dir='ltr'>superioribus</span> <span class='ocrx_word' id='word_1_104' title='bbox 920 1275 1006 1305; x_wconf 87' lang='lat' dir='ltr'>prae-</span> 
     </span>
     <span class='ocr_line' id='line_1_19' title="bbox 306 1312 1004 1354; baseline 0.003 -10"><span class='ocrx_word' id='word_1_105' title='bbox 306 1312 408 1345; x_wconf 90' lang='lat' dir='ltr'>dictis</span> <span class='ocrx_word' id='word_1_106' title='bbox 424 1314 585 1345; x_wconf 89' lang='lat' dir='ltr'>constitui</span> <span class='ocrx_word' id='word_1_107' title='bbox 603 1314 692 1354; x_wconf 88' lang='lat' dir='ltr'>apud</span> <span class='ocrx_word' id='word_1_108' title='bbox 711 1319 744 1345; x_wconf 93' lang='lat' dir='ltr'>te</span> <span class='ocrx_word' id='word_1_109' title='bbox 761 1315 1004 1346; x_wconf 86' lang='lat' dir='ltr'>auctoritatem</span> 
     </span>
     <span class='ocr_line' id='line_1_20' title="bbox 307 1363 1004 1404; baseline 0.003 -10"><span class='ocrx_word' id='word_1_110' title='bbox 307 1363 437 1404; x_wconf 84' lang='lat' dir='ltr'>augurii</span> <span class='ocrx_word' id='word_1_111' title='bbox 461 1369 496 1394; x_wconf 90' lang='lat' dir='ltr'>et</span> <span class='ocrx_word' id='word_1_112' title='bbox 524 1363 738 1394; x_wconf 84' lang='lat' dir='ltr'>divinationis</span> <span class='ocrx_word' id='word_1_113' title='bbox 768 1374 868 1404; x_wconf 85' lang='lat' dir='ltr'>meae,</span> <span class='ocrx_word' id='word_1_114' title='bbox 899 1365 1004 1397; x_wconf 88' lang='lat' dir='ltr'>debet</span> 
     </span>
     <span class='ocr_line' id='line_1_21' title="bbox 305 1413 1002 1454; baseline 0.004 -10"><span class='ocrx_word' id='word_1_115' title='bbox 305 1413 431 1445; x_wconf 85' lang='lat' dir='ltr'>habere</span> <span class='ocrx_word' id='word_1_116' title='bbox 442 1414 543 1445; x_wconf 88' lang='lat' dir='ltr'>fidem</span> <span class='ocrx_word' id='word_1_117' title='bbox 557 1419 672 1445; x_wconf 90' lang='lat' dir='ltr'>nostra</span> <span class='ocrx_word' id='word_1_118' title='bbox 685 1414 863 1454; x_wconf 75' lang='lat' dir='ltr'>praedictio</span> <span class='ocrx_word' id='word_1_119' title='bbox 876 1415 897 1447; x_wconf 87' lang='lat'>:’</span> <span class='ocrx_word' id='word_1_120' title='bbox 921 1416 954 1446; x_wconf 90' lang='lat' dir='ltr'>h.</span> <span class='ocrx_word' id='word_1_121' title='bbox 971 1425 1002 1447; x_wconf 88' lang='lat' dir='ltr'>e.</span> 
     </span>
     <span class='ocr_line' id='line_1_22' title="bbox 302 1464 1001 1505; baseline 0.003 -11"><span class='ocrx_word' id='word_1_122' title='bbox 302 1464 339 1495; x_wconf 89' lang='lat' dir='ltr'>Si</span> <span class='ocrx_word' id='word_1_123' title='bbox 356 1464 436 1505; x_wconf 90' lang='lat' dir='ltr'>quid</span> <span class='ocrx_word' id='word_1_124' title='bbox 452 1464 524 1495; x_wconf 88' lang='lat' dir='ltr'>veri</span> <span class='ocrx_word' id='word_1_125' title='bbox 542 1474 684 1504; x_wconf 83' lang='lat' dir='ltr'>unquam</span> <span class='ocrx_word' id='word_1_126' title='bbox 702 1464 785 1504; x_wconf 81' lang='lat' dir='ltr'>dixi,</span> <span class='ocrx_word' id='word_1_127' title='bbox 804 1464 867 1495; x_wconf 90' lang='lat' dir='ltr'>hoc</span> <span class='ocrx_word' id='word_1_128' title='bbox 885 1475 1001 1497; x_wconf 89' lang='lat' dir='ltr'>verum</span> 
     </span>
     <span class='ocr_line' id='line_1_23' title="bbox 304 1513 1001 1554; baseline 0.001 -10"><span class='ocrx_word' id='word_1_129' title='bbox 304 1518 369 1552; x_wconf 82' lang='lat' dir='ltr'>est,</span> <span class='ocrx_word' id='word_1_130' title='bbox 384 1514 473 1554; x_wconf 92' lang='lat' dir='ltr'>quod</span> <span class='ocrx_word' id='word_1_131' title='bbox 490 1514 553 1544; x_wconf 89' lang='lat' dir='ltr'>tibi</span> <span class='ocrx_word' id='word_1_132' title='bbox 574 1513 695 1550; x_wconf 90' lang='lat' dir='ltr'>scribo,</span> <span class='ocrx_word' id='word_1_133' title='bbox 719 1518 755 1544; x_wconf 94' lang='lat' dir='ltr'>et</span> <span class='ocrx_word' id='word_1_134' title='bbox 781 1523 842 1553; x_wconf 91' lang='lat' dir='ltr'>pro</span> <span class='ocrx_word' id='word_1_135' title='bbox 868 1515 1001 1545; x_wconf 80' lang='lat' dir='ltr'>verissi-</span> 
     </span>
     <span class='ocr_line' id='line_1_24' title="bbox 303 1563 1000 1606; baseline 0.003 -12"><span class='ocrx_word' id='word_1_136' title='bbox 303 1573 370 1603; x_wconf 91' lang='lat' dir='ltr'>mo,</span> <span class='ocrx_word' id='word_1_137' title='bbox 401 1563 488 1604; x_wconf 90' lang='lat' dir='ltr'>quod</span> <span class='ocrx_word' id='word_1_138' title='bbox 525 1564 714 1594; x_wconf 83' lang='lat' dir='ltr'>certissime</span> <span class='ocrx_word' id='word_1_139' title='bbox 746 1563 896 1595; x_wconf 84' lang='lat' dir='ltr'>futurum</span> <span class='ocrx_word' id='word_1_140' title='bbox 936 1569 1000 1606; x_wconf 89' lang='lat' dir='ltr'>est,</span> 
     </span>
     <span class='ocr_line' id='line_1_25' title="bbox 301 1613 998 1653; baseline 0.001 -9"><span class='ocrx_word' id='word_1_141' title='bbox 301 1613 508 1644; x_wconf 84' lang='lat' dir='ltr'>habendum.</span> <span class='ocrx_word' id='word_1_142' title='bbox 552 1613 647 1644; x_wconf 87' lang='lat' dir='ltr'>Serv.</span> <span class='ocrx_word' id='word_1_143' title='bbox 662 1613 831 1653; x_wconf 89' lang='lat' dir='ltr'>Sulpicius</span> <span class='ocrx_word' id='word_1_144' title='bbox 857 1614 900 1644; x_wconf 88' lang='lat' dir='ltr'>ad</span> <span class='ocrx_word' id='word_1_145' title='bbox 925 1615 998 1645; x_wconf 92' lang='lat' dir='ltr'>Cic.</span> 
     </span>
     <span class='ocr_line' id='line_1_26' title="bbox 302 1663 998 1696; baseline 0.004 -3"><span class='ocrx_word' id='word_1_146' title='bbox 302 1663 337 1693; x_wconf 91' lang='lat' dir='ltr'>in</span> <span class='ocrx_word' id='word_1_147' title='bbox 351 1672 397 1694; x_wconf 81' lang='grc' dir='ltr'>ιν.</span> <span class='ocrx_word' id='word_1_148' title='bbox 423 1664 515 1694; x_wconf 87' lang='lat' dir='ltr'><strong>Fam.</strong></span> <span class='ocrx_word' id='word_1_149' title='bbox 531 1667 562 1694; x_wconf 86' lang='lat'>5.</span> <span class='ocrx_word' id='word_1_150' title='bbox 586 1665 595 1681; x_wconf 89' lang='lat'>‘</span> <span class='ocrx_word' id='word_1_151' title='bbox 609 1664 697 1694; x_wconf 86' lang='lat' dir='ltr'>Hem</span> <span class='ocrx_word' id='word_1_152' title='bbox 723 1673 784 1694; x_wconf 89' lang='lat' dir='ltr'>nos</span> <span class='ocrx_word' id='word_1_153' title='bbox 804 1665 998 1696; x_wconf 87' lang='lat' dir='ltr'>homunculi</span> 
     </span>
     <span class='ocr_line' id='line_1_27' title="bbox 301 1712 998 1754; baseline 0.004 -11"><span class='ocrx_word' id='word_1_154' title='bbox 301 1712 527 1753; x_wconf 83' lang='lat' dir='ltr'>indignamur,</span> <span class='ocrx_word' id='word_1_155' title='bbox 550 1713 577 1743; x_wconf 92' lang='lat' dir='ltr'>si</span> <span class='ocrx_word' id='word_1_156' title='bbox 593 1713 666 1754; x_wconf 83' lang='lat' dir='ltr'>quis</span> <span class='ocrx_word' id='word_1_157' title='bbox 687 1718 841 1744; x_wconf 89' lang='lat' dir='ltr'>nostrum</span> <span class='ocrx_word' id='word_1_158' title='bbox 856 1715 998 1754; x_wconf 90' lang='lat' dir='ltr'>interiit,</span> 
     </span>
     <span class='ocr_line' id='line_1_28' title="bbox 299 1763 998 1804; baseline 0.003 -10"><span class='ocrx_word' id='word_1_159' title='bbox 299 1768 359 1794; x_wconf 90' lang='lat' dir='ltr'>aut</span> <span class='ocrx_word' id='word_1_160' title='bbox 373 1763 504 1794; x_wconf 89' lang='lat' dir='ltr'>occisus</span> <span class='ocrx_word' id='word_1_161' title='bbox 520 1769 584 1802; x_wconf 89' lang='lat' dir='ltr'>est,</span> <span class='ocrx_word' id='word_1_162' title='bbox 604 1774 744 1804; x_wconf 88' lang='lat' dir='ltr'>quorum</span> <span class='ocrx_word' id='word_1_163' title='bbox 767 1764 839 1795; x_wconf 87' lang='lat' dir='ltr'>vita</span> <span class='ocrx_word' id='word_1_164' title='bbox 862 1765 998 1796; x_wconf 87' lang='lat' dir='ltr'>brevior</span> 
     </span>
     <span class='ocr_line' id='line_1_29' title="bbox 299 1813 997 1855; baseline 0.003 -11"><span class='ocrx_word' id='word_1_165' title='bbox 299 1822 374 1844; x_wconf 87' lang='lat' dir='ltr'>esse</span> <span class='ocrx_word' id='word_1_166' title='bbox 391 1813 507 1852; x_wconf 85' lang='lat' dir='ltr'>debet,</span> <span class='ocrx_word' id='word_1_167' title='bbox 522 1823 597 1844; x_wconf 87' lang='lat' dir='ltr'>cum</span> <span class='ocrx_word' id='word_1_168' title='bbox 617 1824 681 1845; x_wconf 92' lang='lat' dir='ltr'>uno</span> <span class='ocrx_word' id='word_1_169' title='bbox 699 1814 772 1845; x_wconf 82' lang='lat' dir='ltr'>loco</span> <span class='ocrx_word' id='word_1_170' title='bbox 789 1819 841 1846; x_wconf 89' lang='lat' dir='ltr'>tot</span> <span class='ocrx_word' id='word_1_171' title='bbox 855 1815 997 1855; x_wconf 87' lang='lat' dir='ltr'>oppido-</span> 
     </span>
     <span class='ocr_line' id='line_1_30' title="bbox 297 1863 996 1904; baseline 0.004 -11"><span class='ocrx_word' id='word_1_172' title='bbox 297 1872 369 1893; x_wconf 87' lang='lat' dir='ltr'>rum</span> <span class='ocrx_word' id='word_1_173' title='bbox 386 1863 553 1894; x_wconf 89' lang='lat' dir='ltr'>cadavera</span> <span class='ocrx_word' id='word_1_174' title='bbox 569 1863 877 1904; x_wconf 87' lang='lat' dir='ltr'>projectajaceant</span> <span class='ocrx_word' id='word_1_175' title='bbox 892 1864 912 1896; x_wconf 75' lang='lat'>:⁹</span> <span class='ocrx_word' id='word_1_176' title='bbox 929 1866 996 1896; x_wconf 87' lang='lat' dir='ltr'>Na-</span> 
     </span>
     <span class='ocr_line' id='line_1_31' title="bbox 297 1913 994 1953; baseline 0.004 -10"><span class='ocrx_word' id='word_1_177' title='bbox 297 1917 376 1943; x_wconf 86' lang='lat' dir='ltr'>tura</span> <span class='ocrx_word' id='word_1_178' title='bbox 389 1913 461 1943; x_wconf 79' lang='lat' dir='ltr'>haec</span> <span class='ocrx_word' id='word_1_179' title='bbox 476 1918 527 1944; x_wconf 84' lang='lat' dir='ltr'>est</span> <span class='ocrx_word' id='word_1_180' title='bbox 543 1913 726 1953; x_wconf 90' lang='lat' dir='ltr'>hominum,</span> <span class='ocrx_word' id='word_1_181' title='bbox 749 1919 786 1944; x_wconf 90' lang='lat' dir='ltr'>ut</span> <span class='ocrx_word' id='word_1_182' title='bbox 803 1916 994 1946; x_wconf 84' lang='lat' dir='ltr'>necessario</span> 
     </span>
     <span class='ocr_line' id='line_1_32' title="bbox 295 1964 996 2006; baseline 0.003 -11"><span class='ocrx_word' id='word_1_183' title='bbox 295 1965 396 1995; x_wconf 83' lang='lat' dir='ltr'>citius</span> <span class='ocrx_word' id='word_1_184' title='bbox 411 1964 459 1995; x_wconf 90' lang='lat' dir='ltr'>eis</span> <span class='ocrx_word' id='word_1_185' title='bbox 476 1965 520 1995; x_wconf 88' lang='lat' dir='ltr'>sit</span> <span class='ocrx_word' id='word_1_186' title='bbox 535 1964 758 2004; x_wconf 83' lang='lat' dir='ltr'>pereundum,</span> <span class='ocrx_word' id='word_1_187' title='bbox 776 1969 814 1996; x_wconf 95' lang='lat' dir='ltr'>ut</span> <span class='ocrx_word' id='word_1_188' title='bbox 837 1975 901 1996; x_wconf 91' lang='lat' dir='ltr'>non</span> <span class='ocrx_word' id='word_1_189' title='bbox 920 1976 996 2006; x_wconf 89' lang='lat' dir='ltr'>pos-</span> 
     </span>
     <span class='ocr_line' id='line_1_33' title="bbox 294 2014 994 2047; baseline 0.003 -2"><span class='ocrx_word' id='word_1_190' title='bbox 294 2015 360 2046; x_wconf 88' lang='lat' dir='ltr'>sint</span> <span class='ocrx_word' id='word_1_191' title='bbox 387 2018 454 2045; x_wconf 87' lang='lat' dir='ltr'>tam</span> <span class='ocrx_word' id='word_1_192' title='bbox 481 2014 538 2045; x_wconf 91' lang='lat' dir='ltr'>diu</span> <span class='ocrx_word' id='word_1_193' title='bbox 565 2015 698 2046; x_wconf 89' lang='lat' dir='ltr'>durare.</span> <span class='ocrx_word' id='word_1_194' title='bbox 743 2015 882 2046; x_wconf 83' lang='lat' dir='ltr'>Potron.</span> <span class='ocrx_word' id='word_1_195' title='bbox 906 2016 994 2047; x_wconf 84' lang='lat' dir='ltr'>‘Hic</span> 
     </span>
     <span class='ocr_line' id='line_1_34' title="bbox 294 2064 993 2106; baseline 0.001 -11"><span class='ocrx_word' id='word_1_196' title='bbox 294 2064 373 2095; x_wconf 91' lang='lat' dir='ltr'>boni</span> <span class='ocrx_word' id='word_1_197' title='bbox 389 2064 503 2096; x_wconf 88' lang='lat' dir='ltr'>nescio</span> <span class='ocrx_word' id='word_1_198' title='bbox 520 2064 600 2106; x_wconf 87' lang='lat' dir='ltr'>quid</span> <span class='ocrx_word' id='word_1_199' title='bbox 616 2064 721 2095; x_wconf 89' lang='lat' dir='ltr'>debet</span> <span class='ocrx_word' id='word_1_200' title='bbox 744 2073 817 2095; x_wconf 81' lang='lat' dir='ltr'>esse</span> <span class='ocrx_word' id='word_1_201' title='bbox 831 2065 853 2095; x_wconf 89' lang='lat'>:&#39;</span> <span class='ocrx_word' id='word_1_202' title='bbox 879 2066 993 2098; x_wconf 84' lang='lat' dir='ltr'>Quan-</span> 
     </span>
    </p>
   </div>
   <div class='ocr_carea' id='block_1_3' title="bbox 234 2114 992 2155">
    <p class='ocr_par' dir='ltr' id='par_1_4' title="bbox 234 2114 992 2155">
     <span class='ocr_line' id='line_1_35' title="bbox 234 2114 992 2155; baseline 0.003 -10"><span class='ocrx_word' id='word_1_203' title='bbox 234 2134 241 2140; x_wconf 85' lang='lat'><em>-</em></span> <span class='ocrx_word' id='word_1_204' title='bbox 293 2118 366 2145; x_wconf 90' lang='lat' dir='ltr'>tum</span> <span class='ocrx_word' id='word_1_205' title='bbox 382 2114 485 2145; x_wconf 88' lang='lat' dir='ltr'>certis</span> <span class='ocrx_word' id='word_1_206' title='bbox 507 2119 543 2146; x_wconf 88' lang='lat' dir='ltr'>et</span> <span class='ocrx_word' id='word_1_207' title='bbox 567 2114 655 2145; x_wconf 87' lang='lat' dir='ltr'>veris</span> <span class='ocrx_word' id='word_1_208' title='bbox 676 2115 882 2155; x_wconf 89' lang='lat' dir='ltr'>conjecturis</span> <span class='ocrx_word' id='word_1_209' title='bbox 903 2126 992 2147; x_wconf 85' lang='lat' dir='ltr'>asse-</span> 
     </span>
    </p>
   </div>
   <div class='ocr_carea' id='block_1_4' title="bbox 282 2165 991 2960">
    <p class='ocr_par' dir='ltr' id='par_1_5' title="bbox 282 2165 991 2846">
     <span class='ocr_line' id='line_1_36' title="bbox 291 2165 991 2206; baseline 0.006 -11"><span class='ocrx_word' id='word_1_210' title='bbox 291 2165 350 2205; x_wconf 91' lang='lat' dir='ltr'>qui</span> <span class='ocrx_word' id='word_1_211' title='bbox 388 2174 535 2205; x_wconf 90' lang='lat' dir='ltr'>possum,</span> <span class='ocrx_word' id='word_1_212' title='bbox 564 2165 619 2195; x_wconf 86' lang='lat' dir='ltr'>hic</span> <span class='ocrx_word' id='word_1_213' title='bbox 655 2170 707 2196; x_wconf 91' lang='lat' dir='ltr'>est</span> <span class='ocrx_word' id='word_1_214' title='bbox 742 2165 870 2206; x_wconf 89' lang='lat' dir='ltr'>aliquid</span> <span class='ocrx_word' id='word_1_215' title='bbox 901 2167 991 2199; x_wconf 90' lang='lat' dir='ltr'>boni.</span> 
     </span>
     <span class='ocr_line' id='line_1_37' title="bbox 292 2215 989 2255; baseline 0.004 -10"><span class='ocrx_word' id='word_1_216' title='bbox 292 2215 378 2246; x_wconf 85' lang='lat' dir='ltr'>Haec</span> <span class='ocrx_word' id='word_1_217' title='bbox 406 2215 454 2245; x_wconf 92' lang='lat' dir='ltr'>vis</span> <span class='ocrx_word' id='word_1_218' title='bbox 483 2220 532 2245; x_wconf 93' lang='lat' dir='ltr'>est</span> <span class='ocrx_word' id='word_1_219' title='bbox 558 2215 656 2255; x_wconf 90' lang='lat' dir='ltr'>hujus</span> <span class='ocrx_word' id='word_1_220' title='bbox 679 2215 772 2246; x_wconf 90' lang='lat' dir='ltr'>verbi</span> <span class='ocrx_word' id='word_1_221' title='bbox 796 2217 805 2232; x_wconf 92' lang='lat'>‘</span> <span class='ocrx_word' id='word_1_222' title='bbox 820 2215 940 2248; x_wconf 84' lang='lat' dir='ltr'>debet&#39;</span> <span class='ocrx_word' id='word_1_223' title='bbox 955 2217 989 2248; x_wconf 89' lang='lat' dir='ltr'>in</span> 
     </span>
     <span class='ocr_line' id='line_1_38' title="bbox 289 2264 986 2308; baseline 0.006 -14"><span class='ocrx_word' id='word_1_224' title='bbox 289 2264 342 2295; x_wconf 90' lang='lat' dir='ltr'>his</span> <span class='ocrx_word' id='word_1_225' title='bbox 373 2264 606 2306; x_wconf 84' lang='lat' dir='ltr'>similibusque</span> <span class='ocrx_word' id='word_1_226' title='bbox 636 2265 873 2305; x_wconf 81' lang='lat' dir='ltr'>locutionibus,</span> <span class='ocrx_word' id='word_1_227' title='bbox 912 2277 986 2308; x_wconf 80' lang='lat' dir='ltr'>quae</span> 
     </span>
     <span class='ocr_line' id='line_1_39' title="bbox 289 2313 986 2356; baseline 0.007 -12"><span class='ocrx_word' id='word_1_228' title='bbox 289 2313 541 2355; x_wconf 86' lang='lat' dir='ltr'>frequentiores</span> <span class='ocrx_word' id='word_1_229' title='bbox 565 2314 598 2344; x_wconf 89' lang='lat' dir='ltr'>in</span> <span class='ocrx_word' id='word_1_230' title='bbox 624 2315 733 2345; x_wconf 90' lang='lat' dir='ltr'>Tullio</span> <span class='ocrx_word' id='word_1_231' title='bbox 760 2317 986 2356; x_wconf 84' lang='lat' dir='ltr'>reperiuntur.</span> 
     </span>
     <span class='ocr_line' id='line_1_40' title="bbox 287 2364 987 2405; baseline 0.004 -10"><span class='ocrx_word' id='word_1_232' title='bbox 287 2364 343 2395; x_wconf 81' lang='lat' dir='ltr'>Sic</span> <span class='ocrx_word' id='word_1_233' title='bbox 355 2369 390 2395; x_wconf 84' lang='lat' dir='ltr'>et</span> <span class='ocrx_word' id='word_1_234' title='bbox 406 2365 544 2405; x_wconf 84' lang='lat' dir='ltr'>scripsit</span> <span class='ocrx_word' id='word_1_235' title='bbox 557 2364 589 2395; x_wconf 90' lang='lat' dir='ltr'>in</span> <span class='ocrx_word' id='word_1_236' title='bbox 606 2365 668 2396; x_wconf 90' lang='lat' dir='ltr'>hac</span> <span class='ocrx_word' id='word_1_237' title='bbox 684 2365 893 2397; x_wconf 80' lang='lat' dir='ltr'>Praefatione</span> <span class='ocrx_word' id='word_1_238' title='bbox 908 2368 987 2400; x_wconf 88' lang='lat' dir='ltr'>Jus-</span> 
     </span>
     <span class='ocr_line' id='line_1_41' title="bbox 287 2415 987 2458; baseline 0.004 -13"><span class='ocrx_word' id='word_1_239' title='bbox 287 2415 390 2447; x_wconf 84' lang='lat' dir='ltr'>tinus.</span> <span class='ocrx_word' id='word_1_240' title='bbox 436 2415 614 2446; x_wconf 86' lang='lat' dir='ltr'>Sententia</span> <span class='ocrx_word' id='word_1_241' title='bbox 637 2420 709 2446; x_wconf 85' lang='lat' dir='ltr'>est:</span> <span class='ocrx_word' id='word_1_242' title='bbox 739 2416 775 2447; x_wconf 91' lang='lat' dir='ltr'>Si</span> <span class='ocrx_word' id='word_1_243' title='bbox 801 2417 858 2447; x_wconf 86' lang='lat' dir='ltr'>alii</span> <span class='ocrx_word' id='word_1_244' title='bbox 884 2418 987 2458; x_wconf 80' lang='lat' dir='ltr'>scrip-</span> 
     </span>
     <span class='ocr_line' id='line_1_42' title="bbox 287 2465 986 2507; baseline 0.004 -12"><span class='ocrx_word' id='word_1_245' title='bbox 287 2469 379 2496; x_wconf 87' lang='lat' dir='ltr'>tores</span> <span class='ocrx_word' id='word_1_246' title='bbox 393 2465 455 2496; x_wconf 88' lang='lat' dir='ltr'>sibi</span> <span class='ocrx_word' id='word_1_247' title='bbox 472 2465 630 2496; x_wconf 86' lang='lat' dir='ltr'>videntur</span> <span class='ocrx_word' id='word_1_248' title='bbox 647 2475 716 2496; x_wconf 86' lang='lat' dir='ltr'>rem</span> <span class='ocrx_word' id='word_1_249' title='bbox 733 2467 846 2507; x_wconf 85' lang='lat' dir='ltr'>magni</span> <span class='ocrx_word' id='word_1_250' title='bbox 862 2467 986 2499; x_wconf 89' lang='lat' dir='ltr'>laboris</span> 
     </span>
     <span class='ocr_line' id='line_1_43' title="bbox 284 2515 985 2557; baseline 0.006 -12"><span class='ocrx_word' id='word_1_251' title='bbox 284 2515 436 2556; x_wconf 85' lang='lat' dir='ltr'>aggressi</span> <span class='ocrx_word' id='word_1_252' title='bbox 462 2525 550 2555; x_wconf 89' lang='lat' dir='ltr'>esse,</span> <span class='ocrx_word' id='word_1_253' title='bbox 573 2525 649 2547; x_wconf 89' lang='lat' dir='ltr'>cum</span> <span class='ocrx_word' id='word_1_254' title='bbox 674 2516 771 2547; x_wconf 93' lang='lat' dir='ltr'>unius</span> <span class='ocrx_word' id='word_1_255' title='bbox 797 2517 915 2557; x_wconf 90' lang='lat' dir='ltr'>populi</span> <span class='ocrx_word' id='word_1_256' title='bbox 932 2527 985 2549; x_wconf 86' lang='lat' dir='ltr'>res</span> 
     </span>
     <span class='ocr_line' id='line_1_44' title="bbox 285 2565 984 2607; baseline 0.004 -11"><span class='ocrx_word' id='word_1_257' title='bbox 285 2569 400 2605; x_wconf 80' lang='lat' dir='ltr'>gestas</span> <span class='ocrx_word' id='word_1_258' title='bbox 431 2565 602 2597; x_wconf 86' lang='lat' dir='ltr'>memoriae</span> <span class='ocrx_word' id='word_1_259' title='bbox 633 2565 808 2605; x_wconf 89' lang='lat' dir='ltr'>mandant,</span> <span class='ocrx_word' id='word_1_260' title='bbox 833 2567 984 2607; x_wconf 83' lang='lat' dir='ltr'>Trogum</span> 
     </span>
     <span class='ocr_line' id='line_1_45' title="bbox 285 2615 983 2659; baseline 0.004 -13"><span class='ocrx_word' id='word_1_261' title='bbox 285 2616 408 2656; x_wconf 89' lang='lat' dir='ltr'>Pomp.</span> <span class='ocrx_word' id='word_1_262' title='bbox 425 2624 519 2651; x_wconf 89' lang='lat' dir='ltr'>sane,</span> <span class='ocrx_word' id='word_1_263' title='bbox 541 2615 569 2646; x_wconf 92' lang='lat' dir='ltr'>si</span> <span class='ocrx_word' id='word_1_264' title='bbox 592 2620 686 2647; x_wconf 86' lang='lat' dir='ltr'>recte</span> <span class='ocrx_word' id='word_1_265' title='bbox 702 2617 867 2648; x_wconf 90' lang='lat' dir='ltr'>sentimus</span> <span class='ocrx_word' id='word_1_266' title='bbox 884 2619 983 2659; x_wconf 88' lang='lat' dir='ltr'>etju-</span> 
     </span>
     <span class='ocr_line' id='line_1_46' title="bbox 284 2665 982 2708; baseline 0.004 -12"><span class='ocrx_word' id='word_1_267' title='bbox 284 2665 445 2704; x_wconf 87' lang='lat' dir='ltr'>dicamus,</span> <span class='ocrx_word' id='word_1_268' title='bbox 461 2665 630 2705; x_wconf 88' lang='lat' dir='ltr'>stupenda</span> <span class='ocrx_word' id='word_1_269' title='bbox 646 2670 680 2697; x_wconf 88' lang='lat' dir='ltr'>et</span> <span class='ocrx_word' id='word_1_270' title='bbox 698 2666 874 2708; x_wconf 85' lang='lat' dir='ltr'>plusquam</span> <span class='ocrx_word' id='word_1_271' title='bbox 891 2668 982 2699; x_wconf 86' lang='lat' dir='ltr'>Her-</span> 
     </span>
     <span class='ocr_line' id='line_1_47' title="bbox 283 2715 981 2756; baseline 0.006 -11"><span class='ocrx_word' id='word_1_272' title='bbox 283 2716 378 2746; x_wconf 84' lang='lat' dir='ltr'>culea</span> <span class='ocrx_word' id='word_1_273' title='bbox 407 2715 550 2745; x_wconf 82' lang='lat' dir='ltr'>audacia</span> <span class='ocrx_word' id='word_1_274' title='bbox 573 2715 722 2756; x_wconf 85' lang='lat' dir='ltr'>gentium</span> <span class='ocrx_word' id='word_1_275' title='bbox 742 2717 890 2749; x_wconf 87' lang='lat' dir='ltr'>omnium</span> <span class='ocrx_word' id='word_1_276' title='bbox 916 2718 981 2749; x_wconf 86' lang='lat' dir='ltr'>ori-</span> 
     </span>
     <span class='ocr_line' id='line_1_48' title="bbox 282 2763 982 2808; baseline 0.004 -13"><span class='ocrx_word' id='word_1_277' title='bbox 282 2765 378 2805; x_wconf 84' lang='lat' dir='ltr'>gines</span> <span class='ocrx_word' id='word_1_278' title='bbox 393 2770 429 2796; x_wconf 89' lang='lat' dir='ltr'>et</span> <span class='ocrx_word' id='word_1_279' title='bbox 440 2763 532 2795; x_wconf 85' lang='lat' dir='ltr'>facta</span> <span class='ocrx_word' id='word_1_280' title='bbox 544 2764 769 2796; x_wconf 90' lang='lat' dir='ltr'>describenda</span> <span class='ocrx_word' id='word_1_281' title='bbox 781 2767 982 2808; x_wconf 82' lang='lat' dir='ltr'>suscepisse,</span> 
     </span>
     <span class='ocr_line' id='line_1_49' title="bbox 282 2813 781 2846; baseline 0.002 -1"><span class='ocrx_word' id='word_1_282' title='bbox 282 2813 460 2846; x_wconf 87' lang='lat' dir='ltr'>fatendum</span> <span class='ocrx_word' id='word_1_283' title='bbox 476 2819 529 2845; x_wconf 90' lang='lat' dir='ltr'>est</span> <span class='ocrx_word' id='word_1_284' title='bbox 543 2814 650 2846; x_wconf 86' lang='lat' dir='ltr'>nobis.</span> <span class='ocrx_word' id='word_1_285' title='bbox 674 2815 781 2846; x_wconf 83' lang='lat' dir='ltr'>Groev.</span> 
     </span>
    </p>

    <p class='ocr_par' dir='ltr' id='par_1_6' title="bbox 282 2864 978 2960">
     <span class='ocr_line' id='line_1_50' title="bbox 323 2864 978 2906; baseline 0.008 -12"><span class='ocrx_word' id='word_1_286' title='bbox 323 2866 340 2905; x_wconf 56' lang='grc' dir='ltr'><strong>ξ</strong></span> <span class='ocrx_word' id='word_1_287' title='bbox 363 2867 382 2895; x_wconf 80' lang='lat'><strong>3</strong></span> <span class='ocrx_word' id='word_1_288' title='bbox 406 2864 480 2895; x_wconf 84' lang='lat' dir='ltr'>Sese</span> <span class='ocrx_word' id='word_1_289' title='bbox 502 2864 677 2906; x_wconf 77' lang='lat' dir='ltr'>gregatim]</span> <span class='ocrx_word' id='word_1_290' title='bbox 712 2865 803 2896; x_wconf 83' lang='lat' dir='ltr'>Mire</span> <span class='ocrx_word' id='word_1_291' title='bbox 817 2866 872 2898; x_wconf 83' lang='lat' dir='ltr'>hic</span> <span class='ocrx_word' id='word_1_292' title='bbox 891 2867 978 2899; x_wconf 87' lang='lat' dir='ltr'>vari-</span> 
     </span>
     <span class='ocr_line' id='line_1_51' title="bbox 282 2913 977 2960; baseline 0.006 -15"><span class='ocrx_word' id='word_1_293' title='bbox 282 2917 341 2946; x_wconf 85' lang='lat' dir='ltr'>ant</span> <span class='ocrx_word' id='word_1_294' title='bbox 353 2913 429 2946; x_wconf 85' lang='lat' dir='ltr'>libri</span> <span class='ocrx_word' id='word_1_295' title='bbox 443 2913 584 2954; x_wconf 87' lang='lat' dir='ltr'>scripti;</span> <span class='ocrx_word' id='word_1_296' title='bbox 600 2923 662 2956; x_wconf 82' lang='lat' dir='ltr'>ego</span> <span class='ocrx_word' id='word_1_297' title='bbox 679 2914 861 2948; x_wconf 87' lang='lat' dir='ltr'>lectionem</span> <span class='ocrx_word' id='word_1_298' title='bbox 877 2926 977 2960; x_wconf 87' lang='lat' dir='ltr'>quam</span> 
     </span>
    </p>
   </div>
   <div class='ocr_carea' id='block_1_5' title="bbox 1680 359 1765 401">
    <p class='ocr_par' dir='ltr' id='par_1_7' title="bbox 1680 359 1765 401">
     <span class='ocr_line' id='line_1_52' title="bbox 1680 359 1765 401; baseline 0 -1"><span class='ocrx_word' id='word_1_299' title='bbox 1680 359 1765 401; x_wconf 78' lang='lat'>613</span> 
     </span>
    </p>
   </div>
   <div class='ocr_carea' id='block_1_6' title="bbox 1028 462 1763 2961">
    <p class='ocr_par' dir='ltr' id='par_1_8' title="bbox 1054 462 1763 1346">
     <span class='ocr_line' id='line_1_53' title="bbox 1065 462 1762 494; baseline 0.001 -1"><span class='ocrx_word' id='word_1_300' title='bbox 1065 463 1136 494; x_wconf 89' lang='lat' dir='ltr'>sine</span> <span class='ocrx_word' id='word_1_301' title='bbox 1153 462 1253 494; x_wconf 83' lang='lat' dir='ltr'>litura</span> <span class='ocrx_word' id='word_1_302' title='bbox 1265 462 1432 494; x_wconf 87' lang='lat' dir='ltr'>habebant</span> <span class='ocrx_word' id='word_1_303' title='bbox 1445 463 1511 494; x_wconf 92' lang='lat' dir='ltr'>duo</span> <span class='ocrx_word' id='word_1_304' title='bbox 1522 462 1608 494; x_wconf 88' lang='lat' dir='ltr'>Mss.</span> <span class='ocrx_word' id='word_1_305' title='bbox 1625 466 1762 494; x_wconf 85' lang='lat' dir='ltr'>secutus</span> 
     </span>
     <span class='ocr_line' id='line_1_54' title="bbox 1065 514 1763 554; baseline 0 -10"><span class='ocrx_word' id='word_1_306' title='bbox 1065 523 1150 552; x_wconf 89' lang='lat' dir='ltr'>sum,</span> <span class='ocrx_word' id='word_1_307' title='bbox 1179 515 1317 554; x_wconf 79' lang='lat' dir='ltr'>explosa</span> <span class='ocrx_word' id='word_1_308' title='bbox 1344 515 1494 554; x_wconf 85' lang='lat' dir='ltr'>vulgata,</span> <span class='ocrx_word' id='word_1_309' title='bbox 1519 524 1592 554; x_wconf 80' lang='lat' dir='ltr'>quae</span> <span class='ocrx_word' id='word_1_310' title='bbox 1614 514 1697 544; x_wconf 90' lang='lat' dir='ltr'>nulli</span> <span class='ocrx_word' id='word_1_311' title='bbox 1714 514 1763 544; x_wconf 89' lang='lat' dir='ltr'>rei</span> 
     </span>
     <span class='ocr_line' id='line_1_55' title="bbox 1065 563 1760 602; baseline 0.003 -9"><span class='ocrx_word' id='word_1_312' title='bbox 1065 568 1133 602; x_wconf 87' lang='lat' dir='ltr'>est,</span> <span class='ocrx_word' id='word_1_313' title='bbox 1145 563 1210 594; x_wconf 91' lang='lat' dir='ltr'>imo</span> <span class='ocrx_word' id='word_1_314' title='bbox 1226 567 1344 594; x_wconf 71' lang='lat' dir='ltr'>contra</span> <span class='ocrx_word' id='word_1_315' title='bbox 1360 568 1506 594; x_wconf 87' lang='lat' dir='ltr'>mentem</span> <span class='ocrx_word' id='word_1_316' title='bbox 1521 563 1680 595; x_wconf 88' lang='lat' dir='ltr'>Auctoris</span> <span class='ocrx_word' id='word_1_317' title='bbox 1696 568 1760 595; x_wconf 88' lang='lat' dir='ltr'>est.</span> 
     </span>
     <span class='ocr_line' id='line_1_56' title="bbox 1063 612 1761 653; baseline 0 -9"><span class='ocrx_word' id='word_1_318' title='bbox 1063 614 1220 652; x_wconf 79' lang='lat' dir='ltr'>Bongars.</span> <span class='ocrx_word' id='word_1_319' title='bbox 1264 612 1367 653; x_wconf 87' lang='lat' dir='ltr'>Angl.</span> <span class='ocrx_word' id='word_1_320' title='bbox 1408 614 1491 643; x_wconf 79' lang='lat' dir='ltr'>inter</span> <span class='ocrx_word' id='word_1_321' title='bbox 1525 623 1556 643; x_wconf 83' lang='lat' dir='ltr'>se</span> <span class='ocrx_word' id='word_1_322' title='bbox 1589 612 1761 653; x_wconf 76' lang='lat' dir='ltr'>gregatim,</span> 
     </span>
     <span class='ocr_line' id='line_1_57' title="bbox 1063 663 1761 704; baseline 0.001 -11"><span class='ocrx_word' id='word_1_323' title='bbox 1063 663 1152 704; x_wconf 90' lang='lat' dir='ltr'>quod</span> <span class='ocrx_word' id='word_1_324' title='bbox 1168 667 1323 694; x_wconf 83' lang='lat' dir='ltr'>notarum</span> <span class='ocrx_word' id='word_1_325' title='bbox 1349 666 1468 694; x_wconf 87' lang='lat' dir='ltr'>auctor</span> <span class='ocrx_word' id='word_1_326' title='bbox 1489 663 1639 703; x_wconf 80' lang='lat' dir='ltr'>explicat</span> <span class='ocrx_word' id='word_1_327' title='bbox 1665 664 1674 680; x_wconf 89' lang='lat'>‘</span> <span class='ocrx_word' id='word_1_328' title='bbox 1689 663 1761 694; x_wconf 91' lang='lat' dir='ltr'>sine</span> 
     </span>
     <span class='ocr_line' id='line_1_58' title="bbox 1062 712 1760 753; baseline 0 -10"><span class='ocrx_word' id='word_1_329' title='bbox 1062 713 1202 744; x_wconf 65' lang='lat' dir='ltr'>ordine!</span> <span class='ocrx_word' id='word_1_330' title='bbox 1247 714 1337 744; x_wconf 88' lang='lat' dir='ltr'>Puto</span> <span class='ocrx_word' id='word_1_331' title='bbox 1364 713 1477 753; x_wconf 91' lang='lat' dir='ltr'>potius</span> <span class='ocrx_word' id='word_1_332' title='bbox 1499 712 1592 743; x_wconf 90' lang='lat' dir='ltr'>innui</span> <span class='ocrx_word' id='word_1_333' title='bbox 1608 713 1760 744; x_wconf 88' lang='lat' dir='ltr'>multitu-</span> 
     </span>
     <span class='ocr_line' id='line_1_59' title="bbox 1062 762 1761 803; baseline 0 -10"><span class='ocrx_word' id='word_1_334' title='bbox 1062 762 1175 793; x_wconf 88' lang='lat' dir='ltr'>dinem</span> <span class='ocrx_word' id='word_1_335' title='bbox 1205 772 1332 802; x_wconf 88' lang='lat' dir='ltr'>eorum,</span> <span class='ocrx_word' id='word_1_336' title='bbox 1355 772 1420 803; x_wconf 91' lang='lat' dir='ltr'>quo</span> <span class='ocrx_word' id='word_1_337' title='bbox 1442 767 1608 803; x_wconf 86' lang='lat' dir='ltr'>appareat</span> <span class='ocrx_word' id='word_1_338' title='bbox 1627 762 1761 794; x_wconf 91' lang='lat' dir='ltr'>Hercu-</span> 
     </span>
     <span class='ocr_line' id='line_1_60' title="bbox 1061 811 1761 852; baseline 0 -10"><span class='ocrx_word' id='word_1_339' title='bbox 1061 812 1115 842; x_wconf 87' lang='lat' dir='ltr'>lea</span> <span class='ocrx_word' id='word_1_340' title='bbox 1130 812 1188 843; x_wconf 85' lang='lat' dir='ltr'>illa</span> <span class='ocrx_word' id='word_1_341' title='bbox 1211 811 1350 843; x_wconf 83' lang='lat' dir='ltr'>andacia</span> <span class='ocrx_word' id='word_1_342' title='bbox 1371 812 1469 842; x_wconf 90' lang='lat' dir='ltr'>unius</span> <span class='ocrx_word' id='word_1_343' title='bbox 1497 811 1685 852; x_wconf 85' lang='lat' dir='ltr'>colligentis</span> <span class='ocrx_word' id='word_1_344' title='bbox 1714 812 1761 842; x_wconf 90' lang='lat' dir='ltr'>la-</span> 
     </span>
     <span class='ocr_line' id='line_1_61' title="bbox 1060 860 1760 903; baseline 0.003 -12"><span class='ocrx_word' id='word_1_345' title='bbox 1060 860 1160 892; x_wconf 83' lang='lat' dir='ltr'>bores</span> <span class='ocrx_word' id='word_1_346' title='bbox 1188 866 1257 893; x_wconf 88' lang='lat' dir='ltr'>tam</span> <span class='ocrx_word' id='word_1_347' title='bbox 1282 862 1475 899; x_wconf 85' lang='lat' dir='ltr'>multorum,</span> <span class='ocrx_word' id='word_1_348' title='bbox 1502 861 1545 892; x_wconf 91' lang='lat' dir='ltr'>de</span> <span class='ocrx_word' id='word_1_349' title='bbox 1575 871 1640 903; x_wconf 89' lang='lat' dir='ltr'>quo</span> <span class='ocrx_word' id='word_1_350' title='bbox 1669 871 1760 903; x_wconf 88' lang='lat' dir='ltr'>supr.</span> 
     </span>
     <span class='ocr_line' id='line_1_62' title="bbox 1058 909 1759 951; baseline 0.001 -10"><span class='ocrx_word' id='word_1_351' title='bbox 1058 909 1226 942; x_wconf 80' lang='lat' dir='ltr'>Justinus.</span> <span class='ocrx_word' id='word_1_352' title='bbox 1272 911 1394 951; x_wconf 90' lang='lat' dir='ltr'>Itaque</span> <span class='ocrx_word' id='word_1_353' title='bbox 1424 920 1534 949; x_wconf 85' lang='lat' dir='ltr'>servo,</span> <span class='ocrx_word' id='word_1_354' title='bbox 1558 914 1595 942; x_wconf 91' lang='lat' dir='ltr'>et</span> <span class='ocrx_word' id='word_1_355' title='bbox 1625 915 1759 942; x_wconf 88' lang='lat' dir='ltr'>tantum</span> 
     </span>
     <span class='ocr_line' id='line_1_63' title="bbox 1059 960 1760 1000; baseline 0.001 -10"><span class='ocrx_word' id='word_1_356' title='bbox 1059 960 1180 1000; x_wconf 91' lang='lat' dir='ltr'>scribo,</span> <span class='ocrx_word' id='word_1_357' title='bbox 1202 961 1284 991; x_wconf 79' lang='lat' dir='ltr'>inter</span> <span class='ocrx_word' id='word_1_358' title='bbox 1305 970 1370 991; x_wconf 85' lang='lat' dir='ltr'>sese</span> <span class='ocrx_word' id='word_1_359' title='bbox 1392 960 1563 999; x_wconf 80' lang='lat' dir='ltr'>gregatim.</span> <span class='ocrx_word' id='word_1_360' title='bbox 1607 960 1697 992; x_wconf 88' lang='lat' dir='ltr'>Sane</span> <span class='ocrx_word' id='word_1_361' title='bbox 1720 960 1760 991; x_wconf 92' lang='lat' dir='ltr'>il-</span> 
     </span>
     <span class='ocr_line' id='line_1_64' title="bbox 1058 1009 1758 1051; baseline 0.003 -11"><span class='ocrx_word' id='word_1_362' title='bbox 1058 1009 1116 1040; x_wconf 91' lang='lat' dir='ltr'>lud</span> <span class='ocrx_word' id='word_1_363' title='bbox 1131 1020 1162 1041; x_wconf 83' lang='lat' dir='ltr'>se</span> <span class='ocrx_word' id='word_1_364' title='bbox 1175 1011 1315 1050; x_wconf 82' lang='lat' dir='ltr'>gregati,</span> <span class='ocrx_word' id='word_1_365' title='bbox 1333 1010 1422 1051; x_wconf 89' lang='lat' dir='ltr'>quod</span> <span class='ocrx_word' id='word_1_366' title='bbox 1439 1015 1492 1042; x_wconf 89' lang='lat' dir='ltr'>est</span> <span class='ocrx_word' id='word_1_367' title='bbox 1506 1010 1540 1041; x_wconf 92' lang='lat' dir='ltr'>in</span> <span class='ocrx_word' id='word_1_368' title='bbox 1556 1011 1694 1051; x_wconf 89' lang='lat' dir='ltr'>ceteris,</span> <span class='ocrx_word' id='word_1_369' title='bbox 1705 1016 1758 1042; x_wconf 89' lang='lat' dir='ltr'>sat</span> 
     </span>
     <span class='ocr_line' id='line_1_65' title="bbox 1057 1059 1756 1102; baseline 0.003 -12"><span class='ocrx_word' id='word_1_370' title='bbox 1057 1060 1216 1091; x_wconf 90' lang='lat' dir='ltr'>idoneum</span> <span class='ocrx_word' id='word_1_371' title='bbox 1237 1070 1302 1091; x_wconf 92' lang='lat' dir='ltr'>non</span> <span class='ocrx_word' id='word_1_372' title='bbox 1315 1060 1417 1091; x_wconf 88' lang='lat' dir='ltr'>habet</span> <span class='ocrx_word' id='word_1_373' title='bbox 1435 1070 1579 1091; x_wconf 88' lang='lat' dir='ltr'>sensum.</span> <span class='ocrx_word' id='word_1_374' title='bbox 1625 1059 1756 1102; x_wconf 83' lang='lat' dir='ltr'>Atjam</span> 
     </span>
     <span class='ocr_line' id='line_1_66' title="bbox 1058 1110 1756 1153; baseline 0.004 -13"><span class='ocrx_word' id='word_1_375' title='bbox 1058 1110 1227 1150; x_wconf 73' lang='lat' dir='ltr'>praecedit</span> <span class='ocrx_word' id='word_1_376' title='bbox 1250 1113 1259 1128; x_wconf 85' lang='lat'>‘</span> <span class='ocrx_word' id='word_1_377' title='bbox 1275 1116 1378 1151; x_wconf 91' lang='lat' dir='ltr'>prout</span> <span class='ocrx_word' id='word_1_378' title='bbox 1400 1111 1613 1142; x_wconf 90' lang='lat' dir='ltr'>commodum</span> <span class='ocrx_word' id='word_1_379' title='bbox 1632 1112 1756 1153; x_wconf 87' lang='lat' dir='ltr'>cuique</span> 
     </span>
     <span class='ocr_line' id='line_1_67' title="bbox 1058 1159 1758 1201; baseline 0.004 -12"><span class='ocrx_word' id='word_1_380' title='bbox 1058 1160 1188 1200; x_wconf 86' lang='lat' dir='ltr'>visum‚&#39;</span> <span class='ocrx_word' id='word_1_381' title='bbox 1212 1159 1302 1201; x_wconf 91' lang='lat' dir='ltr'>quod</span> <span class='ocrx_word' id='word_1_382' title='bbox 1325 1160 1407 1191; x_wconf 89' lang='lat' dir='ltr'>illud</span> <span class='ocrx_word' id='word_1_383' title='bbox 1422 1170 1454 1191; x_wconf 86' lang='lat' dir='ltr'>se</span> <span class='ocrx_word' id='word_1_384' title='bbox 1469 1161 1596 1200; x_wconf 81' lang='lat' dir='ltr'>gregati</span> <span class='ocrx_word' id='word_1_385' title='bbox 1612 1161 1692 1192; x_wconf 88' lang='lat' dir='ltr'>satis</span> <span class='ocrx_word' id='word_1_386' title='bbox 1705 1171 1758 1192; x_wconf 90' lang='lat' dir='ltr'>os-</span> 
     </span>
     <span class='ocr_line' id='line_1_68' title="bbox 1057 1209 1755 1251; baseline 0.004 -12"><span class='ocrx_word' id='word_1_387' title='bbox 1057 1209 1181 1241; x_wconf 87' lang='lat' dir='ltr'>tendit.</span> <span class='ocrx_word' id='word_1_388' title='bbox 1226 1209 1274 1240; x_wconf 87' lang='lat' dir='ltr'>At</span> <span class='ocrx_word' id='word_1_389' title='bbox 1304 1210 1508 1250; x_wconf 84' lang='lat' dir='ltr'>‘gregatim&#39;</span> <span class='ocrx_word' id='word_1_390' title='bbox 1537 1210 1587 1240; x_wconf 89' lang='lat' dir='ltr'>sic</span> <span class='ocrx_word' id='word_1_391' title='bbox 1614 1215 1755 1251; x_wconf 86' lang='lat' dir='ltr'>usurpat</span> 
     </span>
     <span class='ocr_line' id='line_1_69' title="bbox 1057 1258 1754 1292; baseline 0.004 -3"><span class='ocrx_word' id='word_1_392' title='bbox 1057 1259 1184 1289; x_wconf 86' lang='lat' dir='ltr'>Noster</span> <span class='ocrx_word' id='word_1_393' title='bbox 1207 1260 1309 1290; x_wconf 86' lang='lat' dir='ltr'>etiam</span> <span class='ocrx_word' id='word_1_394' title='bbox 1333 1258 1436 1290; x_wconf 86' lang='lat' dir='ltr'>alibi:</span> <span class='ocrx_word' id='word_1_395' title='bbox 1467 1258 1533 1290; x_wconf 89' lang='lat' dir='ltr'>vid.</span> <span class='ocrx_word' id='word_1_396' title='bbox 1556 1268 1640 1291; x_wconf 84' lang='lat' dir='ltr'>xm.</span> <span class='ocrx_word' id='word_1_397' title='bbox 1667 1263 1697 1292; x_wconf 87' lang='grc'>8.</span> <span class='ocrx_word' id='word_1_398' title='bbox 1720 1264 1754 1292; x_wconf 85' lang='grc'>2.</span> 
     </span>
     <span class='ocr_line' id='line_1_70' title="bbox 1054 1308 1158 1346; baseline -0.01 -7"><span class='ocrx_word' id='word_1_399' title='bbox 1054 1308 1158 1346; x_wconf 80' lang='lat' dir='ltr'>Sches.</span> 
     </span>
    </p>

    <p class='ocr_par' dir='ltr' id='par_1_9' title="bbox 1053 1359 1751 1450">
     <span class='ocr_line' id='line_1_71' title="bbox 1099 1359 1751 1402; baseline 0.005 -13"><span class='ocrx_word' id='word_1_400' title='bbox 1099 1359 1348 1400; x_wconf 67' lang='lat' dir='ltr'>Occupat-erunt]</span> <span class='ocrx_word' id='word_1_401' title='bbox 1387 1360 1490 1400; x_wconf 82' lang='lat' dir='ltr'>Lego,</span> <span class='ocrx_word' id='word_1_402' title='bbox 1515 1363 1751 1402; x_wconf 82' lang='lat' dir='ltr'>occupaverant,</span> 
     </span>
     <span class='ocr_line' id='line_1_72' title="bbox 1053 1408 1674 1450; baseline 0.002 -11"><span class='ocrx_word' id='word_1_403' title='bbox 1053 1413 1089 1438; x_wconf 85' lang='lat' dir='ltr'>et</span> <span class='ocrx_word' id='word_1_404' title='bbox 1103 1408 1150 1439; x_wconf 85' lang='lat' dir='ltr'>ita</span> <span class='ocrx_word' id='word_1_405' title='bbox 1163 1410 1298 1450; x_wconf 90' lang='lat' dir='ltr'>quidam</span> <span class='ocrx_word' id='word_1_406' title='bbox 1311 1409 1466 1449; x_wconf 86' lang='lat' dir='ltr'>impressi</span> <span class='ocrx_word' id='word_1_407' title='bbox 1482 1409 1571 1441; x_wconf 86' lang='lat' dir='ltr'>libri.</span> <span class='ocrx_word' id='word_1_408' title='bbox 1595 1410 1674 1441; x_wconf 76' lang='lat' dir='ltr'>Fab-</span> 
     </span>
    </p>

    <p class='ocr_par' dir='ltr' id='par_1_10' title="bbox 1047 1459 1751 1689">
     <span class='ocr_line' id='line_1_73' title="bbox 1096 1459 1750 1500; baseline 0.005 -11"><span class='ocrx_word' id='word_1_409' title='bbox 1096 1459 1241 1498; x_wconf 78' lang='lat' dir='ltr'>Omissis]</span> <span class='ocrx_word' id='word_1_410' title='bbox 1265 1460 1303 1490; x_wconf 88' lang='lat' dir='ltr'>F.</span> <span class='ocrx_word' id='word_1_411' title='bbox 1328 1460 1394 1500; x_wconf 86' lang='lat' dir='ltr'>leg.</span> <span class='ocrx_word' id='word_1_412' title='bbox 1425 1460 1580 1491; x_wconf 59' lang='lat' dir='ltr'>admisti&amp;</span> <span class='ocrx_word' id='word_1_413' title='bbox 1619 1460 1690 1492; x_wconf 89' lang='lat' dir='ltr'>Cic.</span> <span class='ocrx_word' id='word_1_414' title='bbox 1709 1469 1750 1492; x_wconf 80' lang='lat'>11.</span> 
     </span>
     <span class='ocr_line' id='line_1_74' title="bbox 1050 1508 1749 1551; baseline 0.004 -12"><span class='ocrx_word' id='word_1_415' title='bbox 1050 1508 1093 1539; x_wconf 89' lang='lat' dir='ltr'>de</span> <span class='ocrx_word' id='word_1_416' title='bbox 1111 1509 1210 1541; x_wconf 85' lang='lat' dir='ltr'>Orat.</span> <span class='ocrx_word' id='word_1_417' title='bbox 1227 1512 1257 1540; x_wconf 82' lang='lat'>4.</span> <span class='ocrx_word' id='word_1_418' title='bbox 1280 1511 1289 1527; x_wconf 90' lang='lat'>‘</span> <span class='ocrx_word' id='word_1_419' title='bbox 1304 1510 1392 1541; x_wconf 89' lang='lat' dir='ltr'>Nam</span> <span class='ocrx_word' id='word_1_420' title='bbox 1409 1510 1534 1550; x_wconf 66' lang='lat' dir='ltr'>Graeci,</span> <span class='ocrx_word' id='word_1_421' title='bbox 1551 1514 1588 1541; x_wconf 91' lang='lat' dir='ltr'>ut</span> <span class='ocrx_word' id='word_1_422' title='bbox 1611 1510 1749 1551; x_wconf 89' lang='lat' dir='ltr'>ingenio</span> 
     </span>
     <span class='ocr_line' id='line_1_75' title="bbox 1049 1559 1751 1603; baseline 0.006 -15"><span class='ocrx_word' id='word_1_423' title='bbox 1049 1559 1293 1596; x_wconf 85' lang='lat' dir='ltr'>excelluerunt,</span> <span class='ocrx_word' id='word_1_424' title='bbox 1320 1560 1368 1590; x_wconf 93' lang='lat' dir='ltr'>ita</span> <span class='ocrx_word' id='word_1_425' title='bbox 1391 1560 1456 1591; x_wconf 91' lang='lat' dir='ltr'>hoc</span> <span class='ocrx_word' id='word_1_426' title='bbox 1481 1560 1637 1601; x_wconf 86' lang='lat' dir='ltr'>audiunt,</span> <span class='ocrx_word' id='word_1_427' title='bbox 1659 1561 1751 1603; x_wconf 90' lang='lat' dir='ltr'>quod</span> 
     </span>
     <span class='ocr_line' id='line_1_76' title="bbox 1047 1609 1749 1651; baseline 0.006 -12"><span class='ocrx_word' id='word_1_428' title='bbox 1047 1617 1115 1639; x_wconf 90' lang='lat' dir='ltr'>non</span> <span class='ocrx_word' id='word_1_429' title='bbox 1143 1609 1371 1640; x_wconf 88' lang='lat' dir='ltr'>adhibuerunt</span> <span class='ocrx_word' id='word_1_430' title='bbox 1406 1619 1538 1651; x_wconf 86' lang='lat' dir='ltr'>semper</span> <span class='ocrx_word' id='word_1_431' title='bbox 1557 1611 1749 1651; x_wconf 63' lang='lat' dir='ltr'>judicium!</span> 
     </span>
     <span class='ocr_line' id='line_1_77' title="bbox 1050 1657 1150 1689; baseline 0.02 -2"><span class='ocrx_word' id='word_1_432' title='bbox 1050 1657 1150 1689; x_wconf 77' lang='lat' dir='ltr'>Gran.</span> 
     </span>
    </p>

    <p class='ocr_par' dir='ltr' id='par_1_11' title="bbox 1038 1709 1747 2246">
     <span class='ocr_line' id='line_1_78' title="bbox 1091 1709 1747 1751; baseline 0.009 -13"><span class='ocrx_word' id='word_1_433' title='bbox 1091 1709 1108 1748; x_wconf 49' lang='grc' dir='ltr'>ᾧ</span> <span class='ocrx_word' id='word_1_434' title='bbox 1131 1710 1151 1739; x_wconf 90' lang='grc'>4</span> <span class='ocrx_word' id='word_1_435' title='bbox 1177 1709 1363 1748; x_wconf 78' lang='lat' dir='ltr'>Cognitione</span> <span class='ocrx_word' id='word_1_436' title='bbox 1376 1710 1577 1751; x_wconf 80' lang='lat' dir='ltr'>dignissima]</span> <span class='ocrx_word' id='word_1_437' title='bbox 1598 1711 1684 1743; x_wconf 89' lang='lat' dir='ltr'>Tac.</span> <span class='ocrx_word' id='word_1_438' title='bbox 1701 1710 1747 1745; x_wconf 79' lang='grc' dir='ltr'>Α,</span> 
     </span>
     <span class='ocr_line' id='line_1_79' title="bbox 1046 1761 1746 1804; baseline 0.006 -13"><span class='ocrx_word' id='word_1_439' title='bbox 1046 1769 1132 1792; x_wconf 80' lang='grc' dir='ltr'><strong>Χιῐι.</strong></span> <span class='ocrx_word' id='word_1_440' title='bbox 1149 1763 1202 1792; x_wconf 84' lang='lat'>31.</span> <span class='ocrx_word' id='word_1_441' title='bbox 1235 1762 1244 1778; x_wconf 88' lang='lat'>‘</span> <span class='ocrx_word' id='word_1_442' title='bbox 1258 1762 1310 1792; x_wconf 85' lang='lat' dir='ltr'>Ex</span> <span class='ocrx_word' id='word_1_443' title='bbox 1327 1761 1495 1802; x_wconf 86' lang='lat' dir='ltr'>dignitate</span> <span class='ocrx_word' id='word_1_444' title='bbox 1508 1772 1588 1804; x_wconf 90' lang='lat' dir='ltr'>pop.</span> <span class='ocrx_word' id='word_1_445' title='bbox 1603 1764 1746 1795; x_wconf 87' lang='lat' dir='ltr'>Romani</span> 
     </span>
     <span class='ocr_line' id='line_1_80' title="bbox 1046 1812 1745 1851; baseline 0.006 -10"><span class='ocrx_word' id='word_1_446' title='bbox 1046 1817 1222 1851; x_wconf 86' lang='lat' dir='ltr'>repertum</span> <span class='ocrx_word' id='word_1_447' title='bbox 1239 1817 1305 1851; x_wconf 81' lang='lat' dir='ltr'>est,</span> <span class='ocrx_word' id='word_1_448' title='bbox 1329 1822 1383 1842; x_wconf 91' lang='lat' dir='ltr'>res</span> <span class='ocrx_word' id='word_1_449' title='bbox 1403 1812 1550 1843; x_wconf 88' lang='lat' dir='ltr'>illustres</span> <span class='ocrx_word' id='word_1_450' title='bbox 1573 1813 1745 1845; x_wconf 86' lang='lat' dir='ltr'>memoriae</span> 
     </span>
     <span class='ocr_line' id='line_1_81' title="bbox 1045 1861 1744 1895; baseline 0.007 -5"><span class='ocrx_word' id='word_1_451' title='bbox 1045 1861 1230 1892; x_wconf 68' lang='lat' dir='ltr'>mandare!</span> <span class='ocrx_word' id='word_1_452' title='bbox 1256 1862 1448 1892; x_wconf 87' lang='lat' dir='ltr'>Marcellin.</span> <span class='ocrx_word' id='word_1_453' title='bbox 1466 1870 1573 1894; x_wconf 77' lang='lat' dir='ltr'>xxvi.</span> <span class='ocrx_word' id='word_1_454' title='bbox 1587 1865 1617 1895; x_wconf 91' lang='lat' dir='ltr'>l.</span> <span class='ocrx_word' id='word_1_455' title='bbox 1644 1863 1744 1894; x_wconf 86' lang='lat' dir='ltr'>‘His-</span> 
     </span>
     <span class='ocr_line' id='line_1_82' title="bbox 1045 1911 1745 1952; baseline 0.004 -11"><span class='ocrx_word' id='word_1_456' title='bbox 1045 1911 1145 1950; x_wconf 86' lang='lat' dir='ltr'>toria,</span> <span class='ocrx_word' id='word_1_457' title='bbox 1165 1911 1353 1942; x_wconf 82' lang='lat' dir='ltr'>discurrere</span> <span class='ocrx_word' id='word_1_458' title='bbox 1370 1921 1431 1952; x_wconf 89' lang='lat' dir='ltr'>per</span> <span class='ocrx_word' id='word_1_459' title='bbox 1446 1913 1661 1952; x_wconf 88' lang='lat' dir='ltr'>negotiorum</span> <span class='ocrx_word' id='word_1_460' title='bbox 1678 1914 1745 1944; x_wconf 88' lang='lat' dir='ltr'>cel-</span> 
     </span>
     <span class='ocr_line' id='line_1_83' title="bbox 1043 1961 1744 2000; baseline 0.004 -9"><span class='ocrx_word' id='word_1_461' title='bbox 1043 1961 1206 1992; x_wconf 87' lang='lat' dir='ltr'>situdines</span> <span class='ocrx_word' id='word_1_462' title='bbox 1224 1961 1375 2000; x_wconf 86' lang='lat' dir='ltr'>adsueta,</span> <span class='ocrx_word' id='word_1_463' title='bbox 1405 1971 1470 1993; x_wconf 91' lang='lat' dir='ltr'>non</span> <span class='ocrx_word' id='word_1_464' title='bbox 1494 1962 1668 1993; x_wconf 89' lang='lat' dir='ltr'>humilium</span> <span class='ocrx_word' id='word_1_465' title='bbox 1684 1964 1744 1994; x_wconf 88' lang='lat' dir='ltr'>mi-</span> 
     </span>
     <span class='ocr_line' id='line_1_84' title="bbox 1043 2014 1742 2054; baseline 0.006 -10"><span class='ocrx_word' id='word_1_466' title='bbox 1043 2014 1153 2045; x_wconf 79' lang='lat' dir='ltr'>nutias</span> <span class='ocrx_word' id='word_1_467' title='bbox 1169 2014 1308 2054; x_wconf 88' lang='lat' dir='ltr'>iudagat</span> <span class='ocrx_word' id='word_1_468' title='bbox 1325 2015 1526 2052; x_wconf 86' lang='lat' dir='ltr'>causarum,’</span> <span class='ocrx_word' id='word_1_469' title='bbox 1548 2017 1611 2047; x_wconf 64' lang='grc' dir='ltr'>ἃς.</span> <span class='ocrx_word' id='word_1_470' title='bbox 1649 2015 1742 2049; x_wconf 87' lang='lat' dir='ltr'>Add.</span> 
     </span>
     <span class='ocr_line' id='line_1_85' title="bbox 1043 2063 1742 2109; baseline 0.006 -15"><span class='ocrx_word' id='word_1_471' title='bbox 1043 2063 1174 2095; x_wconf 89' lang='lat' dir='ltr'>Gunth.</span> <span class='ocrx_word' id='word_1_472' title='bbox 1198 2065 1314 2105; x_wconf 85' lang='lat' dir='ltr'>Ligur.</span> <span class='ocrx_word' id='word_1_473' title='bbox 1332 2065 1390 2095; x_wconf 86' lang='lat' dir='ltr'>lib.</span> <span class='ocrx_word' id='word_1_474' title='bbox 1407 2075 1434 2096; x_wconf 90' lang='lat'>1.</span> <span class='ocrx_word' id='word_1_475' title='bbox 1448 2075 1479 2097; x_wconf 90' lang='lat' dir='ltr'>v.</span> <span class='ocrx_word' id='word_1_476' title='bbox 1495 2068 1546 2097; x_wconf 90' lang='grc'>14.</span> <span class='ocrx_word' id='word_1_477' title='bbox 1590 2067 1645 2097; x_wconf 90' lang='lat' dir='ltr'>Sc.</span> <span class='ocrx_word' id='word_1_478' title='bbox 1669 2067 1742 2109; x_wconf 84' lang='lat' dir='ltr'>huj.</span> 
     </span>
     <span class='ocr_line' id='line_1_86' title="bbox 1041 2116 1740 2160; baseline 0.009 -16"><span class='ocrx_word' id='word_1_479' title='bbox 1041 2116 1207 2155; x_wconf 76' lang='lat' dir='ltr'>praecepti</span> <span class='ocrx_word' id='word_1_480' title='bbox 1221 2116 1392 2147; x_wconf 71' lang='lat' dir='ltr'>,lustinum</span> <span class='ocrx_word' id='word_1_481' title='bbox 1408 2117 1516 2157; x_wconf 88' lang='lat' dir='ltr'>ipsum</span> <span class='ocrx_word' id='word_1_482' title='bbox 1530 2127 1597 2148; x_wconf 89' lang='lat' dir='ltr'>non</span> <span class='ocrx_word' id='word_1_483' title='bbox 1614 2118 1740 2160; x_wconf 85' lang='lat' dir='ltr'>ubique</span> 
     </span>
     <span class='ocr_line' id='line_1_87' title="bbox 1039 2165 1737 2205; baseline 0.009 -11"><span class='ocrx_word' id='word_1_484' title='bbox 1039 2174 1235 2204; x_wconf 87' lang='lat' dir='ltr'>memorem,</span> <span class='ocrx_word' id='word_1_485' title='bbox 1266 2165 1389 2205; x_wconf 87' lang='lat' dir='ltr'>passim</span> <span class='ocrx_word' id='word_1_486' title='bbox 1428 2166 1552 2197; x_wconf 89' lang='lat' dir='ltr'>Lector</span> <span class='ocrx_word' id='word_1_487' title='bbox 1585 2170 1737 2200; x_wconf 86' lang='lat' dir='ltr'>attentus</span> 
     </span>
     <span class='ocr_line' id='line_1_88' title="bbox 1038 2214 1423 2246; baseline 0.003 -1"><span class='ocrx_word' id='word_1_488' title='bbox 1038 2214 1299 2246; x_wconf 87' lang='lat' dir='ltr'>animadvertet.</span> <span class='ocrx_word' id='word_1_489' title='bbox 1324 2215 1423 2246; x_wconf 73' lang='lat' dir='ltr'>Bet-n.</span> 
     </span>
    </p>

    <p class='ocr_par' dir='ltr' id='par_1_12' title="bbox 1028 2264 1737 2961">
     <span class='ocr_line' id='line_1_89' title="bbox 1081 2264 1737 2308; baseline 0.008 -13"><span class='ocrx_word' id='word_1_490' title='bbox 1081 2265 1098 2305; x_wconf 56' lang='grc' dir='ltr'><strong>ξ</strong></span> <span class='ocrx_word' id='word_1_491' title='bbox 1122 2269 1140 2296; x_wconf 86' lang='grc'>5</span> <span class='ocrx_word' id='word_1_492' title='bbox 1158 2264 1214 2296; x_wconf 87' lang='lat' dir='ltr'>&#39;Ad</span> <span class='ocrx_word' id='word_1_493' title='bbox 1244 2268 1286 2305; x_wconf 87' lang='lat' dir='ltr'>te,</span> <span class='ocrx_word' id='word_1_494' title='bbox 1311 2275 1371 2295; x_wconf 75' lang='lat' dir='ltr'>‘non</span> <span class='ocrx_word' id='word_1_495' title='bbox 1393 2265 1471 2305; x_wconf 80' lang='lat' dir='ltr'>tam]</span> <span class='ocrx_word' id='word_1_496' title='bbox 1501 2266 1614 2307; x_wconf 87' lang='lat' dir='ltr'>Vulgo</span> <span class='ocrx_word' id='word_1_497' title='bbox 1638 2267 1737 2308; x_wconf 86' lang='lat' dir='ltr'>editi,</span> 
     </span>
     <span class='ocr_line' id='line_1_90' title="bbox 1037 2314 1735 2356; baseline 0.007 -11"><span class='ocrx_word' id='word_1_498' title='bbox 1037 2316 1077 2345; x_wconf 82' lang='lat' dir='ltr'>ad</span> <span class='ocrx_word' id='word_1_499' title='bbox 1103 2319 1145 2354; x_wconf 83' lang='lat' dir='ltr'>te,</span> <span class='ocrx_word' id='word_1_500' title='bbox 1173 2315 1348 2355; x_wconf 75' lang='lat' dir='ltr'>Imperator</span> <span class='ocrx_word' id='word_1_501' title='bbox 1379 2314 1548 2356; x_wconf 78' lang='lat' dir='ltr'>Antonine,</span> <span class='ocrx_word' id='word_1_502' title='bbox 1571 2327 1631 2348; x_wconf 84' lang='lat' dir='ltr'>non</span> <span class='ocrx_word' id='word_1_503' title='bbox 1659 2321 1735 2350; x_wconf 81' lang='lat' dir='ltr'>tam.</span> 
     </span>
     <span class='ocr_line' id='line_1_91' title="bbox 1037 2365 1733 2406; baseline 0.007 -10"><span class='ocrx_word' id='word_1_504' title='bbox 1037 2366 1147 2397; x_wconf 83' lang='lat' dir='ltr'>Quam</span> <span class='ocrx_word' id='word_1_505' title='bbox 1173 2365 1388 2406; x_wconf 80' lang='grc' dir='ltr'>προσφώνησιν</span> <span class='ocrx_word' id='word_1_506' title='bbox 1412 2366 1475 2396; x_wconf 89' lang='lat' dir='ltr'>Vir</span> <span class='ocrx_word' id='word_1_507' title='bbox 1496 2376 1641 2399; x_wconf 88' lang='lat' dir='ltr'>summus</span> <span class='ocrx_word' id='word_1_508' title='bbox 1657 2369 1733 2401; x_wconf 75' lang='lat' dir='ltr'>Jan.</span> 
     </span>
     <span class='ocr_line' id='line_1_92' title="bbox 1035 2416 1735 2459; baseline 0.007 -14"><span class='ocrx_word' id='word_1_509' title='bbox 1035 2416 1200 2457; x_wconf 88' lang='lat' dir='ltr'>Bongars.</span> <span class='ocrx_word' id='word_1_510' title='bbox 1216 2416 1343 2448; x_wconf 89' lang='lat' dir='ltr'>Justiui</span> <span class='ocrx_word' id='word_1_511' title='bbox 1358 2417 1542 2457; x_wconf 87' lang='lat' dir='ltr'>sospitator</span> <span class='ocrx_word' id='word_1_512' title='bbox 1556 2418 1688 2459; x_wconf 89' lang='lat' dir='ltr'>unicus,</span> <span class='ocrx_word' id='word_1_513' title='bbox 1701 2419 1735 2450; x_wconf 95' lang='lat' dir='ltr'>in</span> 
     </span>
     <span class='ocr_line' id='line_1_93' title="bbox 1035 2466 1734 2508; baseline 0.007 -11"><span class='ocrx_word' id='word_1_514' title='bbox 1035 2466 1183 2507; x_wconf 88' lang='lat' dir='ltr'>antiquis</span> <span class='ocrx_word' id='word_1_515' title='bbox 1213 2466 1313 2498; x_wconf 89' lang='lat' dir='ltr'>codd.</span> <span class='ocrx_word' id='word_1_516' title='bbox 1349 2467 1493 2498; x_wconf 87' lang='lat' dir='ltr'>inveniri</span> <span class='ocrx_word' id='word_1_517' title='bbox 1529 2473 1658 2508; x_wconf 84' lang='lat' dir='ltr'>negat:</span> <span class='ocrx_word' id='word_1_518' title='bbox 1696 2475 1734 2502; x_wconf 86' lang='lat' dir='ltr'>et</span> 
     </span>
     <span class='ocr_line' id='line_1_94' title="bbox 1035 2517 1732 2559; baseline 0.007 -12"><span class='ocrx_word' id='word_1_519' title='bbox 1035 2517 1206 2548; x_wconf 90' lang='lat' dir='ltr'>obtrusam</span> <span class='ocrx_word' id='word_1_520' title='bbox 1225 2522 1369 2557; x_wconf 87' lang='lat' dir='ltr'>apparet</span> <span class='ocrx_word' id='word_1_521' title='bbox 1391 2517 1432 2548; x_wconf 89' lang='lat' dir='ltr'>ab</span> <span class='ocrx_word' id='word_1_522' title='bbox 1458 2517 1512 2558; x_wconf 83' lang='lat' dir='ltr'>iis,</span> <span class='ocrx_word' id='word_1_523' title='bbox 1539 2519 1597 2559; x_wconf 90' lang='lat' dir='ltr'>qui</span> <span class='ocrx_word' id='word_1_524' title='bbox 1623 2520 1732 2552; x_wconf 88' lang='lat' dir='ltr'>Justi-</span> 
     </span>
     <span class='ocr_line' id='line_1_95' title="bbox 1033 2567 1733 2611; baseline 0.007 -15"><span class='ocrx_word' id='word_1_525' title='bbox 1033 2576 1112 2597; x_wconf 90' lang='lat' dir='ltr'>num</span> <span class='ocrx_word' id='word_1_526' title='bbox 1125 2567 1213 2597; x_wconf 90' lang='lat' dir='ltr'>hunc</span> <span class='ocrx_word' id='word_1_527' title='bbox 1228 2567 1486 2607; x_wconf 84' lang='lat' dir='ltr'>epitomatorem</span> <span class='ocrx_word' id='word_1_528' title='bbox 1509 2568 1654 2600; x_wconf 90' lang='lat' dir='ltr'>eundem</span> <span class='ocrx_word' id='word_1_529' title='bbox 1671 2580 1733 2611; x_wconf 90' lang='lat' dir='ltr'>pu-</span> 
     </span>
     <span class='ocr_line' id='line_1_96' title="bbox 1033 2617 1730 2658; baseline 0.006 -10"><span class='ocrx_word' id='word_1_530' title='bbox 1033 2621 1150 2648; x_wconf 69' lang='lat' dir='ltr'>tarunt</span> <span class='ocrx_word' id='word_1_531' title='bbox 1175 2627 1250 2648; x_wconf 90' lang='lat' dir='ltr'>cum</span> <span class='ocrx_word' id='word_1_532' title='bbox 1280 2617 1338 2648; x_wconf 93' lang='lat' dir='ltr'>illo</span> <span class='ocrx_word' id='word_1_533' title='bbox 1362 2617 1560 2658; x_wconf 88' lang='lat' dir='ltr'>philosopho</span> <span class='ocrx_word' id='word_1_534' title='bbox 1583 2624 1618 2651; x_wconf 89' lang='lat' dir='ltr'>et</span> <span class='ocrx_word' id='word_1_535' title='bbox 1643 2631 1730 2652; x_wconf 91' lang='lat' dir='ltr'>mar-</span> 
     </span>
     <span class='ocr_line' id='line_1_97' title="bbox 1032 2667 1730 2709; baseline 0.009 -12"><span class='ocrx_word' id='word_1_536' title='bbox 1032 2672 1120 2708; x_wconf 87' lang='lat' dir='ltr'>tyre,</span> <span class='ocrx_word' id='word_1_537' title='bbox 1145 2668 1203 2709; x_wconf 87' lang='lat' dir='ltr'>qui</span> <span class='ocrx_word' id='word_1_538' title='bbox 1240 2677 1327 2698; x_wconf 88' lang='lat' dir='ltr'>anuo</span> <span class='ocrx_word' id='word_1_539' title='bbox 1360 2667 1437 2699; x_wconf 90' lang='lat' dir='ltr'>Chr.</span> <span class='ocrx_word' id='word_1_540' title='bbox 1470 2671 1543 2700; x_wconf 81' lang='lat'>153.</span> <span class='ocrx_word' id='word_1_541' title='bbox 1588 2670 1730 2704; x_wconf 90' lang='lat' dir='ltr'>Librum</span> 
     </span>
     <span class='ocr_line' id='line_1_98' title="bbox 1030 2716 1729 2758; baseline 0.007 -11"><span class='ocrx_word' id='word_1_542' title='bbox 1030 2716 1290 2757; x_wconf 85' lang='lat' dir='ltr'>Apologeticum</span> <span class='ocrx_word' id='word_1_543' title='bbox 1315 2726 1375 2757; x_wconf 87' lang='lat' dir='ltr'>pro</span> <span class='ocrx_word' id='word_1_544' title='bbox 1392 2717 1568 2758; x_wconf 81' lang='lat' dir='ltr'>Religione</span> <span class='ocrx_word' id='word_1_545' title='bbox 1586 2719 1729 2752; x_wconf 91' lang='lat' dir='ltr'>Christi-</span> 
     </span>
     <span class='ocr_line' id='line_1_99' title="bbox 1031 2765 1728 2807; baseline 0.009 -11"><span class='ocrx_word' id='word_1_546' title='bbox 1031 2776 1096 2796; x_wconf 89' lang='lat' dir='ltr'>ana</span> <span class='ocrx_word' id='word_1_547' title='bbox 1127 2766 1216 2807; x_wconf 90' lang='lat' dir='ltr'>Imp.</span> <span class='ocrx_word' id='word_1_548' title='bbox 1241 2765 1415 2797; x_wconf 85' lang='lat' dir='ltr'>Antonino</span> <span class='ocrx_word' id='word_1_549' title='bbox 1444 2766 1581 2799; x_wconf 90' lang='lat' dir='ltr'>obtulit.</span> <span class='ocrx_word' id='word_1_550' title='bbox 1626 2769 1674 2801; x_wconf 87' lang='lat' dir='ltr'>At</span> <span class='ocrx_word' id='word_1_551' title='bbox 1693 2770 1728 2802; x_wconf 81' lang='lat' dir='ltr'>hi</span> 
     </span>
     <span class='ocr_line' id='line_1_100' title="bbox 1028 2816 1728 2858; baseline 0.009 -11"><span class='ocrx_word' id='word_1_552' title='bbox 1028 2826 1095 2847; x_wconf 87' lang='lat' dir='ltr'>non</span> <span class='ocrx_word' id='word_1_553' title='bbox 1124 2816 1187 2847; x_wconf 90' lang='lat' dir='ltr'>nisi</span> <span class='ocrx_word' id='word_1_554' title='bbox 1215 2816 1349 2847; x_wconf 90' lang='lat' dir='ltr'>nomine</span> <span class='ocrx_word' id='word_1_555' title='bbox 1376 2817 1604 2858; x_wconf 87' lang='lat' dir='ltr'>conveniunt;</span> <span class='ocrx_word' id='word_1_556' title='bbox 1641 2821 1728 2853; x_wconf 88' lang='lat' dir='ltr'>alter</span> 
     </span>
     <span class='ocr_line' id='line_1_101' title="bbox 1029 2866 1727 2902; baseline 0.01 -6"><span class='ocrx_word' id='word_1_557' title='bbox 1029 2866 1242 2897; x_wconf 84' lang='lat' dir='ltr'>Christianus</span> <span class='ocrx_word' id='word_1_558' title='bbox 1259 2871 1295 2897; x_wconf 87' lang='lat' dir='ltr'>et</span> <span class='ocrx_word' id='word_1_559' title='bbox 1320 2867 1484 2899; x_wconf 58' lang='lat' dir='ltr'>Graecus:</span> <span class='ocrx_word' id='word_1_560' title='bbox 1510 2869 1656 2902; x_wconf 90' lang='lat' dir='ltr'>Gentilis</span> <span class='ocrx_word' id='word_1_561' title='bbox 1678 2873 1727 2902; x_wconf 90' lang='lat' dir='ltr'>al-</span> 
     </span>
     <span class='ocr_line' id='line_1_102' title="bbox 1029 2916 1724 2961; baseline 0.01 -13"><span class='ocrx_word' id='word_1_562' title='bbox 1029 2921 1081 2948; x_wconf 84' lang='lat' dir='ltr'>ter</span> <span class='ocrx_word' id='word_1_563' title='bbox 1096 2921 1132 2948; x_wconf 88' lang='lat' dir='ltr'>et</span> <span class='ocrx_word' id='word_1_564' title='bbox 1148 2916 1297 2950; x_wconf 83' lang='lat' dir='ltr'>Latinus.</span> <span class='ocrx_word' id='word_1_565' title='bbox 1341 2916 1443 2950; x_wconf 87' lang='lat' dir='ltr'>Adde</span> <span class='ocrx_word' id='word_1_566' title='bbox 1464 2919 1555 2961; x_wconf 89' lang='lat' dir='ltr'>quod</span> <span class='ocrx_word' id='word_1_567' title='bbox 1572 2919 1724 2956; x_wconf 86' lang='lat' dir='ltr'>oblatum</span> 
     </span>
    </p>
   </div>
  </div>
 </body>
</html>
