2174 3424
440 336 525 378 (524

441 442 530 472 enim
546 440 710 480 appellati
722 444 800 471 sunt
816 441 1027 482 ametropoli
1037 441 1139 482 Tyro,

440 501 514 532 quae
529 490 687 521 Hebraeis
702 490 790 521 Tsur
805 491 943 531 dicitur,
967 500 1043 522 cum
1060 491 1138 523 olim

439 542 693 582 appellarentur
719 541 873 581 Arimaei,
910 541 1064 573 Hesiodo
1101 548 1138 573 et

438 592 591 623 Homero
606 591 735 631 Arimi3
762 590 892 632 Assyrii
914 601 996 622 vero
1018 592 1052 622 in
1079 592 1137 623 Sa-

438 641 505 673 cris
535 642 676 673 Litteris
702 646 781 673 sunt
802 641 863 673 filii
886 641 1002 674 Assur.
1027 642 1137 674 Graev.

438 692 491 723 Id.
503 692 643 724 Salmas.
661 692 828 733 praedicto
842 693 918 723 loco
933 697 1035 733 putat
1047 693 1136 724 voci-

436 742 500 774 bus
529 743 744 784 transpositis
771 742 903 782 legend.
935 753 1021 783 esse,
1048 743 1136 784 Syri,

436 793 492 833 qui
504 797 612 833 postea
625 793 752 834 Assyrii
765 793 854 824 dicti.
901 793 1009 824 Nobis
1034 793 1136 824 lectio

437 844 577 882 vulgata
593 843 711 883 proba,
736 853 775 874 ac
799 847 870 874 tum
896 842 960 883 ipsi
975 841 1136 874 Auctoris

436 893 555 932 menti,
582 898 652 924 tum
668 903 801 935 quoque
818 893 968 933 veritati,
995 903 1135 925 consen-

437 947 537 973 tanea
552 943 699 975 videtur.
743 942 926 984 Antiquius
938 943 1072 974 omnino
1088 943 1134 974 vi-

435 993 510 1024 deri
523 993 627 1024 debet
639 993 808 1034 integrum
815 993 1025 1034 Assyriorum,
1035 1002 1134 1034 quam

435 1043 524 1084 quod
546 1053 589 1074 ex
606 1053 646 1075 eo
669 1043 884 1075 decurtatum
904 1049 955 1075 est
969 1044 1133 1085 Syrorum.

434 1093 481 1124 Et
494 1094 707 1134 exploratum
720 1103 856 1134 prorsus
869 1098 932 1133 est,
944 1094 1032 1124 unde
1047 1093 1134 1125 inte·

433 1153 530 1183 grum
543 1144 626 1175 illud
637 1145 799 1185 originem
817 1146 980 1184 traxerit;
997 1145 1098 1176 videl.
1114 1155 1134 1176 a

433 1194 568 1225 nomine
583 1195 593 1212 ‘
604 1195 761 1236 Assuris,'
773 1194 835 1226 filii
846 1195 949 1236 Semi,
959 1196 1015 1237 qui
1024 1196 1132 1236 regio-

432 1255 511 1277 nem
534 1256 621 1286 eam,
649 1257 726 1288 quae
743 1246 885 1288 Assyria
907 1246 1011 1288 dicta,
1032 1256 1131 1279 occu-

432 1296 541 1337 pavit.
570 1297 672 1329 Vorst.

479 1347 569 1378 CAP.
587 1356 642 1378 111.
667 1349 683 1388 ξ
698 1350 714 1378 1
732 1348 983 1388 Sardanapalus]
998 1347 1008 1365 ‘
1019 1347 1131 1379 Trice-

433 1396 535 1427 simus
548 1406 568 1426 a
578 1397 694 1437 Nin0,'
708 1397 817 1438 inquit
828 1397 932 1429 Diod.
978 1398 1027 1428 Ut
1039 1398 1131 1429 Veli.

431 1446 491 1478 lib.
507 1455 532 1477 1.
557 1448 566 1462 ‘
582 1447 720 1478 Tertius
737 1453 773 1478 et
790 1447 1006 1478 tricesimus!
1043 1447 1130 1478 Bon-

429 1505 516 1534 gars.
562 1495 658 1527 Alias
672 1496 681 1513 ‘
693 1497 1025 1527 Thonosconcoleros
1036 1495 1045 1509 ’
1061 1496 1132 1528 dic-

432 1550 500 1585 tus,
525 1550 612 1577 teste
635 1546 739 1577 unico
767 1547 798 1577 in
817 1546 942 1577 Chron.
965 1546 1129 1583 Eusebio,

432 1596 488 1636 qui
505 1606 580 1627 eum
594 1607 613 1627 a
626 1597 716 1628 Nino
732 1597 740 1613 ‘
756 1597 963 1628 tricesimum
978 1597 1130 1628 sextum'

430 1645 535 1678 facit:
563 1652 598 1678 at
614 1647 720 1678 Diod.
738 1657 778 1679 11.
802 1650 855 1679 23.
879 1648 887 1664 ‘
905 1647 1129 1679 tricesimum’

430 1701 585 1728 tautum:
610 1698 700 1728 Veli.
713 1707 737 1729 1.
753 1701 783 1729 6.
805 1697 965 1729 ‘tertium
982 1702 1018 1729 et
1031 1699 1130 1729 trice-

429 1747 571 1779 simum.'
615 1748 756 1779 Causam
770 1747 978 1779 diversitatis
991 1757 1010 1778 e
1023 1748 1129 1779 divini

428 1798 595 1840 Scaligeri
613 1799 654 1830 ad
667 1799 794 1830 Euseb.
818 1798 1021 1829 Animadvv.
1036 1799 1130 1830 colli-

432 1858 514 1889 gere
531 1853 603 1880 cst:
628 1849 684 1889 qui
701 1854 735 1879 et
751 1847 910 1887 affirmat,
926 1848 958 1878 iu
974 1848 1128 1879 omuibus

428 1899 522 1930 libris
548 1900 634 1930 Mss.
662 1908 722 1939 per
744 1899 912 1939 geminum
939 1899 962 1929 ll
983 1899 1127 1938 exprimi

429 1948 709 1988 Sardanapaumn;
742 1953 781 1979 ut
812 1953 953 1988 propter
981 1948 1126 1980 hominis

429 1999 677 2039 turpitudinem
701 1998 856 2029 obscoena
880 1998 924 2028 sit
948 1998 1066 2029 allusio
1083 1997 1126 2029 ad

427 2048 558 2085 παλλὸς,
575 2058 602 2079 s.
618 2047 748 2087 φαλλός.
795 2048 866 2079 Nos
889 2048 1033 2088 simplex
1048 2049 1059 2079 l
1076 2058 1127 2079 re-

428 2099 589 2138 tinemus,
604 2108 679 2130 cum
696 2108 816 2139 purum
829 2104 946 2138 putum
961 2097 1006 2128 sit
1023 2097 1125 2138 Assy-

424 2150 566 2189 riacum,
580 2149 676 2189 cujus
688 2149 854 2190 posterior
865 2149 986 2180 vocula
999 2148 1125 2188 legitur

427 2200 529 2231 etiam
546 2200 580 2230 in
596 2198 708 2230 medio
731 2199 865 2230 nomine
888 2198 977 2239 regis
993 2197 1123 2237 Assyrii

425 2250 775 2290 Teglath-phai-Esar.
813 2249 995 2280 Berneccer.
1054 2248 1120 2279 No-

426 2310 504 2331 men
521 2300 583 2331 hoc
606 2299 822 2340 Assyriorum
848 2299 937 2339 regis
962 2307 1029 2329 non
1045 2298 1122 2328 sim-

426 2350 519 2391 plex,
545 2350 605 2382 sed
632 2350 870 2390 compositum,
894 2348 1051 2386 videtui-3
1086 2352 1122 2379 et

426 2400 560 2441 quidem
604 2409 645 2430 ex
681 2400 690 2417 ‘
708 2399 814 2439 Esar,’
849 2400 859 2416 ‘
876 2398 1044 2430 Haddon’
1085 2402 1121 2429 et

425 2451 435 2467 ‘
454 2450 542 2481 Phul
554 2450 575 2481 :’
611 2455 754 2491 suntque
795 2451 934 2481 istarum
975 2449 1121 2480 nominis

425 2500 575 2541 partium
602 2501 634 2531 in
660 2501 742 2541 ipsis
769 2501 880 2531 Sacris
903 2499 1026 2531 Literis
1049 2508 1120 2530 ves-

425 2551 517 2591 tigia.
563 2552 609 2582 Et
631 2551 738 2591 prima
761 2551 896 2592 quidem
919 2551 1049 2581 illarum
1067 2554 1120 2581 est

424 2600 457 2631 in
472 2600 661 2632 nominibus
683 2602 692 2618 ‘
709 2600 947 2640 Salmaneser,'
967 2601 976 2617 ‘
991 2601 1119 2641 Tiglat-

422 2651 595 2691 phileser‚'
625 2655 661 2683 et
693 2652 702 2667 ‘
720 2651 941 2683 Esau-haddon
954 2651 975 2683 :'
1009 2652 1118 2682 altera

423 2701 457 2731 in
479 2701 552 2731 eod.
578 2701 637 2732 illo
660 2702 670 2719 ‘
689 2700 943 2732 Esarliaddonz’
965 2705 1000 2732 et
1015 2701 1118 2732 tertia

422 2751 568 2792 denique
578 2752 702 2792 legitur
712 2751 896 2792 separatim
906 2760 945 2783 11.
957 2751 1042 2792 Reg.
1055 2760 1116 2782 xv.

423 2803 474 2832 19.
490 2806 608 2842 estque
624 2802 725 2833 etiam
743 2802 776 2832 in
790 2801 954 2842 praedicto
967 2801 976 2818 ‘
988 2801 1116 2841 Tiglat-

421 2851 591 2891 pliilese1·.’
635 2852 680 2883 Et
696 2856 795 2892 putat
812 2852 863 2883 vir
875 2861 1021 2882 summus
1036 2851 1114 2882 Sar·

421 2902 623 2943 danapalum
653 2911 728 2934 esse
758 2902 867 2943 ipsum
895 2902 989 2934 illum
1016 2902 1113 2934 Esar-

901 347 1043 378 No'rAE
1076 348 1341 390 VARioRUM
1376 350 1423 380 1N

1186 440 1389 481 baddonem,
1411 442 1469 483 qui
1487 443 1521 473 iu
1544 443 1655 474 locutu
1680 444 1787 484 patris
1802 444 1885 475 San-

1186 490 1307 531 heribi,
1322 492 1364 522 ab
1380 492 1452 523 aliis
1469 495 1500 524 2.
1517 492 1594 524 filiis
1609 493 1796 534 interemti,
1810 504 1886 526 suc·
1911 495 1923 504 ⁶

1187 541 1300 571 cessit.
1329 542 1404 573 Vor.

1228 591 1281 630 §2
1304 590 1477 632 Arbactas]
1499 591 1656 625 Arbactus
1670 593 1789 634 inepte
1804 595 1887 634 legi-

1187 645 1242 672 tur
1252 650 1314 681 pro
1324 641 1476 674 Arbaces:
1499 648 1551 674 est
1563 643 1652 674 enim
1661 644 1797 675 Arbaces
1807 645 1883 677 Me-

1185 694 1318 734 dorum,
1343 694 1433 726 sicut
1455 696 1464 712 ‘
1480 694 1640 726 Arsaces'
1666 695 1884 736 Parthorum,

1184 753 1327 783 nomen;
1349 745 1413 775 nisi
1429 745 1502 786 quis
1515 746 1587 776 haec
1599 745 1702 777 etiam
1717 755 1771 786 ap.
1784 745 1884 777 Grae-

1184 804 1242 826 cos
1259 799 1318 826 aut
1334 799 1508 836 corrupta,
1533 799 1592 826 aut
1608 795 1752 836 variata,
1777 794 1884 827 fuisse

1184 845 1317 876 credat.
1344 846 1491 878 Glarean.
1535 845 1739 886 Praefectus,
1755 846 1812 887 qui
1827 846 1884 878 hic

1183 895 1353 936 Arbactus,
1374 896 1409 927 in
1423 896 1571 938 Prologo
1588 901 1642 928 est
1664 896 1674 914 ‘
1692 895 1846 928 Arbaces
1861 896 1884 928 :’

1182 945 1337 976 Diodoro
1347 954 1387 976 11.
1396 948 1448 977 24.
1459 945 1576 977 Strab.
1586 946 1610 976 l.
1623 954 1700 976 xw.
1713 945 1882 977 Athenaeo

1184 1004 1251 1027 ΧΠ.
1267 999 1299 1027 7.
1320 995 1446 1036 Agath.
1462 1005 1503 1028 11.
1518 994 1682 1037 Ἀρβάκης.
1708 997 1797 1027 Veli.
1809 1006 1834 1028 1.
1850 999 1882 1029 6.

1182 1046 1343 1077 mendose
1360 1047 1538 1078 Pharnaces
1552 1056 1612 1087 pro
1627 1046 1778 1077 Arvaces.
1795 1046 1883 1078 Oro-

1183 1096 1232 1127 sio
1249 1105 1273 1127 ι.
1297 1099 1347 1128 19.
1360 1101 1396 1128 et
1409 1105 1451 1128 11.
1468 1100 1499 1128 2.
1521 1097 1530 1114 ‘
1547 1095 1724 1128 Arbatus:
1757 1095 1882 1138 quem‚'

1181 1146 1304 1187 inquit,
1331 1147 1341 1164 ‘
1353 1146 1409 1177 alii
1426 1146 1595 1178 Arbacem
1605 1144 1754 1177 vocant?
1779 1146 1883 1185 Bong.

1182 1196 1336 1228 Macrob.
1349 1197 1384 1227 in
1400 1197 1514 1228 Somn.
1528 1196 1622 1236 Scip.
1637 1204 1676 1227 11.
1693 1198 1744 1227 10.
1769 1195 1883 1227 Nicol.

1182 1257 1236 1287 ap.
1264 1247 1380 1279 vales.
1407 1256 1442 1287 p.
1457 1249 1533 1278 425.
1556 1247 1739 1278 Berneccer.
1780 1245 1880 1278 Junt.

1180 1296 1333 1336 Arbacus,
1361 1297 1450 1338 quod
1467 1297 1608 1338 propius
1635 1306 1656 1327 a
1670 1305 1752 1327 vero
1770 1294 1880 1327 abest.

1179 1347 1362 1380 Scribend.
1378 1347 1480 1388 enim,
1490 1351 1529 1378 ut
1543 1347 1577 1378 in
1589 1347 1758 1387 Prologis‚
1773 1350 1810 1378 et
1823 1355 1881 1387 ap.

1181 1398 1263 1428 alios
1279 1398 1476 1438 scriptores,
1491 1406 1576 1438 quos
1593 1396 1712 1428 laudat
1726 1397 1882 1436 Bongar-

1181 1448 1264 1487 sius,
1292 1447 1440 1478 Arbaces.
1482 1447 1638 1480 ‚lustinus
1664 1456 1740 1478 cum
1767 1446 1880 1486 Trogo

1180 1496 1215 1528 in
1232 1497 1414 1528 Medorum
1427 1506 1561 1538 quoque
1577 1505 1696 1537 regno,
1721 1499 1760 1527 ut
1775 1495 1879 1536 pleri-

1180 1560 1246 1591 que
1261 1550 1330 1589 alii,
1352 1549 1504 1591 sequitur
1521 1548 1645 1580 Ctesi-2:
1661 1547 1762 1578 fidem
1778 1546 1881 1578 valde

1178 1600 1374 1639 sublestam,
1390 1609 1467 1630 cum
1483 1598 1631 1630 certiora
1645 1597 1726 1637 siut,
1742 1606 1815 1638 quae
1834 1595 1879 1627 de

1178 1649 1249 1690 huj.
1275 1649 1372 1691 regni
1396 1653 1472 1680 ortu
1499 1652 1535 1680 et
1560 1647 1740 1679 duratione
1767 1645 1875 1677 tradit

1180 1699 1311 1731 Herod.
1327 1709 1352 1730 1.
1365 1702 1417 1730 95.
1430 1704 1465 1731 et
1476 1708 1568 1740 seqq.
1613 1697 1783 1729 Nimirum
1799 1705 1878 1728 cum

1177 1748 1393 1789 Assyriorum
1413 1758 1555 1789 regnum
1570 1747 1740 1779 intestinis
1757 1747 1879 1778 tumul-

1178 1799 1269 1831 tibus
1286 1805 1472 1830 vexaretur
1487 1798 1529 1829 ob
1542 1798 1670 1828 caedem
1687 1796 1879 1828 Sennache-

1180 1848 1258 1888 ribi,
1282 1849 1325 1879 ab
1340 1848 1490 1888 Assyriis
1507 1846 1677 1878 defecisse
1690 1846 1824 1885 Medos,
1841 1849 1878 1877 et

1176 1908 1212 1929 se
1227 1899 1261 1929 in
1285 1898 1478 1930 libertatem
1500 1897 1708 1934 asseruisse3
1732 1904 1877 1936 cumque

1177 1948 1244 1978 suis
1268 1947 1413 1979 fuissent
1435 1947 1568 1988 legibus
1591 1946 1644 1977 usi
1667 1943 1877 1986 aliquamdiu

1176 1998 1247 2028 siue
1264 2006 1359 2038 rege,
1381 1997 1502 2038 legisse
1519 1996 1656 2027 tandem
1672 2004 1797 2035 regem,
1817 1993 1875 2034 qui

1175 2047 1287 2079 dictus
1303 2048 1347 2078 sit
1360 2047 1521 2086 Deioces,
1533 2045 1589 2086 qui
1602 2045 1780 2077 Ecbatana
1796 2053 1874 2076 con-

1175 2096 1312 2135 diderit,
1328 2102 1363 2128 et
1379 2105 1515 2136 regnum
1528 2104 1635 2136 usque
1648 2094 1690 2125 ad
1705 2093 1740 2126 fl.
1757 2094 1873 2135 Halyn

1175 2147 1371 2187 protulerit,
1394 2146 1449 2177 cui
1466 2145 1671 2177 successerit
1685 2144 1872 2176 Phraortes

1174 2198 1276 2238 filius,
1306 2198 1364 2240 qui
1386 2198 1510 2228 Persas
1540 2196 1720 2236 domuerit,
1742 2195 1802 2226 sed
1827 2195 1872 2227 ab

1173 2249 1323 2290 Assyriis
1340 2258 1447 2280 caesus
1468 2247 1586 2287 fuerit,
1610 2251 1744 2279 tantum
1760 2246 1873 2288 abest,

1172 2305 1210 2332 ut
1227 2305 1297 2332 tum
1314 2298 1418 2331 fuerit
1448 2299 1634 2330 extinctum
1652 2297 1870 2338 Assyriorum

1172 2360 1311 2392 regnum
1325 2361 1332 2381 :
1370 2349 1545 2380 Phraortis
1575 2347 1693 2388 filium,
1728 2347 1870 2378 Deiocis

1171 2403 1342 2440 nepotem,
1368 2398 1472 2429 fuisse
1495 2398 1695 2439 Cyaxarem,
1722 2397 1780 2438 qui
1807 2397 1869 2428 Ni-

1171 2459 1250 2480 num
1272 2449 1417 2489 ceperit,
1439 2453 1474 2479 et
1497 2447 1654 2488 Assyrios
1676 2446 1867 2478 domuerit:

1170 2500 1256 2530 hunc
1269 2499 1445 2539 excepisse
1456 2497 1631 2539 Astyagen
1643 2496 1867 2537 filium,quem

1171 2549 1278 2589 Cyrus
1291 2548 1547 2587 vicerit,deleto
1560 2556 1665 2588 regno
1677 2547 1869 2587 Medorum,

1169 2598 1258 2640 quod
1272 2598 1408 2630 steterit
1424 2600 1496 2629 150.
1509 2607 1635 2628 annos:
1651 2597 1724 2628 haec
1737 2597 1866 2628 Ctesia-

1168 2650 1220 2680 nis
1237 2649 1368 2680 veriora
1384 2658 1458 2680 esse
1474 2648 1591 2679 multis
1613 2647 1758 2679 adstruit
1773 2649 1865 2679 Mar-

1168 2701 1273 2732 sham.
1285 2701 1318 2732 in
1331 2700 1469 2732 Canone
1486 2699 1645 2731 Chronol.
1669 2698 1757 2730 Saec.
1771 2706 1862 2730 xvu.

1169 2751 1276 2782 Groev.

1208 2799 1357 2840 Arbaces]
1386 2799 1442 2831 Ita
1458 2799 1592 2832 omnino
1608 2796 1775 2830 scribend.
1793 2806 1861 2829 non

1165 2856 1278 2882 autem
1295 2850 1467 2883 Arbactus:
1489 2849 1522 2881 id
1534 2849 1609 2880 duae
1624 2848 1772 2880 rationes
1784 2857 1859 2879 sua-

1164 2900 1266 2935 dent:
1291 2900 1400 2943 prima
1419 2904 1472 2932 est
1495 2898 1584 2942 quod
1605 2897 1775 2931 Arbactus
1801 2897 1859 2929 de-
