2101 3419
700 370 748 402 IN
780 369 1052 402 JUS'rlNUM.

152 465 275 499 vocavit
311 466 345 503 ii,
361 470 393 502 8,
409 469 428 498 8
450 477 486 499 ex
502 465 626 498 nomine
642 466 773 508 alicujus
798 478 848 498 ur·

152 513 220 541 bem
235 510 367 540 condere
399 509 474 547 xliii,
503 513 532 545 1,
559 513 601 542 12
631 521 669 540 ex
695 511 849 551 promissis

152 564 220 594 pars
236 558 363 593 accepta
385 553 448 588 xiii,
463 555 495 588 7.
509 556 530 584 6
558 553 670 584 nobilis
685 563 722 583 ex
738 554 848 584 Mace·

152 596 286 627 donibus
298 595 476 626 adolescens
498 595 540 631 ix,
555 599 587 631 6,
601 597 621 626 4

194 638 365 668 Exacerbat
386 637 554 678 indignitas
581 637 759 679 injuriarum
792 637 848 668 ali-

151 691 244 722 quem
260 681 325 716 xlii,
342 683 372 716 1,
387 683 407 711 4
430 681 628 711 exacerbatus
644 679 716 710 hinc
738 691 768 716 x,
781 682 814 716 2,
829 684 847 711 5

195 723 324 753 Exactio
339 728 370 754 et
382 722 493 753 solutio
503 722 639 764 utrisque
654 722 786 754 difficilis
796 722 850 759 xii,

152 769 204 801 ll,
222 768 263 797 12

195 808 363 848 Exaequare
379 807 456 837 vires
469 808 600 848 partium
622 818 654 845 v,
665 810 698 844 2,
714 809 754 838 12
777 807 852 838 utri·

151 861 249 892 usque
276 850 391 880 ordinis
417 851 626 880 conditionem
668 849 740 886 xxii,
769 853 802 888 4,
828 854 848 882 5

152 898 312 933 ex-‹equato
324 892 461 922 omnium
471 891 542 932 jure
563 892 638 929 xliii,
655 895 685 929 l,
700 896 721 924 4

193 936 350 966 Exaestuat
363 946 381 965 e
395 940 473 966 terra
489 935 625 965 bitumen
658 935 680 971 i,
695 939 727 972 2,
743 939 762 967 '7
797 946 849 967 ex-

151 984 262 1010 testuat
275 978 436 1019 AEgyptus
450 978 576 1008 torrenti
599 978 706 1009 ardore
721 979 793 1009 solis
814 979 849 1015 ii,

150 1025 182 1059 1,
196 1024 238 1053 16

193 1063 280 1094 velut
293 1061 441 1093 Examine
452 1062 555 1103 aliquo
567 1061 674 1094 Asiam
683 1062 849 1105 implevere

150 1105 235 1137 Galli
258 1116 326 1141 xxv,
342 1108 373 1141 2,
388 1108 409 1136 8

194 1148 375 1178 Exanimare
386 1147 480 1178 feram
502 1158 552 1184 XV,
568 1151 600 1184 3,
615 1151 636 1179 8

192 1190 398 1220 Exardescere
412 1190 561 1231 (subaudi
577 1196 585 1208 ‘
597 1189 668 1229 ira')
689 1190 731 1228 xi,
745 1194 797 1228 10,
808 1192 847 1223 11

151 1232 288 1263 Freinsh.
303 1232 335 1262 in
352 1232 464 1262 bellum
487 1243 518 1269 v,
535 1236 587 1269 10,
603 1237 623 1264 6
656 1233 770 1264 bellum
797 1245 850 1264 ex-

150 1276 283 1306 ardescit
297 1275 335 1305 ab
351 1274 467 1311 Africa,
481 1285 518 1305 ex
532 1275 635 1306 Sicilia
657 1276 729 1312 xxii,
740 1281 772 1312 5,
787 1279 808 1307 6

195 1318 400 1348 Exauctorare
415 1318 488 1359 (pro
503 1318 674 1360 dimittere)
696 1319 748 1356 xii,
765 1321 818 1357 12,
828 1321 848 1351 7

150 1360 287 1391 Freinsh-

193 1403 347 1433 Exaudire
362 1402 508 1443 gemitum
534 1402 576 1438 iv,
593 1405 624 1439 l,
642 1405 682 1434 10

192 1445 350 1477 Excedere
363 1446 437 1487 (1100
452 1450 509 1481 est,
524 1444 708 1486 procedere)
733 1444 755 1482 i,
782 1448 814 1483 2,
829 1449 850 1478 6

149 1487 203 1527 (ut
211 1493 220 1506 ‘
229 1488 407 1524 excurrere‚'
416 1498 470 1528 pro
478 1498 664 1528 procurrere,
673 1489 756 1528 apud
764 1488 852 1520 Curt.

150 1531 196 1566 iii,
211 1534 242 1567 1,
259 1530 296 1571 3)
311 1530 335 1560 F
337 1531 449 1561 reinsh.
475 1535 592 1563 ceteros
607 1531 754 1562 excedere.
776 1532 850 1572 (pro

149 1572 350 1613 antecellere)
377 1573 441 1609 xiii,
464 1576 497 1609 2,
523 1576 542 1604 3
576 1573 679 1605 Vorst.
703 1576 850 1604 excedere

150 1625 247 1646 annos
263 1615 496 1656 quatuordecim
530 1626 580 1656 XV,
595 1618 627 1651 2,
652 1619 671 1647 3
702 1617 850 1647 excedere

150 1659 276 1688 modum
305 1658 438 1688 historiae
460 1658 582 1694 xxxviii,
598 1661 629 1694 3,
647 1661 684 1690 11
723 1660 849 1689 modum

150 1700 300 1741 propositi
316 1701 416 1741 operis
437 1701 513 1737 xliii,
529 1704 559 1737 l,
575 1703 596 1732 2
629 1700 770 1732 convivio
796 1712 850 1732 ex-

149 1742 241 1774 cessit
261 1742 302 1779 ix,
318 1747 350 1780 8,
367 1746 408 1774 16

196 1785 361 1816 Excellens
373 1785 532 1826 ingenium
555 1785 657 1822 xxxvi,
667 1788 699 1822 2,
715 1788 735 1817 6

191 1828 349 1859 Excellere
371 1828 449 1869 (1100
474 1834 532 1864 est,
558 1829 752 1864 antecellere,
775 1833 847 1860 ante

147 1870 229 1911 esse)
250 1870 314 1906 xiii,
329 1874 361 1907 2,
378 1873 396 1902 3
419 1870 444 1900 F
446 1871 557 1901 reinsh.

192 1913 353 1943 Excelsior
366 1913 525 1954 dignitatis
539 1913 624 1943 locus
638 1912 679 1949 xi,
693 1916 726 1951 5,
743 1916 760 1945 1

191 1955 341 1986 Excidere
363 1956 482 1997 sylvam
516 1956 538 1993 i,
558 1959 590 1992 6,
604 1958 625 1987 4
659 1956 761 1986 exciso
787 1954 847 1986 Ilio

146 2009 196 2034 xx,
216 2002 244 2034 l,
262 2002 302 2029 10

190 2040 353 2071 Excidium
367 2039 564 2070 finitimorum
586 2039 620 2076 ii,
634 2042 667 2076 4,
683 2043 703 2072 8
737 2040 848 2072 excidii

148 2089 232 2113 metu
246 2083 386 2114 civitates
400 2083 439 2114 ad
457 2083 529 2113 belli
554 2083 732 2114 societatem
757 2084 847 2125 pelli-

148 2136 216 2156 cere
237 2126 309 2162 xxii‚
331 2131 362 2162 5,
389 2130 408 2158 5
432 2126 517 2167 quod
539 2126 731 2166 sacrilegium
756 2137 848 2157 causa

148 2169 259 2199 excidii
274 2169 333 2199 fuit
353 2168 444 2204 xxxii,
460 2172 492 2205 3,
509 2171 547 2200 ll
571 2169 724 2199 excidium
740 2169 849 2200 minari

147 2211 212 2248 viii,
227 2215 260 2248 5,
274 2215 306 2243 2.
327 2211 369 2248 xi,
387 2214 438 2249 10,
454 2215 492 2243 11
517 2211 636 2242 excidia
658 2212 777 2242 urbium
805 2212 848 2249 xi,

149 2257 181 2290 3,
197 2257 217 2284 8

192 2295 342 2335 Excipere
368 2295 452 2327 vices
475 2295 606 2335 alicujus
644 2295 717 2337 (pro
756 2296 850 2327 alicui

149 2337 330 2378 succedere)
358 2338 400 2375 xi,
429 2342 462 2375 5,
488 2342 507 2370 7
545 2338 682 2369 Freinsh.
710 2339 849 2379 excipere

149 2380 282 2421 aliquem
299 2385 383 2421 tergo
405 2392 454 2417 xv,
469 2383 501 2416 4,
518 2383 560 2412 19
587 2382 726 2422 excipere
751 2387 849 2412 extre-

151 2433 215 2453 mos
231 2423 353 2463 spiritus
374 2423 430 2453 viri
450 2423 534 2459 xxiii,
556 2426 588 2460 2,
613 2427 633 2455 8
667 2424 770 2455 favore
794 2424 850 2454 ali-

150 2475 241 2506 quem
269 2465 409 2505 excipere
431 2465 531 2502 xxxiv,
547 2468 578 2501 3,
593 2469 614 2497 9
636 2467 737 2507 excipi
768 2466 848 2496 bello

150 2508 182 2544 ii,
197 2512 229 2545 5,
246 2512 278 2540 1.
315 2508 357 2544 xi,
383 2511 435 2544 10,
451 2511 504 2540 12.
525 2508 601 2544 xliii,
623 2512 655 2545 l,
672 2512 712 2540 10
749 2509 849 2549 excipi

150 2561 263 2591 magno
288 2550 402 2581 civium
429 2551 542 2591 gaudio
579 2551 621 2590 vi,
641 2555 672 2588 5,
696 2554 716 2582 8
749 2551 850 2592 excipi

151 2593 267 2633 majore
282 2593 394 2623 virtute
418 2593 577 2624 mulierum
600 2604 693 2634 quam
717 2595 850 2624 virorum

150 2646 220 2672 xxv,
248 2639 280 2672 4,
309 2639 330 2667 6
364 2636 500 2676 exceptis
527 2635 703 2667 vulneribus
746 2637 850 2673 xxxiii,

154 2681 187 2713 2,
201 2681 221 2709 4

194 2719 335 2751 Excitare
350 2720 495 2761 aliquem,
511 2725 546 2750 ut
570 2721 659 2752 armis
683 2721 853 2752 contendat

152 2764 251 2799 xxxix,
281 2767 314 2799 2,
340 2766 380 2794 10
413 2773 492 2804 aegre
517 2764 666 2795 excitatus
689 2765 730 2801 xi,
759 2767 811 2802 13,
831 2767 851 2796 2

152 2805 292 2836 excitatis
307 2805 454 2836 militibus
476 2806 599 2842 xxxviii,
615 2810 646 2843 8,
663 2810 681 2838 l

193 2848 321 2878 Excitus
334 2848 495 2890 repentino
511 2850 642 2880 tumultu
665 2849 698 2886 ii,
714 2852 746 2887 4,
761 2852 802 2883 22

194 2891 371 2924 Exclamare
393 2903 423 2929 v,
440 2894 491 2929 10,
509 2895 538 2924 1.
567 2892 643 2931 xliii,
658 2896 690 2930 5,
706 2896 727 2924 6

1485 358 1597 402 xlvii

938 467 1088 498 Exclusus
1107 467 1198 499 Nilus
1213 468 1476 511 (aggerationibus
1502 470 1597 511 puta)

895 509 928 546 li,
948 513 977 545 l,
992 514 1034 541 20
1057 511 1159 542 Vorst.

939 552 1086 583 Excolere
1102 554 1221 583 arbores
1244 555 1343 589 xxxvi,
1358 558 1390 590 3,
1417 557 1437 586 4
1471 554 1598 596 ingenia

897 595 980 625 omni
995 596 1135 626 doctrina
1149 597 1269 626 exculta
1302 597 1363 633 viii,
1380 601 1411 633 2,
1426 600 1467 628 12

939 636 1122 668 Excruciare
1137 639 1214 678 (hoc
1229 643 1286 673 est,
1302 640 1460 679 exquisitis
1478 640 1598 681 suppli-

897 679 952 710 ciis
991 680 1112 720 punire,
1146 681 1378 723 excamificare)
1414 682 1466 718 xii,
1493 687 1525 719 5,
1557 686 1593 714 11

896 721 1035 752 Freinsh.

939 764 1098 795 Excubare
1111 763 1191 806 (quo
1203 766 1341 802 reddam,
1354 766 1456 806 aptius
1470 767 1597 797 verbum

897 817 960 837 non
985 807 1114 848 reperio,
1138 818 1229 848 quam
1252 808 1327 838 illud
1356 814 1504 844 nostrum,
1528 820 1597 840 aus-

898 850 1034 888 warten)
1048 849 1113 886 viii,
1129 853 1160 885 4,
1174 853 1192 882 7
1217 850 1355 881 Freinsh.
1376 852 1526 882 excubare
1542 852 1597 882 ali-

897 893 963 923 enis
978 893 1112 928 sedibus,
1129 892 1170 922 ib.

939 934 1105 965 Excurrere
1120 935 1177 976 (de
1193 944 1242 971 eo,
1268 935 1322 975 qui
1347 935 1420 965 belli
1446 945 1539 965 causa
1565 936 1596 965 in

895 977 1110 1008 remotissimas
1122 982 1214 1008 terras
1225 977 1442 1020 proficiscitur)
1458 978 1521 1014 xiii,
1533 983 1564 1014 5,
1577 982 1595 1010 7

895 1019 1000 1051 Vorst.

939 1062 1093 1093 Excusare
1117 1062 1331 1093 necessitatem
1359 1061 1433 1092 belli
1461 1062 1511 1103 (id
1540 1069 1599 1100 est,

897 1105 1062 1136 excusandi
1078 1106 1124 1135 sui
1139 1115 1233 1135 causa
1247 1106 1459 1136 necessitatem
1472 1106 1599 1148 afferre)

896 1147 980 1183 xviii,
997 1150 1028 1184 7,
1043 1151 1084 1179 16
1110 1148 1213 1179 Vorst.

939 1190 1122 1221 Excusatius
1143 1190 1204 1226 xxi,
1223 1193 1252 1225 1,
1267 1192 1299 1221 4.
1322 1190 1414 1225 xxxii,
1430 1193 1462 1227 2,
1479 1192 1495 1221 1

941 1232 1093 1264 Excutere
1117 1232 1229 1274 jugum
1250 1233 1402 1263 servitutis
1428 1232 1598 1264 cervicibus

898 1286 948 1311 xV,
963 1278 995 1311 4,
1012 1278 1052 1306 12

941 1317 1081 1349 Execrari
1097 1317 1174 1359 (hoc
1188 1321 1245 1354 est,
1261 1317 1423 1351 detestari)
1451 1317 1515 1355 xiii,
1532 1321 1562 1355 1,
1578 1321 1597 1350 7

898 1359 1037 1391 Freinsh-

940 1402 1102 1433 Execratio
1118 1402 1195 1444 (hoc
1209 1407 1267 1438 est,
1291 1402 1433 1444 devotio)
1455 1402 1498 1438 iii,
1517 1405 1549 1438 4,
1567 1406 1599 1434 l.

899 1455 930 1481 v,
946 1448 977 1481 4,
1002 1448 1043 1477 14
1068 1445 1146 1487 (1100
1169 1455 1259 1475 sensu
1285 1445 1410 1475 Sallust.
1438 1445 1470 1474 in
1487 1445 1599 1487 Catil.)

903 1487 1036 1519 Freinsh.
1078 1488 1231 1519 execratio
1260 1487 1411 1518 Parthicae
1447 1488 1599 1529 superbiae

899 1530 1022 1566 xxxviii,
1038 1533 1090 1566 10,
1103 1534 1121 1562 5
1147 1530 1364 1571 parricidarum
1386 1530 1485 1567 xxxix,
1508 1534 1540 1567 3,
1557 1533 1597 1562 11

899 1573 1106 1603 execrationes
1129 1572 1272 1613 precibus
1296 1573 1418 1613 explere
1453 1584 1482 1609 ν,
1508 1576 1540 1609 4,
1557 1576 1600 1604 16

898 1615 1106 1646 execrationes
1136 1616 1283 1646 inauditae
1308 1616 1487 1656 ultimaeque
1517 1615 1600 1653 xxiv,

898 1661 929 1695 2,
946 1661 966 1689 8

939 1700 1123 1741 Exemplum
1139 1699 1292 1741 singulare
1317 1699 1452 1730 omnium
1469 1699 1599 1731 saeculo-

897 1753 963 1774 rum
991 1744 1167 1774 Amazones
1195 1742 1228 1779 ii,
1242 1746 1308 1780 4,6
1343 1742 1516 1783 fragilitatis
1542 1743 1601 1772 hu-

895 1796 995 1816 mauae
1022 1786 1169 1816 Seleucus
1196 1785 1267 1820 xvii,
1289 1789 1321 1821 2,
1346 1788 1365 1816 3
1404 1784 1544 1825 exemplo
1568 1789 1601 1815 et

896 1828 1091 1859 institutione
1107 1827 1210 1869 legum
1226 1838 1314 1868 aeque
1329 1828 1427 1858 clarus
1439 1828 1600 1868 Lycurgus

896 1871 939 1906 iii,
955 1873 986 1906 2,
1002 1874 1022 1902 7
1045 1871 1219 1911 exemplum
1244 1875 1377 1900 statuere
1399 1870 1483 1906 xviii,
1498 1873 1529 1906 7,
1558 1872 1598 1901 14

895 1914 999 1954 (quod
1035 1913 1139 1944 Plaut.
1165 1913 1197 1943 in
1225 1913 1365 1944 Mostell.
1394 1923 1471 1942 vers.
1502 1916 1599 1944 1108.

896 1956 1060 1996 ‘exempla
1073 1955 1184 1986 facere'
1214 1954 1307 1996 dixit)
1334 1954 1472 1985 Freinsh.
1497 1965 1599 1985 exem-

896 1998 982 2039 plum
995 1999 1027 2028 id
1042 1999 1139 2029 secuti
1156 1998 1270 2038 posteri
1284 1998 1305 2034 i,
1318 2000 1350 2033 2,
1367 2000 1407 2028 12
1424 1998 1598 2037 exemplum

896 2051 1006 2081 capere
1021 2052 1058 2071 ex
1079 2041 1195 2076 amicis,
1220 2041 1295 2081 quid
1320 2040 1460 2070 hostibus
1487 2050 1599 2070 caven-

896 2084 970 2113 dum
986 2084 1007 2120 i,
1026 2087 1078 2120 10,
1090 2086 1131 2115 18
1153 2084 1327 2124 exemplum
1343 2082 1474 2122 alicujus
1487 2082 1601 2112 imitari

895 2125 929 2162 ii,
946 2129 998 2163 12,
1016 2129 1054 2158 17
1078 2126 1219 2167 exemplo
1235 2127 1337 2166 legum
1353 2125 1452 2155 clarus
1473 2125 1517 2160 iii,
1531 2128 1563 2161 2,
1578 2128 1598 2157 7

897 2169 1038 2210 exemplo
1063 2169 1171 2209 prioris
1194 2168 1413 2199 dominationis
1434 2168 1512 2198 nihil
1540 2172 1600 2198 ter-

896 2211 953 2241 reri
989 2223 1020 2248 V,
1051 2215 1102 2247 10,
1132 2216 1150 2243 5
1189 2211 1330 2252 exemplo
1368 2210 1463 2251 patris
1491 2215 1601 2241 evocat

896 2254 1048 2290 civitates,
1075 2254 1137 2284 dux
1162 2258 1282 2285 creatur
1316 2253 1357 2289 xi,
1373 2256 1404 2289 2,
1421 2256 1451 2283 5.
1474 2253 1516 2288 xi,
1532 2255 1563 2288 3,
1579 2256 1599 2284 2

897 2297 936 2326 ad
952 2297 1125 2336 exemplum
1145 2301 1316 2326 ceterorum
1338 2296 1454 2326 humari
1475 2295 1525 2336 (id
1540 2301 1599 2332 est,

899 2344 933 2368 ut
955 2339 1049 2369 ceteri
1063 2339 1281 2379 intelligerent,
1306 2338 1382 2379 quid
1406 2338 1481 2378 ipsis
1505 2348 1599 2367 even-

897 2385 997 2411 turum
1013 2386 1105 2418 esset,
1130 2381 1155 2411 si
1175 2381 1253 2412 forte
1268 2381 1300 2410 in
1315 2380 1421 2421 praelio
1436 2379 1600 2420 caderent)

897 2422 939 2460 xi,
961 2427 992 2459 6,
1018 2427 1057 2455 13
1095 2424 1200 2455 Vorst.
1230 2423 1404 2463 exemplum
1433 2423 1599 2463 pessimum

898 2470 1030 2496 statuere
1045 2467 1077 2496 in
1093 2477 1125 2497 se
1140 2466 1200 2502 xiv,
1216 2469 1247 2501 1,
1264 2468 1304 2496 12
1320 2466 1493 2495 cavendum
1508 2465 1601 2495 alicui

898 2508 1071 2549 exemplum
1086 2509 1165 2545 xxix,
1178 2512 1209 2544 2,
1223 2513 1240 2540 5
1265 2507 1439 2548 exemplum
1455 2507 1601 2537 orationis

898 2551 1030 2581 inserere
1068 2551 1159 2582 alicui
1200 2551 1284 2591 operi
1334 2550 1458 2587 xxxviii,
1477 2553 1520 2589 ξ3,
1559 2553 1598 2581 11

898 2594 930 2624 id
956 2594 1130 2635 exemplum
1154 2593 1241 2634 sequi
1263 2592 1315 2629 xli,
1331 2595 1364 2628 4,
1380 2597 1399 2624 5

941 2635 1142 2667 Exenteratus
1157 2637 1245 2676 lepus
1267 2636 1288 2671 i,
1301 2639 1332 2671 5,
1344 2638 1385 2666 10

941 2678 1060 2719 Exequi
1078 2679 1209 2719 publicae
1224 2678 1379 2718 religionis
1393 2677 1495 2708 officia
1515 2677 1601 2715 xviii,

900 2724 968 2757 7,7
1005 2722 1154 2752 ultionem
1184 2722 1237 2751 diu
1266 2721 1403 2761 cupitam
1440 2720 1504 2756 xlii,
1530 2724 1561 2756 1,
1580 2725 1598 2751 5

901 2769 1030 2794 executo
1071 2764 1149 2806 regin
1181 2763 1309 2804 imperio
1349 2763 1504 2805 (passive)
1546 2762 1601 2800 vii,

903 2810 934 2843 ὃ,
952 2810 972 2838 2

946 2849 1093 2890 Exequiae
1115 2849 1156 2885 xi,
1181 2852 1213 2885 2,
1240 2852 1257 2880 1
1291 2848 1434 2889 exequias
1459 2847 1603 2888 prosequi

904 2893 946 2931 xl,
962 2896 1014 2931 12,
1029 2896 1050 2925 6
1071 2891 1266 2935 exequiarum
1281 2892 1415 2923 officium
1436 2890 1520 2928 xxiii,
1534 2893 1566 2928 2,
1583 2892 1603 2921 8
